Winamax Poker - Tournament "Expresso Nitro" buyIn: 1.86€ + 0.14€ level: 1 - HandId: #2698267500965003265-1-1675188124 - Holdem no limit (10/20) - 2023/01/31 18:02:04 UTC
Table: 'Expresso Nitro(628239359)#0' 3-max (real money) Seat #2 is the button
Seat 1: La piipe (300)
Seat 2: _SKR (300)
Seat 3: EnzoTeddy (300)
*** ANTE/BLINDS ***
EnzoTeddy posts small blind 10
La piipe posts big blind 20
Dealt to _SKR [2c 9s]
*** PRE-FLOP *** 
_SKR folds
EnzoTeddy calls 10
La piipe checks
*** FLOP *** [Ac 6s 5c]
EnzoTeddy checks
La piipe checks
*** TURN *** [Ac 6s 5c][Tc]
EnzoTeddy checks
La piipe checks
*** RIVER *** [Ac 6s 5c Tc][3d]
EnzoTeddy checks
La piipe checks
*** SHOW DOWN ***
EnzoTeddy shows [7s Js] (High card : Ace)
La piipe shows [3h 7d] (One pair : 3)
La piipe collected 40 from pot
*** SUMMARY ***
Total pot 40 | No rake
Board: [Ac 6s 5c Tc 3d]
Seat 1: La piipe (big blind) showed [3h 7d] and won 40 with One pair : 3
Seat 3: EnzoTeddy (small blind) showed [7s Js] and lost with High card : Ace


Winamax Poker - Tournament "Expresso Nitro" buyIn: 1.86€ + 0.14€ level: 1 - HandId: #2698267500965003265-2-1675188153 - Holdem no limit (10/20) - 2023/01/31 18:02:33 UTC
Table: 'Expresso Nitro(628239359)#0' 3-max (real money) Seat #3 is the button
Seat 1: La piipe (320)
Seat 2: _SKR (300)
Seat 3: EnzoTeddy (280)
*** ANTE/BLINDS ***
La piipe posts small blind 10
_SKR posts big blind 20
Dealt to _SKR [Jc 9c]
*** PRE-FLOP *** 
EnzoTeddy folds
La piipe folds
_SKR collected 30 from pot
*** SUMMARY ***
Total pot 30 | No rake
Seat 2: _SKR (big blind) won 30


Winamax Poker - Tournament "Expresso Nitro" buyIn: 1.86€ + 0.14€ level: 1 - HandId: #2698267500965003265-3-1675188164 - Holdem no limit (10/20) - 2023/01/31 18:02:44 UTC
Table: 'Expresso Nitro(628239359)#0' 3-max (real money) Seat #1 is the button
Seat 1: La piipe (310)
Seat 2: _SKR (310)
Seat 3: EnzoTeddy (280)
*** ANTE/BLINDS ***
_SKR posts small blind 10
EnzoTeddy posts big blind 20
Dealt to _SKR [Ks 3d]
*** PRE-FLOP *** 
La piipe folds
_SKR folds
EnzoTeddy collected 30 from pot
*** SUMMARY ***
Total pot 30 | No rake
Seat 3: EnzoTeddy (big blind) won 30


Winamax Poker - Tournament "Expresso Nitro" buyIn: 1.86€ + 0.14€ level: 1 - HandId: #2698267500965003265-4-1675188172 - Holdem no limit (10/20) - 2023/01/31 18:02:52 UTC
Table: 'Expresso Nitro(628239359)#0' 3-max (real money) Seat #2 is the button
Seat 1: La piipe (310)
Seat 2: _SKR (300)
Seat 3: EnzoTeddy (290)
*** ANTE/BLINDS ***
EnzoTeddy posts small blind 10
La piipe posts big blind 20
Dealt to _SKR [Jc 6d]
*** PRE-FLOP *** 
_SKR folds
EnzoTeddy calls 10
La piipe checks
*** FLOP *** [Jh Ks 8h]
EnzoTeddy bets 20
La piipe folds
EnzoTeddy collected 60 from pot
*** SUMMARY ***
Total pot 60 | No rake
Board: [Jh Ks 8h]
Seat 3: EnzoTeddy (small blind) won 60


Winamax Poker - Tournament "Expresso Nitro" buyIn: 1.86€ + 0.14€ level: 2 - HandId: #2698267500965003265-5-1675188188 - Holdem no limit (15/30) - 2023/01/31 18:03:08 UTC
Table: 'Expresso Nitro(628239359)#0' 3-max (real money) Seat #3 is the button
Seat 1: La piipe (290)
Seat 2: _SKR (300)
Seat 3: EnzoTeddy (310)
*** ANTE/BLINDS ***
La piipe posts small blind 15
_SKR posts big blind 30
Dealt to _SKR [Qd 8h]
*** PRE-FLOP *** 
EnzoTeddy raises 280 to 310 and is all-in
La piipe folds
_SKR folds
EnzoTeddy collected 355 from pot
*** SUMMARY ***
Total pot 355 | No rake
Seat 3: EnzoTeddy (button) won 355


Winamax Poker - Tournament "Expresso Nitro" buyIn: 1.86€ + 0.14€ level: 2 - HandId: #2698267500965003265-6-1675188198 - Holdem no limit (15/30) - 2023/01/31 18:03:18 UTC
Table: 'Expresso Nitro(628239359)#0' 3-max (real money) Seat #1 is the button
Seat 1: La piipe (275)
Seat 2: _SKR (270)
Seat 3: EnzoTeddy (355)
*** ANTE/BLINDS ***
_SKR posts small blind 15
EnzoTeddy posts big blind 30
Dealt to _SKR [2h 8c]
*** PRE-FLOP *** 
La piipe raises 245 to 275 and is all-in
_SKR folds
EnzoTeddy folds
La piipe collected 320 from pot
*** SUMMARY ***
Total pot 320 | No rake
Seat 1: La piipe (button) won 320


Winamax Poker - Tournament "Expresso Nitro" buyIn: 1.86€ + 0.14€ level: 2 - HandId: #2698267500965003265-7-1675188216 - Holdem no limit (15/30) - 2023/01/31 18:03:36 UTC
Table: 'Expresso Nitro(628239359)#0' 3-max (real money) Seat #2 is the button
Seat 1: La piipe (320)
Seat 2: _SKR (255)
Seat 3: EnzoTeddy (325)
*** ANTE/BLINDS ***
EnzoTeddy posts small blind 15
La piipe posts big blind 30
Dealt to _SKR [7c Ks]
*** PRE-FLOP *** 
_SKR raises 225 to 255 and is all-in
EnzoTeddy folds
La piipe folds
_SKR collected 300 from pot
*** SUMMARY ***
Total pot 300 | No rake
Seat 2: _SKR (button) won 300


Winamax Poker - Tournament "Expresso Nitro" buyIn: 1.86€ + 0.14€ level: 2 - HandId: #2698267500965003265-8-1675188232 - Holdem no limit (15/30) - 2023/01/31 18:03:52 UTC
Table: 'Expresso Nitro(628239359)#0' 3-max (real money) Seat #3 is the button
Seat 1: La piipe (290)
Seat 2: _SKR (300)
Seat 3: EnzoTeddy (310)
*** ANTE/BLINDS ***
La piipe posts small blind 15
_SKR posts big blind 30
Dealt to _SKR [6c 3d]
*** PRE-FLOP *** 
EnzoTeddy calls 30
La piipe raises 260 to 290 and is all-in
_SKR folds
EnzoTeddy folds
La piipe collected 350 from pot
*** SUMMARY ***
Total pot 350 | No rake
Seat 1: La piipe (small blind) won 350


Winamax Poker - Tournament "Expresso Nitro" buyIn: 1.86€ + 0.14€ level: 3 - HandId: #2698267500965003265-9-1675188248 - Holdem no limit (20/40) - 2023/01/31 18:04:08 UTC
Table: 'Expresso Nitro(628239359)#0' 3-max (real money) Seat #1 is the button
Seat 1: La piipe (350)
Seat 2: _SKR (270)
Seat 3: EnzoTeddy (280)
*** ANTE/BLINDS ***
_SKR posts small blind 20
EnzoTeddy posts big blind 40
Dealt to _SKR [8c 9d]
*** PRE-FLOP *** 
La piipe folds
_SKR folds
EnzoTeddy collected 60 from pot
*** SUMMARY ***
Total pot 60 | No rake
Seat 3: EnzoTeddy (big blind) won 60


Winamax Poker - Tournament "Expresso Nitro" buyIn: 1.86€ + 0.14€ level: 3 - HandId: #2698267500965003265-10-1675188258 - Holdem no limit (20/40) - 2023/01/31 18:04:18 UTC
Table: 'Expresso Nitro(628239359)#0' 3-max (real money) Seat #2 is the button
Seat 1: La piipe (350)
Seat 2: _SKR (250)
Seat 3: EnzoTeddy (300)
*** ANTE/BLINDS ***
EnzoTeddy posts small blind 20
La piipe posts big blind 40
Dealt to _SKR [4h Jc]
*** PRE-FLOP *** 
_SKR folds
EnzoTeddy calls 20
La piipe raises 310 to 350 and is all-in
EnzoTeddy calls 260 and is all-in
*** FLOP *** [8c 9d 6s]
*** TURN *** [8c 9d 6s][6h]
*** RIVER *** [8c 9d 6s 6h][7d]
*** SHOW DOWN ***
EnzoTeddy shows [Qd As] (One pair : 6)
La piipe shows [5c 5s] (Straight 9 high)
La piipe collected 650 from pot
*** SUMMARY ***
Total pot 650 | No rake
Board: [8c 9d 6s 6h 7d]
Seat 1: La piipe (big blind) showed [5c 5s] and won 650 with Straight 9 high
Seat 3: EnzoTeddy (small blind) showed [Qd As] and lost with One pair : 6


Winamax Poker - Tournament "Expresso Nitro" buyIn: 1.86€ + 0.14€ level: 3 - HandId: #2698267500965003265-11-1675188280 - Holdem no limit (20/40) - 2023/01/31 18:04:40 UTC
Table: 'Expresso Nitro(628239359)#0' 3-max (real money) Seat #1 is the button
Seat 1: La piipe (650)
Seat 2: _SKR (250)
*** ANTE/BLINDS ***
La piipe posts small blind 20
_SKR posts big blind 40
Dealt to _SKR [2h 6d]
*** PRE-FLOP *** 
La piipe folds
_SKR collected 60 from pot
*** SUMMARY ***
Total pot 60 | No rake
Seat 2: _SKR (big blind) won 60


Winamax Poker - Tournament "Expresso Nitro" buyIn: 1.86€ + 0.14€ level: 3 - HandId: #2698267500965003265-12-1675188288 - Holdem no limit (20/40) - 2023/01/31 18:04:48 UTC
Table: 'Expresso Nitro(628239359)#0' 3-max (real money) Seat #2 is the button
Seat 1: La piipe (630)
Seat 2: _SKR (270)
*** ANTE/BLINDS ***
_SKR posts small blind 20
La piipe posts big blind 40
Dealt to _SKR [7s 6h]
*** PRE-FLOP *** 
_SKR folds
La piipe collected 60 from pot
*** SUMMARY ***
Total pot 60 | No rake
Seat 1: La piipe (big blind) won 60


Winamax Poker - Tournament "Expresso Nitro" buyIn: 1.86€ + 0.14€ level: 3 - HandId: #2698267500965003265-13-1675188294 - Holdem no limit (20/40) - 2023/01/31 18:04:54 UTC
Table: 'Expresso Nitro(628239359)#0' 3-max (real money) Seat #1 is the button
Seat 1: La piipe (650)
Seat 2: _SKR (250)
*** ANTE/BLINDS ***
La piipe posts small blind 20
_SKR posts big blind 40
Dealt to _SKR [Ah Ac]
*** PRE-FLOP *** 
La piipe folds
_SKR collected 60 from pot
*** SUMMARY ***
Total pot 60 | No rake
Seat 2: _SKR (big blind) won 60


Winamax Poker - Tournament "Expresso Nitro" buyIn: 1.86€ + 0.14€ level: 4 - HandId: #2698267500965003265-14-1675188307 - Holdem no limit (30/60) - 2023/01/31 18:05:07 UTC
Table: 'Expresso Nitro(628239359)#0' 3-max (real money) Seat #2 is the button
Seat 1: La piipe (630)
Seat 2: _SKR (270)
*** ANTE/BLINDS ***
_SKR posts small blind 30
La piipe posts big blind 60
Dealt to _SKR [9s 5h]
*** PRE-FLOP *** 
_SKR folds
La piipe collected 90 from pot
*** SUMMARY ***
Total pot 90 | No rake
Seat 1: La piipe (big blind) won 90


Winamax Poker - Tournament "Expresso Nitro" buyIn: 1.86€ + 0.14€ level: 4 - HandId: #2698267500965003265-15-1675188312 - Holdem no limit (30/60) - 2023/01/31 18:05:12 UTC
Table: 'Expresso Nitro(628239359)#0' 3-max (real money) Seat #1 is the button
Seat 1: La piipe (660)
Seat 2: _SKR (240)
*** ANTE/BLINDS ***
La piipe posts small blind 30
_SKR posts big blind 60
Dealt to _SKR [8d Kc]
*** PRE-FLOP *** 
La piipe folds
_SKR collected 90 from pot
*** SUMMARY ***
Total pot 90 | No rake
Seat 2: _SKR (big blind) won 90


Winamax Poker - Tournament "Expresso Nitro" buyIn: 1.86€ + 0.14€ level: 4 - HandId: #2698267500965003265-16-1675188316 - Holdem no limit (30/60) - 2023/01/31 18:05:16 UTC
Table: 'Expresso Nitro(628239359)#0' 3-max (real money) Seat #2 is the button
Seat 1: La piipe (630)
Seat 2: _SKR (270)
*** ANTE/BLINDS ***
_SKR posts small blind 30
La piipe posts big blind 60
Dealt to _SKR [8h 5s]
*** PRE-FLOP *** 
_SKR folds
La piipe collected 90 from pot
*** SUMMARY ***
Total pot 90 | No rake
Seat 1: La piipe (big blind) won 90


Winamax Poker - Tournament "Expresso Nitro" buyIn: 1.86€ + 0.14€ level: 4 - HandId: #2698267500965003265-17-1675188322 - Holdem no limit (30/60) - 2023/01/31 18:05:22 UTC
Table: 'Expresso Nitro(628239359)#0' 3-max (real money) Seat #1 is the button
Seat 1: La piipe (660)
Seat 2: _SKR (240)
*** ANTE/BLINDS ***
La piipe posts small blind 30
_SKR posts big blind 60
Dealt to _SKR [7s 4s]
*** PRE-FLOP *** 
La piipe raises 600 to 660 and is all-in
_SKR folds
La piipe collected 720 from pot
*** SUMMARY ***
Total pot 720 | No rake
Seat 1: La piipe (small blind) (button) won 720


Winamax Poker - Tournament "Expresso Nitro" buyIn: 1.86€ + 0.14€ level: 4 - HandId: #2698267500965003265-18-1675188345 - Holdem no limit (30/60) - 2023/01/31 18:05:45 UTC
Table: 'Expresso Nitro(628239359)#0' 3-max (real money) Seat #2 is the button
Seat 1: La piipe (720)
Seat 2: _SKR (180)
*** ANTE/BLINDS ***
_SKR posts small blind 30
La piipe posts big blind 60
Dealt to _SKR [7d Tc]
*** PRE-FLOP *** 
_SKR raises 120 to 180 and is all-in
La piipe calls 120
*** FLOP *** [6s 9d 2d]
*** TURN *** [6s 9d 2d][4h]
*** RIVER *** [6s 9d 2d 4h][8h]
*** SHOW DOWN ***
La piipe shows [Ad 4d] (One pair : 4)
_SKR shows [7d Tc] (Straight Ten high)
_SKR collected 360 from pot
*** SUMMARY ***
Total pot 360 | No rake
Board: [6s 9d 2d 4h 8h]
Seat 1: La piipe (big blind) showed [Ad 4d] and lost with One pair : 4
Seat 2: _SKR (small blind) (button) showed [7d Tc] and won 360 with Straight Ten high


Winamax Poker - Tournament "Expresso Nitro" buyIn: 1.86€ + 0.14€ level: 5 - HandId: #2698267500965003265-19-1675188362 - Holdem no limit (40/80) - 2023/01/31 18:06:02 UTC
Table: 'Expresso Nitro(628239359)#0' 3-max (real money) Seat #1 is the button
Seat 1: La piipe (540)
Seat 2: _SKR (360)
*** ANTE/BLINDS ***
La piipe posts small blind 40
_SKR posts big blind 80
Dealt to _SKR [Qh 9d]
*** PRE-FLOP *** 
La piipe folds
_SKR collected 120 from pot
*** SUMMARY ***
Total pot 120 | No rake
Seat 2: _SKR (big blind) won 120


Winamax Poker - Tournament "Expresso Nitro" buyIn: 1.86€ + 0.14€ level: 5 - HandId: #2698267500965003265-20-1675188367 - Holdem no limit (40/80) - 2023/01/31 18:06:07 UTC
Table: 'Expresso Nitro(628239359)#0' 3-max (real money) Seat #2 is the button
Seat 1: La piipe (500)
Seat 2: _SKR (400)
*** ANTE/BLINDS ***
_SKR posts small blind 40
La piipe posts big blind 80
Dealt to _SKR [Jc Kh]
*** PRE-FLOP *** 
_SKR raises 320 to 400 and is all-in
La piipe folds
_SKR collected 480 from pot
*** SUMMARY ***
Total pot 480 | No rake
Seat 2: _SKR (small blind) (button) won 480


Winamax Poker - Tournament "Expresso Nitro" buyIn: 1.86€ + 0.14€ level: 5 - HandId: #2698267500965003265-21-1675188377 - Holdem no limit (40/80) - 2023/01/31 18:06:17 UTC
Table: 'Expresso Nitro(628239359)#0' 3-max (real money) Seat #1 is the button
Seat 1: La piipe (420)
Seat 2: _SKR (480)
*** ANTE/BLINDS ***
La piipe posts small blind 40
_SKR posts big blind 80
Dealt to _SKR [5c Tc]
*** PRE-FLOP *** 
La piipe raises 340 to 420 and is all-in
_SKR folds
La piipe collected 500 from pot
*** SUMMARY ***
Total pot 500 | No rake
Seat 1: La piipe (small blind) (button) won 500


Winamax Poker - Tournament "Expresso Nitro" buyIn: 1.86€ + 0.14€ level: 5 - HandId: #2698267500965003265-22-1675188392 - Holdem no limit (40/80) - 2023/01/31 18:06:32 UTC
Table: 'Expresso Nitro(628239359)#0' 3-max (real money) Seat #2 is the button
Seat 1: La piipe (500)
Seat 2: _SKR (400)
*** ANTE/BLINDS ***
_SKR posts small blind 40
La piipe posts big blind 80
Dealt to _SKR [9c As]
*** PRE-FLOP *** 
_SKR raises 320 to 400 and is all-in
La piipe folds
_SKR collected 480 from pot
*** SUMMARY ***
Total pot 480 | No rake
Seat 2: _SKR (small blind) (button) won 480


Winamax Poker - Tournament "Expresso Nitro" buyIn: 1.86€ + 0.14€ level: 5 - HandId: #2698267500965003265-23-1675188413 - Holdem no limit (40/80) - 2023/01/31 18:06:53 UTC
Table: 'Expresso Nitro(628239359)#0' 3-max (real money) Seat #1 is the button
Seat 1: La piipe (420)
Seat 2: _SKR (480)
*** ANTE/BLINDS ***
La piipe posts small blind 40
_SKR posts big blind 80
Dealt to _SKR [Kd Jh]
*** PRE-FLOP *** 
La piipe raises 340 to 420 and is all-in
_SKR calls 340
*** FLOP *** [Qc 2h 2s]
*** TURN *** [Qc 2h 2s][Js]
*** RIVER *** [Qc 2h 2s Js][6s]
*** SHOW DOWN ***
La piipe shows [3s 3d] (Two pairs : 3 and 2)
_SKR shows [Kd Jh] (Two pairs : Jacks and 2)
_SKR collected 840 from pot
*** SUMMARY ***
Total pot 840 | No rake
Board: [Qc 2h 2s Js 6s]
Seat 1: La piipe (small blind) (button) showed [3s 3d] and lost with Two pairs : 3 and 2
Seat 2: _SKR (big blind) showed [Kd Jh] and won 840 with Two pairs : Jacks and 2


