Winamax Poker - Tournament "Expresso Nitro" buyIn: 1.86€ + 0.14€ level: 1 - HandId: #2683161534049288193-1-1674237283 - Holdem no limit (10/20) - 2023/01/20 17:54:43 UTC
Table: 'Expresso Nitro(624722227)#0' 3-max (real money) Seat #2 is the button
Seat 1: HERON-CALL (300)
Seat 2: _SKR (300)
Seat 3: Tortueninja9 (300)
*** ANTE/BLINDS ***
Tortueninja9 posts small blind 10
HERON-CALL posts big blind 20
Dealt to _SKR [Jd 9c]
*** PRE-FLOP *** 
_SKR folds
Tortueninja9 folds
HERON-CALL collected 30 from pot
*** SUMMARY ***
Total pot 30 | No rake
Seat 1: HERON-CALL (big blind) won 30


Winamax Poker - Tournament "Expresso Nitro" buyIn: 1.86€ + 0.14€ level: 1 - HandId: #2683161534049288193-2-1674237288 - Holdem no limit (10/20) - 2023/01/20 17:54:48 UTC
Table: 'Expresso Nitro(624722227)#0' 3-max (real money) Seat #3 is the button
Seat 1: HERON-CALL (310)
Seat 2: _SKR (300)
Seat 3: Tortueninja9 (290)
*** ANTE/BLINDS ***
HERON-CALL posts small blind 10
_SKR posts big blind 20
Dealt to _SKR [3s 4d]
*** PRE-FLOP *** 
Tortueninja9 folds
HERON-CALL folds
_SKR collected 30 from pot
*** SUMMARY ***
Total pot 30 | No rake
Seat 2: _SKR (big blind) won 30


Winamax Poker - Tournament "Expresso Nitro" buyIn: 1.86€ + 0.14€ level: 1 - HandId: #2683161534049288193-3-1674237293 - Holdem no limit (10/20) - 2023/01/20 17:54:53 UTC
Table: 'Expresso Nitro(624722227)#0' 3-max (real money) Seat #1 is the button
Seat 1: HERON-CALL (300)
Seat 2: _SKR (310)
Seat 3: Tortueninja9 (290)
*** ANTE/BLINDS ***
_SKR posts small blind 10
Tortueninja9 posts big blind 20
Dealt to _SKR [2c Ts]
*** PRE-FLOP *** 
HERON-CALL folds
_SKR folds
Tortueninja9 collected 30 from pot
*** SUMMARY ***
Total pot 30 | No rake
Seat 3: Tortueninja9 (big blind) won 30


Winamax Poker - Tournament "Expresso Nitro" buyIn: 1.86€ + 0.14€ level: 1 - HandId: #2683161534049288193-4-1674237297 - Holdem no limit (10/20) - 2023/01/20 17:54:57 UTC
Table: 'Expresso Nitro(624722227)#0' 3-max (real money) Seat #2 is the button
Seat 1: HERON-CALL (300)
Seat 2: _SKR (300)
Seat 3: Tortueninja9 (300)
*** ANTE/BLINDS ***
Tortueninja9 posts small blind 10
HERON-CALL posts big blind 20
Dealt to _SKR [7h Jh]
*** PRE-FLOP *** 
_SKR raises 20 to 40
Tortueninja9 folds
HERON-CALL folds
_SKR collected 70 from pot
*** SUMMARY ***
Total pot 70 | No rake
Seat 2: _SKR (button) won 70


Winamax Poker - Tournament "Expresso Nitro" buyIn: 1.86€ + 0.14€ level: 1 - HandId: #2683161534049288193-5-1674237327 - Holdem no limit (10/20) - 2023/01/20 17:55:27 UTC
Table: 'Expresso Nitro(624722227)#0' 3-max (real money) Seat #3 is the button
Seat 1: HERON-CALL (280)
Seat 2: _SKR (330)
Seat 3: Tortueninja9 (290)
*** ANTE/BLINDS ***
HERON-CALL posts small blind 10
_SKR posts big blind 20
Dealt to _SKR [5d 7s]
*** PRE-FLOP *** 
Tortueninja9 calls 20
HERON-CALL folds
_SKR checks
*** FLOP *** [9d 5h As]
_SKR checks
Tortueninja9 checks
*** TURN *** [9d 5h As][Jc]
_SKR checks
Tortueninja9 checks
*** RIVER *** [9d 5h As Jc][3d]
_SKR checks
Tortueninja9 checks
*** SHOW DOWN ***
Tortueninja9 shows [6s Qs] (High card : Ace)
_SKR shows [5d 7s] (One pair : 5)
_SKR collected 50 from pot
*** SUMMARY ***
Total pot 50 | No rake
Board: [9d 5h As Jc 3d]
Seat 2: _SKR (big blind) showed [5d 7s] and won 50 with One pair : 5
Seat 3: Tortueninja9 (button) showed [6s Qs] and lost with High card : Ace


Winamax Poker - Tournament "Expresso Nitro" buyIn: 1.86€ + 0.14€ level: 2 - HandId: #2683161534049288193-6-1674237346 - Holdem no limit (15/30) - 2023/01/20 17:55:46 UTC
Table: 'Expresso Nitro(624722227)#0' 3-max (real money) Seat #1 is the button
Seat 1: HERON-CALL (270)
Seat 2: _SKR (360)
Seat 3: Tortueninja9 (270)
*** ANTE/BLINDS ***
_SKR posts small blind 15
Tortueninja9 posts big blind 30
Dealt to _SKR [6c Th]
*** PRE-FLOP *** 
HERON-CALL folds
_SKR folds
Tortueninja9 collected 45 from pot
*** SUMMARY ***
Total pot 45 | No rake
Seat 3: Tortueninja9 (big blind) won 45


Winamax Poker - Tournament "Expresso Nitro" buyIn: 1.86€ + 0.14€ level: 2 - HandId: #2683161534049288193-7-1674237351 - Holdem no limit (15/30) - 2023/01/20 17:55:51 UTC
Table: 'Expresso Nitro(624722227)#0' 3-max (real money) Seat #2 is the button
Seat 1: HERON-CALL (270)
Seat 2: _SKR (345)
Seat 3: Tortueninja9 (285)
*** ANTE/BLINDS ***
Tortueninja9 posts small blind 15
HERON-CALL posts big blind 30
Dealt to _SKR [3d Tc]
*** PRE-FLOP *** 
_SKR folds
Tortueninja9 folds
HERON-CALL collected 45 from pot
*** SUMMARY ***
Total pot 45 | No rake
Seat 1: HERON-CALL (big blind) won 45


Winamax Poker - Tournament "Expresso Nitro" buyIn: 1.86€ + 0.14€ level: 2 - HandId: #2683161534049288193-8-1674237356 - Holdem no limit (15/30) - 2023/01/20 17:55:56 UTC
Table: 'Expresso Nitro(624722227)#0' 3-max (real money) Seat #3 is the button
Seat 1: HERON-CALL (285)
Seat 2: _SKR (345)
Seat 3: Tortueninja9 (270)
*** ANTE/BLINDS ***
HERON-CALL posts small blind 15
_SKR posts big blind 30
Dealt to _SKR [6h 7c]
*** PRE-FLOP *** 
Tortueninja9 folds
HERON-CALL calls 15
_SKR checks
*** FLOP *** [Ac 2s 3s]
HERON-CALL checks
_SKR checks
*** TURN *** [Ac 2s 3s][9c]
HERON-CALL checks
_SKR bets 30
HERON-CALL calls 30
*** RIVER *** [Ac 2s 3s 9c][4d]
HERON-CALL checks
_SKR bets 60
HERON-CALL folds
_SKR collected 180 from pot
*** SUMMARY ***
Total pot 180 | No rake
Board: [Ac 2s 3s 9c 4d]
Seat 2: _SKR (big blind) won 180


Winamax Poker - Tournament "Expresso Nitro" buyIn: 1.86€ + 0.14€ level: 2 - HandId: #2683161534049288193-9-1674237381 - Holdem no limit (15/30) - 2023/01/20 17:56:21 UTC
Table: 'Expresso Nitro(624722227)#0' 3-max (real money) Seat #1 is the button
Seat 1: HERON-CALL (225)
Seat 2: _SKR (405)
Seat 3: Tortueninja9 (270)
*** ANTE/BLINDS ***
_SKR posts small blind 15
Tortueninja9 posts big blind 30
Dealt to _SKR [4c 7c]
*** PRE-FLOP *** 
HERON-CALL raises 30 to 60
_SKR folds
Tortueninja9 calls 30
*** FLOP *** [9h 5c 8s]
Tortueninja9 checks
HERON-CALL bets 60
Tortueninja9 calls 60
*** TURN *** [9h 5c 8s][7h]
Tortueninja9 checks
HERON-CALL bets 105 and is all-in
Tortueninja9 calls 105
*** RIVER *** [9h 5c 8s 7h][Qd]
*** SHOW DOWN ***
HERON-CALL shows [Ac As] (One pair : Aces)
Tortueninja9 shows [8h 6h] (Straight 9 high)
Tortueninja9 collected 465 from pot
*** SUMMARY ***
Total pot 465 | No rake
Board: [9h 5c 8s 7h Qd]
Seat 1: HERON-CALL (button) showed [Ac As] and lost with One pair : Aces
Seat 3: Tortueninja9 (big blind) showed [8h 6h] and won 465 with Straight 9 high


Winamax Poker - Tournament "Expresso Nitro" buyIn: 1.86€ + 0.14€ level: 3 - HandId: #2683161534049288193-10-1674237407 - Holdem no limit (20/40) - 2023/01/20 17:56:47 UTC
Table: 'Expresso Nitro(624722227)#0' 3-max (real money) Seat #3 is the button
Seat 2: _SKR (390)
Seat 3: Tortueninja9 (510)
*** ANTE/BLINDS ***
Tortueninja9 posts small blind 20
_SKR posts big blind 40
Dealt to _SKR [Ts 9s]
*** PRE-FLOP *** 
Tortueninja9 folds
_SKR collected 60 from pot
*** SUMMARY ***
Total pot 60 | No rake
Seat 2: _SKR (big blind) won 60


Winamax Poker - Tournament "Expresso Nitro" buyIn: 1.86€ + 0.14€ level: 3 - HandId: #2683161534049288193-11-1674237411 - Holdem no limit (20/40) - 2023/01/20 17:56:51 UTC
Table: 'Expresso Nitro(624722227)#0' 3-max (real money) Seat #2 is the button
Seat 2: _SKR (410)
Seat 3: Tortueninja9 (490)
*** ANTE/BLINDS ***
_SKR posts small blind 20
Tortueninja9 posts big blind 40
Dealt to _SKR [4c Js]
*** PRE-FLOP *** 
_SKR folds
Tortueninja9 collected 60 from pot
*** SUMMARY ***
Total pot 60 | No rake
Seat 3: Tortueninja9 (big blind) won 60


Winamax Poker - Tournament "Expresso Nitro" buyIn: 1.86€ + 0.14€ level: 3 - HandId: #2683161534049288193-12-1674237414 - Holdem no limit (20/40) - 2023/01/20 17:56:54 UTC
Table: 'Expresso Nitro(624722227)#0' 3-max (real money) Seat #3 is the button
Seat 2: _SKR (390)
Seat 3: Tortueninja9 (510)
*** ANTE/BLINDS ***
Tortueninja9 posts small blind 20
_SKR posts big blind 40
Dealt to _SKR [Tc 9h]
*** PRE-FLOP *** 
Tortueninja9 folds
_SKR collected 60 from pot
*** SUMMARY ***
Total pot 60 | No rake
Seat 2: _SKR (big blind) won 60


Winamax Poker - Tournament "Expresso Nitro" buyIn: 1.86€ + 0.14€ level: 3 - HandId: #2683161534049288193-13-1674237419 - Holdem no limit (20/40) - 2023/01/20 17:56:59 UTC
Table: 'Expresso Nitro(624722227)#0' 3-max (real money) Seat #2 is the button
Seat 2: _SKR (410)
Seat 3: Tortueninja9 (490)
*** ANTE/BLINDS ***
_SKR posts small blind 20
Tortueninja9 posts big blind 40
Dealt to _SKR [6d 7c]
*** PRE-FLOP *** 
_SKR folds
Tortueninja9 collected 60 from pot
*** SUMMARY ***
Total pot 60 | No rake
Seat 3: Tortueninja9 (big blind) won 60


Winamax Poker - Tournament "Expresso Nitro" buyIn: 1.86€ + 0.14€ level: 3 - HandId: #2683161534049288193-14-1674237423 - Holdem no limit (20/40) - 2023/01/20 17:57:03 UTC
Table: 'Expresso Nitro(624722227)#0' 3-max (real money) Seat #3 is the button
Seat 2: _SKR (390)
Seat 3: Tortueninja9 (510)
*** ANTE/BLINDS ***
Tortueninja9 posts small blind 20
_SKR posts big blind 40
Dealt to _SKR [Kh 7s]
*** PRE-FLOP *** 
Tortueninja9 folds
_SKR collected 60 from pot
*** SUMMARY ***
Total pot 60 | No rake
Seat 2: _SKR (big blind) won 60


Winamax Poker - Tournament "Expresso Nitro" buyIn: 1.86€ + 0.14€ level: 3 - HandId: #2683161534049288193-15-1674237428 - Holdem no limit (20/40) - 2023/01/20 17:57:08 UTC
Table: 'Expresso Nitro(624722227)#0' 3-max (real money) Seat #2 is the button
Seat 2: _SKR (410)
Seat 3: Tortueninja9 (490)
*** ANTE/BLINDS ***
_SKR posts small blind 20
Tortueninja9 posts big blind 40
Dealt to _SKR [Ts 4d]
*** PRE-FLOP *** 
_SKR folds
Tortueninja9 collected 60 from pot
*** SUMMARY ***
Total pot 60 | No rake
Seat 3: Tortueninja9 (big blind) won 60


Winamax Poker - Tournament "Expresso Nitro" buyIn: 1.86€ + 0.14€ level: 3 - HandId: #2683161534049288193-16-1674237432 - Holdem no limit (20/40) - 2023/01/20 17:57:12 UTC
Table: 'Expresso Nitro(624722227)#0' 3-max (real money) Seat #3 is the button
Seat 2: _SKR (390)
Seat 3: Tortueninja9 (510)
*** ANTE/BLINDS ***
Tortueninja9 posts small blind 20
_SKR posts big blind 40
Dealt to _SKR [Qh 2h]
*** PRE-FLOP *** 
Tortueninja9 raises 60 to 100
_SKR folds
Tortueninja9 collected 140 from pot
*** SUMMARY ***
Total pot 140 | No rake
Seat 3: Tortueninja9 (small blind) (button) won 140


Winamax Poker - Tournament "Expresso Nitro" buyIn: 1.86€ + 0.14€ level: 3 - HandId: #2683161534049288193-17-1674237440 - Holdem no limit (20/40) - 2023/01/20 17:57:20 UTC
Table: 'Expresso Nitro(624722227)#0' 3-max (real money) Seat #2 is the button
Seat 2: _SKR (350)
Seat 3: Tortueninja9 (550)
*** ANTE/BLINDS ***
_SKR posts small blind 20
Tortueninja9 posts big blind 40
Dealt to _SKR [3c Kd]
*** PRE-FLOP *** 
_SKR raises 310 to 350 and is all-in
Tortueninja9 folds
_SKR collected 390 from pot
*** SUMMARY ***
Total pot 390 | No rake
Seat 2: _SKR (small blind) (button) won 390


Winamax Poker - Tournament "Expresso Nitro" buyIn: 1.86€ + 0.14€ level: 3 - HandId: #2683161534049288193-18-1674237445 - Holdem no limit (20/40) - 2023/01/20 17:57:25 UTC
Table: 'Expresso Nitro(624722227)#0' 3-max (real money) Seat #3 is the button
Seat 2: _SKR (390)
Seat 3: Tortueninja9 (510)
*** ANTE/BLINDS ***
Tortueninja9 posts small blind 20
_SKR posts big blind 40
Dealt to _SKR [Td 8d]
*** PRE-FLOP *** 
Tortueninja9 folds
_SKR collected 60 from pot
*** SUMMARY ***
Total pot 60 | No rake
Seat 2: _SKR (big blind) won 60


Winamax Poker - Tournament "Expresso Nitro" buyIn: 1.86€ + 0.14€ level: 3 - HandId: #2683161534049288193-19-1674237451 - Holdem no limit (20/40) - 2023/01/20 17:57:31 UTC
Table: 'Expresso Nitro(624722227)#0' 3-max (real money) Seat #2 is the button
Seat 2: _SKR (410)
Seat 3: Tortueninja9 (490)
*** ANTE/BLINDS ***
_SKR posts small blind 20
Tortueninja9 posts big blind 40
Dealt to _SKR [7s 7h]
*** PRE-FLOP *** 
_SKR raises 370 to 410 and is all-in
Tortueninja9 folds
_SKR collected 450 from pot
*** SUMMARY ***
Total pot 450 | No rake
Seat 2: _SKR (small blind) (button) won 450


Winamax Poker - Tournament "Expresso Nitro" buyIn: 1.86€ + 0.14€ level: 3 - HandId: #2683161534049288193-20-1674237456 - Holdem no limit (20/40) - 2023/01/20 17:57:36 UTC
Table: 'Expresso Nitro(624722227)#0' 3-max (real money) Seat #3 is the button
Seat 2: _SKR (450)
Seat 3: Tortueninja9 (450)
*** ANTE/BLINDS ***
Tortueninja9 posts small blind 20
_SKR posts big blind 40
Dealt to _SKR [Jd Qs]
*** PRE-FLOP *** 
Tortueninja9 folds
_SKR collected 60 from pot
*** SUMMARY ***
Total pot 60 | No rake
Seat 2: _SKR (big blind) won 60


Winamax Poker - Tournament "Expresso Nitro" buyIn: 1.86€ + 0.14€ level: 4 - HandId: #2683161534049288193-21-1674237460 - Holdem no limit (30/60) - 2023/01/20 17:57:40 UTC
Table: 'Expresso Nitro(624722227)#0' 3-max (real money) Seat #2 is the button
Seat 2: _SKR (470)
Seat 3: Tortueninja9 (430)
*** ANTE/BLINDS ***
_SKR posts small blind 30
Tortueninja9 posts big blind 60
Dealt to _SKR [8d 6s]
*** PRE-FLOP *** 
_SKR folds
Tortueninja9 collected 90 from pot
*** SUMMARY ***
Total pot 90 | No rake
Seat 3: Tortueninja9 (big blind) won 90


Winamax Poker - Tournament "Expresso Nitro" buyIn: 1.86€ + 0.14€ level: 4 - HandId: #2683161534049288193-22-1674237463 - Holdem no limit (30/60) - 2023/01/20 17:57:43 UTC
Table: 'Expresso Nitro(624722227)#0' 3-max (real money) Seat #3 is the button
Seat 2: _SKR (440)
Seat 3: Tortueninja9 (460)
*** ANTE/BLINDS ***
Tortueninja9 posts small blind 30
_SKR posts big blind 60
Dealt to _SKR [3s Kc]
*** PRE-FLOP *** 
Tortueninja9 raises 90 to 150
_SKR folds
Tortueninja9 collected 210 from pot
*** SUMMARY ***
Total pot 210 | No rake
Seat 3: Tortueninja9 (small blind) (button) won 210


Winamax Poker - Tournament "Expresso Nitro" buyIn: 1.86€ + 0.14€ level: 4 - HandId: #2683161534049288193-23-1674237468 - Holdem no limit (30/60) - 2023/01/20 17:57:48 UTC
Table: 'Expresso Nitro(624722227)#0' 3-max (real money) Seat #2 is the button
Seat 2: _SKR (380)
Seat 3: Tortueninja9 (520)
*** ANTE/BLINDS ***
_SKR posts small blind 30
Tortueninja9 posts big blind 60
Dealt to _SKR [9h 2d]
*** PRE-FLOP *** 
_SKR folds
Tortueninja9 collected 90 from pot
*** SUMMARY ***
Total pot 90 | No rake
Seat 3: Tortueninja9 (big blind) won 90


Winamax Poker - Tournament "Expresso Nitro" buyIn: 1.86€ + 0.14€ level: 4 - HandId: #2683161534049288193-24-1674237471 - Holdem no limit (30/60) - 2023/01/20 17:57:51 UTC
Table: 'Expresso Nitro(624722227)#0' 3-max (real money) Seat #3 is the button
Seat 2: _SKR (350)
Seat 3: Tortueninja9 (550)
*** ANTE/BLINDS ***
Tortueninja9 posts small blind 30
_SKR posts big blind 60
Dealt to _SKR [9c Ts]
*** PRE-FLOP *** 
Tortueninja9 raises 60 to 120
_SKR calls 60
*** FLOP *** [5h 2d Qh]
_SKR checks
Tortueninja9 checks
*** TURN *** [5h 2d Qh][Js]
_SKR bets 230 and is all-in
Tortueninja9 calls 230
*** RIVER *** [5h 2d Qh Js][Jd]
*** SHOW DOWN ***
_SKR shows [9c Ts] (One pair : Jacks)
Tortueninja9 shows [Jc Qc] (Full of Jacks and Queens)
Tortueninja9 collected 700 from pot
*** SUMMARY ***
Total pot 700 | No rake
Board: [5h 2d Qh Js Jd]
Seat 2: _SKR (big blind) showed [9c Ts] and lost with One pair : Jacks
Seat 3: Tortueninja9 (small blind) (button) showed [Jc Qc] and won 700 with Full of Jacks and Queens


