Winamax Poker - Tournament "Expresso Nitro" buyIn: 0.93€ + 0.07€ level: 1 - HandId: #2717243349378531329-1-1676213677 - Holdem no limit (10/20) - 2023/02/12 14:54:37 UTC
Table: 'Expresso Nitro(632657518)#0' 3-max (real money) Seat #2 is the button
Seat 1: _SKR (300)
Seat 2: Undertaker-1 (300)
Seat 3: SoldatAzur38 (300)
*** ANTE/BLINDS ***
SoldatAzur38 posts small blind 10
_SKR posts big blind 20
Dealt to _SKR [4c 6s]
*** PRE-FLOP *** 
Undertaker-1 folds
SoldatAzur38 raises 280 to 300 and is all-in
_SKR folds
SoldatAzur38 collected 320 from pot
*** SUMMARY ***
Total pot 320 | No rake
Seat 3: SoldatAzur38 (small blind) won 320


Winamax Poker - Tournament "Expresso Nitro" buyIn: 0.93€ + 0.07€ level: 1 - HandId: #2717243349378531329-2-1676213684 - Holdem no limit (10/20) - 2023/02/12 14:54:44 UTC
Table: 'Expresso Nitro(632657518)#0' 3-max (real money) Seat #3 is the button
Seat 1: _SKR (280)
Seat 2: Undertaker-1 (300)
Seat 3: SoldatAzur38 (320)
*** ANTE/BLINDS ***
_SKR posts small blind 10
Undertaker-1 posts big blind 20
Dealt to _SKR [Jh 9s]
*** PRE-FLOP *** 
SoldatAzur38 calls 20
_SKR folds
Undertaker-1 checks
*** FLOP *** [4d 6c 9d]
Undertaker-1 checks
SoldatAzur38 bets 50
Undertaker-1 folds
SoldatAzur38 collected 100 from pot
*** SUMMARY ***
Total pot 100 | No rake
Board: [4d 6c 9d]
Seat 3: SoldatAzur38 (button) won 100


Winamax Poker - Tournament "Expresso Nitro" buyIn: 0.93€ + 0.07€ level: 1 - HandId: #2717243349378531329-3-1676213700 - Holdem no limit (10/20) - 2023/02/12 14:55:00 UTC
Table: 'Expresso Nitro(632657518)#0' 3-max (real money) Seat #1 is the button
Seat 1: _SKR (270)
Seat 2: Undertaker-1 (280)
Seat 3: SoldatAzur38 (350)
*** ANTE/BLINDS ***
Undertaker-1 posts small blind 10
SoldatAzur38 posts big blind 20
Dealt to _SKR [Th Qh]
*** PRE-FLOP *** 
_SKR folds
Undertaker-1 folds
SoldatAzur38 collected 30 from pot
*** SUMMARY ***
Total pot 30 | No rake
Seat 3: SoldatAzur38 (big blind) won 30


Winamax Poker - Tournament "Expresso Nitro" buyIn: 0.93€ + 0.07€ level: 1 - HandId: #2717243349378531329-4-1676213705 - Holdem no limit (10/20) - 2023/02/12 14:55:05 UTC
Table: 'Expresso Nitro(632657518)#0' 3-max (real money) Seat #2 is the button
Seat 1: _SKR (270)
Seat 2: Undertaker-1 (270)
Seat 3: SoldatAzur38 (360)
*** ANTE/BLINDS ***
SoldatAzur38 posts small blind 10
_SKR posts big blind 20
Dealt to _SKR [5c 4h]
*** PRE-FLOP *** 
Undertaker-1 calls 20
SoldatAzur38 calls 10
_SKR checks
*** FLOP *** [As 9h Th]
SoldatAzur38 checks
_SKR checks
Undertaker-1 bets 250 and is all-in
SoldatAzur38 folds
_SKR folds
Undertaker-1 collected 310 from pot
*** SUMMARY ***
Total pot 310 | No rake
Board: [As 9h Th]
Seat 2: Undertaker-1 (button) won 310


Winamax Poker - Tournament "Expresso Nitro" buyIn: 0.93€ + 0.07€ level: 2 - HandId: #2717243349378531329-5-1676213738 - Holdem no limit (15/30) - 2023/02/12 14:55:38 UTC
Table: 'Expresso Nitro(632657518)#0' 3-max (real money) Seat #3 is the button
Seat 1: _SKR (250)
Seat 2: Undertaker-1 (310)
Seat 3: SoldatAzur38 (340)
*** ANTE/BLINDS ***
_SKR posts small blind 15
Undertaker-1 posts big blind 30
Dealt to _SKR [9c 2c]
*** PRE-FLOP *** 
SoldatAzur38 calls 30
_SKR folds
Undertaker-1 checks
*** FLOP *** [7c Qd 7s]
Undertaker-1 checks
SoldatAzur38 checks
*** TURN *** [7c Qd 7s][2d]
Undertaker-1 checks
SoldatAzur38 checks
*** RIVER *** [7c Qd 7s 2d][Kd]
Undertaker-1 checks
SoldatAzur38 checks
*** SHOW DOWN ***
SoldatAzur38 shows [8s Tc] (One pair : 7)
Undertaker-1 shows [3s 3c] (Two pairs : 7 and 3)
Undertaker-1 collected 75 from pot
*** SUMMARY ***
Total pot 75 | No rake
Board: [7c Qd 7s 2d Kd]
Seat 2: Undertaker-1 (big blind) showed [3s 3c] and won 75 with Two pairs : 7 and 3
Seat 3: SoldatAzur38 (button) showed [8s Tc] and lost with One pair : 7


Winamax Poker - Tournament "Expresso Nitro" buyIn: 0.93€ + 0.07€ level: 2 - HandId: #2717243349378531329-6-1676213761 - Holdem no limit (15/30) - 2023/02/12 14:56:01 UTC
Table: 'Expresso Nitro(632657518)#0' 3-max (real money) Seat #1 is the button
Seat 1: _SKR (235)
Seat 2: Undertaker-1 (355)
Seat 3: SoldatAzur38 (310)
*** ANTE/BLINDS ***
Undertaker-1 posts small blind 15
SoldatAzur38 posts big blind 30
Dealt to _SKR [8s Ks]
*** PRE-FLOP *** 
_SKR raises 205 to 235 and is all-in
Undertaker-1 folds
SoldatAzur38 folds
_SKR collected 280 from pot
*** SUMMARY ***
Total pot 280 | No rake
Seat 1: _SKR (button) won 280


Winamax Poker - Tournament "Expresso Nitro" buyIn: 0.93€ + 0.07€ level: 2 - HandId: #2717243349378531329-7-1676213771 - Holdem no limit (15/30) - 2023/02/12 14:56:11 UTC
Table: 'Expresso Nitro(632657518)#0' 3-max (real money) Seat #2 is the button
Seat 1: _SKR (280)
Seat 2: Undertaker-1 (340)
Seat 3: SoldatAzur38 (280)
*** ANTE/BLINDS ***
SoldatAzur38 posts small blind 15
_SKR posts big blind 30
Dealt to _SKR [8h 2s]
*** PRE-FLOP *** 
Undertaker-1 folds
SoldatAzur38 raises 250 to 280 and is all-in
_SKR folds
SoldatAzur38 collected 310 from pot
*** SUMMARY ***
Total pot 310 | No rake
Seat 3: SoldatAzur38 (small blind) won 310


Winamax Poker - Tournament "Expresso Nitro" buyIn: 0.93€ + 0.07€ level: 2 - HandId: #2717243349378531329-8-1676213786 - Holdem no limit (15/30) - 2023/02/12 14:56:26 UTC
Table: 'Expresso Nitro(632657518)#0' 3-max (real money) Seat #3 is the button
Seat 1: _SKR (250)
Seat 2: Undertaker-1 (340)
Seat 3: SoldatAzur38 (310)
*** ANTE/BLINDS ***
_SKR posts small blind 15
Undertaker-1 posts big blind 30
Dealt to _SKR [4s Kc]
*** PRE-FLOP *** 
SoldatAzur38 calls 30
_SKR folds
Undertaker-1 checks
*** FLOP *** [5h Jd 7c]
Undertaker-1 checks
SoldatAzur38 checks
*** TURN *** [5h Jd 7c][5s]
Undertaker-1 checks
SoldatAzur38 checks
*** RIVER *** [5h Jd 7c 5s][Ts]
Undertaker-1 checks
SoldatAzur38 checks
*** SHOW DOWN ***
Undertaker-1 shows [4d 9h] (One pair : 5)
SoldatAzur38 shows [3h Qd] (One pair : 5)
SoldatAzur38 collected 75 from pot
*** SUMMARY ***
Total pot 75 | No rake
Board: [5h Jd 7c 5s Ts]
Seat 2: Undertaker-1 (big blind) showed [4d 9h] and lost with One pair : 5
Seat 3: SoldatAzur38 (button) showed [3h Qd] and won 75 with One pair : 5


Winamax Poker - Tournament "Expresso Nitro" buyIn: 0.93€ + 0.07€ level: 3 - HandId: #2717243349378531329-9-1676213806 - Holdem no limit (20/40) - 2023/02/12 14:56:46 UTC
Table: 'Expresso Nitro(632657518)#0' 3-max (real money) Seat #1 is the button
Seat 1: _SKR (235)
Seat 2: Undertaker-1 (310)
Seat 3: SoldatAzur38 (355)
*** ANTE/BLINDS ***
Undertaker-1 posts small blind 20
SoldatAzur38 posts big blind 40
Dealt to _SKR [3s 4h]
*** PRE-FLOP *** 
_SKR folds
Undertaker-1 calls 20
SoldatAzur38 checks
*** FLOP *** [8c 5d 2h]
Undertaker-1 checks
SoldatAzur38 checks
*** TURN *** [8c 5d 2h][9c]
Undertaker-1 bets 80
SoldatAzur38 calls 80
*** RIVER *** [8c 5d 2h 9c][Kd]
Undertaker-1 bets 190 and is all-in
SoldatAzur38 folds
Undertaker-1 collected 430 from pot
*** SUMMARY ***
Total pot 430 | No rake
Board: [8c 5d 2h 9c Kd]
Seat 2: Undertaker-1 (small blind) won 430


Winamax Poker - Tournament "Expresso Nitro" buyIn: 0.93€ + 0.07€ level: 3 - HandId: #2717243349378531329-10-1676213831 - Holdem no limit (20/40) - 2023/02/12 14:57:11 UTC
Table: 'Expresso Nitro(632657518)#0' 3-max (real money) Seat #2 is the button
Seat 1: _SKR (235)
Seat 2: Undertaker-1 (430)
Seat 3: SoldatAzur38 (235)
*** ANTE/BLINDS ***
SoldatAzur38 posts small blind 20
_SKR posts big blind 40
Dealt to _SKR [Td Qd]
*** PRE-FLOP *** 
Undertaker-1 folds
SoldatAzur38 raises 195 to 235 and is all-in
_SKR calls 195 and is all-in
*** FLOP *** [8h 8s Tc]
*** TURN *** [8h 8s Tc][Qs]
*** RIVER *** [8h 8s Tc Qs][3c]
*** SHOW DOWN ***
SoldatAzur38 shows [5d 9d] (One pair : 8)
_SKR shows [Td Qd] (Two pairs : Queens and Tens)
_SKR collected 470 from pot
*** SUMMARY ***
Total pot 470 | No rake
Board: [8h 8s Tc Qs 3c]
Seat 1: _SKR (big blind) showed [Td Qd] and won 470 with Two pairs : Queens and Tens
Seat 3: SoldatAzur38 (small blind) showed [5d 9d] and lost with One pair : 8


Winamax Poker - Tournament "Expresso Nitro" buyIn: 0.93€ + 0.07€ level: 3 - HandId: #2717243349378531329-11-1676213845 - Holdem no limit (20/40) - 2023/02/12 14:57:25 UTC
Table: 'Expresso Nitro(632657518)#0' 3-max (real money) Seat #1 is the button
Seat 1: _SKR (470)
Seat 2: Undertaker-1 (430)
*** ANTE/BLINDS ***
_SKR posts small blind 20
Undertaker-1 posts big blind 40
Dealt to _SKR [6h Kd]
*** PRE-FLOP *** 
_SKR raises 430 to 470 and is all-in
Undertaker-1 calls 390 and is all-in
*** FLOP *** [9c Qc 3h]
*** TURN *** [9c Qc 3h][8h]
*** RIVER *** [9c Qc 3h 8h][Ad]
*** SHOW DOWN ***
_SKR shows [6h Kd] (High card : Ace)
Undertaker-1 shows [8c Qh] (Two pairs : Queens and 8)
Undertaker-1 collected 860 from main pot
_SKR collected 40 from side pot 1
*** SUMMARY ***
Total pot 900 | No rake
Board: [9c Qc 3h 8h Ad]
Seat 1: _SKR (small blind) (button) showed [6h Kd] and won 40 with High card : Ace
Seat 2: Undertaker-1 (big blind) showed [8c Qh] and won 860 with Two pairs : Queens and 8


Winamax Poker - Tournament "Expresso Nitro" buyIn: 0.93€ + 0.07€ level: 4 - HandId: #2717243349378531329-12-1676213862 - Holdem no limit (30/60) - 2023/02/12 14:57:42 UTC
Table: 'Expresso Nitro(632657518)#0' 3-max (real money) Seat #2 is the button
Seat 1: _SKR (40)
Seat 2: Undertaker-1 (860)
*** ANTE/BLINDS ***
Undertaker-1 posts small blind 30
_SKR posts big blind 40 and is all-in
Dealt to _SKR [9h As]
*** PRE-FLOP *** 
Undertaker-1 calls 30
*** FLOP *** [8d 3s 5h]
*** TURN *** [8d 3s 5h][2d]
*** RIVER *** [8d 3s 5h 2d][Kh]
*** SHOW DOWN ***
_SKR shows [9h As] (High card : Ace)
Undertaker-1 shows [9d 3c] (One pair : 3)
Undertaker-1 collected 100 from pot
*** SUMMARY ***
Total pot 100 | No rake
Board: [8d 3s 5h 2d Kh]
Seat 1: _SKR (big blind) showed [9h As] and lost with High card : Ace
Seat 2: Undertaker-1 (small blind) (button) showed [9d 3c] and won 100 with One pair : 3


