Winamax Poker - Tournament "Expresso Nitro" buyIn: 0.93€ + 0.07€ level: 1 - HandId: #2675034704305979393-1-1673741064 - Holdem no limit (10/20) - 2023/01/15 00:04:24 UTC
Table: 'Expresso Nitro(622830052)#0' 3-max (real money) Seat #2 is the button
Seat 1: Monsieur_1 (300)
Seat 2: _SKR (300)
Seat 3: Tileur (300)
*** ANTE/BLINDS ***
Tileur posts small blind 10
Monsieur_1 posts big blind 20
Dealt to _SKR [As 9d]
*** PRE-FLOP *** 
_SKR raises 20 to 40
Tileur calls 30
Monsieur_1 calls 20
*** FLOP *** [5d 5s Qs]
Tileur bets 20
Monsieur_1 folds
_SKR folds
Tileur collected 140 from pot
*** SUMMARY ***
Total pot 140 | No rake
Board: [5d 5s Qs]
Seat 3: Tileur (small blind) won 140


Winamax Poker - Tournament "Expresso Nitro" buyIn: 0.93€ + 0.07€ level: 1 - HandId: #2675034704305979393-2-1673741097 - Holdem no limit (10/20) - 2023/01/15 00:04:57 UTC
Table: 'Expresso Nitro(622830052)#0' 3-max (real money) Seat #3 is the button
Seat 1: Monsieur_1 (260)
Seat 2: _SKR (260)
Seat 3: Tileur (380)
*** ANTE/BLINDS ***
Monsieur_1 posts small blind 10
_SKR posts big blind 20
Dealt to _SKR [2h Tc]
*** PRE-FLOP *** 
Tileur calls 20
Monsieur_1 calls 10
_SKR checks
*** FLOP *** [5c 8c 3d]
Monsieur_1 bets 60
_SKR folds
Tileur raises 60 to 120
Monsieur_1 raises 120 to 240 and is all-in
Tileur folds
Monsieur_1 collected 420 from pot
*** SUMMARY ***
Total pot 420 | No rake
Board: [5c 8c 3d]
Seat 1: Monsieur_1 (small blind) won 420


Winamax Poker - Tournament "Expresso Nitro" buyIn: 0.93€ + 0.07€ level: 2 - HandId: #2675034704305979393-3-1673741123 - Holdem no limit (15/30) - 2023/01/15 00:05:23 UTC
Table: 'Expresso Nitro(622830052)#0' 3-max (real money) Seat #1 is the button
Seat 1: Monsieur_1 (420)
Seat 2: _SKR (240)
Seat 3: Tileur (240)
*** ANTE/BLINDS ***
_SKR posts small blind 15
Tileur posts big blind 30
Dealt to _SKR [Td 5s]
*** PRE-FLOP *** 
Monsieur_1 calls 30
_SKR folds
Tileur checks
*** FLOP *** [5h Kh 7d]
Tileur bets 30
Monsieur_1 raises 360 to 390 and is all-in
Tileur calls 180 and is all-in
*** TURN *** [5h Kh 7d][As]
*** RIVER *** [5h Kh 7d As][Qd]
*** SHOW DOWN ***
Tileur shows [9d 4d] (High card : Ace)
Monsieur_1 shows [Ks 5d] (Two pairs : Kings and 5)
Monsieur_1 collected 675 from pot
*** SUMMARY ***
Total pot 675 | No rake
Board: [5h Kh 7d As Qd]
Seat 1: Monsieur_1 (button) showed [Ks 5d] and won 675 with Two pairs : Kings and 5
Seat 3: Tileur (big blind) showed [9d 4d] and lost with High card : Ace


Winamax Poker - Tournament "Expresso Nitro" buyIn: 0.93€ + 0.07€ level: 2 - HandId: #2675034704305979393-4-1673741150 - Holdem no limit (15/30) - 2023/01/15 00:05:50 UTC
Table: 'Expresso Nitro(622830052)#0' 3-max (real money) Seat #1 is the button
Seat 1: Monsieur_1 (675)
Seat 2: _SKR (225)
*** ANTE/BLINDS ***
Monsieur_1 posts small blind 15
_SKR posts big blind 30
Dealt to _SKR [2h 2s]
*** PRE-FLOP *** 
Monsieur_1 folds
_SKR collected 45 from pot
*** SUMMARY ***
Total pot 45 | No rake
Seat 2: _SKR (big blind) won 45


Winamax Poker - Tournament "Expresso Nitro" buyIn: 0.93€ + 0.07€ level: 2 - HandId: #2675034704305979393-5-1673741154 - Holdem no limit (15/30) - 2023/01/15 00:05:54 UTC
Table: 'Expresso Nitro(622830052)#0' 3-max (real money) Seat #2 is the button
Seat 1: Monsieur_1 (660)
Seat 2: _SKR (240)
*** ANTE/BLINDS ***
_SKR posts small blind 15
Monsieur_1 posts big blind 30
Dealt to _SKR [7s 4c]
*** PRE-FLOP *** 
_SKR folds
Monsieur_1 collected 45 from pot
*** SUMMARY ***
Total pot 45 | No rake
Seat 1: Monsieur_1 (big blind) won 45


Winamax Poker - Tournament "Expresso Nitro" buyIn: 0.93€ + 0.07€ level: 2 - HandId: #2675034704305979393-6-1673741157 - Holdem no limit (15/30) - 2023/01/15 00:05:57 UTC
Table: 'Expresso Nitro(622830052)#0' 3-max (real money) Seat #1 is the button
Seat 1: Monsieur_1 (675)
Seat 2: _SKR (225)
*** ANTE/BLINDS ***
Monsieur_1 posts small blind 15
_SKR posts big blind 30
Dealt to _SKR [Ks 3c]
*** PRE-FLOP *** 
Monsieur_1 folds
_SKR collected 45 from pot
*** SUMMARY ***
Total pot 45 | No rake
Seat 2: _SKR (big blind) won 45


Winamax Poker - Tournament "Expresso Nitro" buyIn: 0.93€ + 0.07€ level: 2 - HandId: #2675034704305979393-7-1673741163 - Holdem no limit (15/30) - 2023/01/15 00:06:03 UTC
Table: 'Expresso Nitro(622830052)#0' 3-max (real money) Seat #2 is the button
Seat 1: Monsieur_1 (660)
Seat 2: _SKR (240)
*** ANTE/BLINDS ***
_SKR posts small blind 15
Monsieur_1 posts big blind 30
Dealt to _SKR [8d As]
*** PRE-FLOP *** 
_SKR raises 210 to 240 and is all-in
Monsieur_1 folds
_SKR collected 270 from pot
*** SUMMARY ***
Total pot 270 | No rake
Seat 2: _SKR (small blind) (button) won 270


Winamax Poker - Tournament "Expresso Nitro" buyIn: 0.93€ + 0.07€ level: 2 - HandId: #2675034704305979393-8-1673741169 - Holdem no limit (15/30) - 2023/01/15 00:06:09 UTC
Table: 'Expresso Nitro(622830052)#0' 3-max (real money) Seat #1 is the button
Seat 1: Monsieur_1 (630)
Seat 2: _SKR (270)
*** ANTE/BLINDS ***
Monsieur_1 posts small blind 15
_SKR posts big blind 30
Dealt to _SKR [8d 9s]
*** PRE-FLOP *** 
Monsieur_1 calls 15
_SKR checks
*** FLOP *** [5d 7d Td]
_SKR checks
Monsieur_1 checks
*** TURN *** [5d 7d Td][6d]
_SKR bets 30
Monsieur_1 folds
_SKR collected 90 from pot
*** SUMMARY ***
Total pot 90 | No rake
Board: [5d 7d Td 6d]
Seat 2: _SKR (big blind) won 90


Winamax Poker - Tournament "Expresso Nitro" buyIn: 0.93€ + 0.07€ level: 3 - HandId: #2675034704305979393-9-1673741193 - Holdem no limit (20/40) - 2023/01/15 00:06:33 UTC
Table: 'Expresso Nitro(622830052)#0' 3-max (real money) Seat #2 is the button
Seat 1: Monsieur_1 (600)
Seat 2: _SKR (300)
*** ANTE/BLINDS ***
_SKR posts small blind 20
Monsieur_1 posts big blind 40
Dealt to _SKR [9d 9s]
*** PRE-FLOP *** 
_SKR raises 260 to 300 and is all-in
Monsieur_1 calls 260
*** FLOP *** [5c As 5h]
*** TURN *** [5c As 5h][4d]
*** RIVER *** [5c As 5h 4d][2c]
*** SHOW DOWN ***
_SKR shows [9d 9s] (Two pairs : 9 and 5)
Monsieur_1 shows [Jc Jd] (Two pairs : Jacks and 5)
Monsieur_1 collected 600 from pot
*** SUMMARY ***
Total pot 600 | No rake
Board: [5c As 5h 4d 2c]
Seat 1: Monsieur_1 (big blind) showed [Jc Jd] and won 600 with Two pairs : Jacks and 5
Seat 2: _SKR (small blind) (button) showed [9d 9s] and lost with Two pairs : 9 and 5


