Winamax Poker - Tournament "Expresso Nitro" buyIn: 0.93€ + 0.07€ level: 1 - HandId: #2676342216904933377-1-1673820654 - Holdem no limit (10/20) - 2023/01/15 22:10:54 UTC
Table: 'Expresso Nitro(623134481)#0' 3-max (real money) Seat #1 is the button
Seat 1: Donka64 (300)
Seat 2: Izane81 (300)
Seat 3: _SKR (300)
*** ANTE/BLINDS ***
Izane81 posts small blind 10
_SKR posts big blind 20
Dealt to _SKR [5s Qs]
*** PRE-FLOP *** 
Donka64 calls 20
Izane81 calls 10
_SKR checks
*** FLOP *** [Ah 5h Jd]
Izane81 checks
_SKR checks
Donka64 checks
*** TURN *** [Ah 5h Jd][Js]
Izane81 checks
_SKR checks
Donka64 bets 20
Izane81 folds
_SKR calls 20
*** RIVER *** [Ah 5h Jd Js][7h]
_SKR checks
Donka64 bets 100
_SKR folds
Donka64 collected 200 from pot
*** SUMMARY ***
Total pot 200 | No rake
Board: [Ah 5h Jd Js 7h]
Seat 1: Donka64 (button) won 200


Winamax Poker - Tournament "Expresso Nitro" buyIn: 0.93€ + 0.07€ level: 2 - HandId: #2676342216904933377-2-1673820713 - Holdem no limit (15/30) - 2023/01/15 22:11:53 UTC
Table: 'Expresso Nitro(623134481)#0' 3-max (real money) Seat #2 is the button
Seat 1: Donka64 (360)
Seat 2: Izane81 (280)
Seat 3: _SKR (260)
*** ANTE/BLINDS ***
_SKR posts small blind 15
Donka64 posts big blind 30
Dealt to _SKR [Kh 5s]
*** PRE-FLOP *** 
Izane81 folds
_SKR raises 230 to 260 and is all-in
Donka64 calls 230
*** FLOP *** [Kc 4d 2d]
*** TURN *** [Kc 4d 2d][5c]
*** RIVER *** [Kc 4d 2d 5c][9h]
*** SHOW DOWN ***
Donka64 shows [7s As] (High card : Ace)
_SKR shows [Kh 5s] (Two pairs : Kings and 5)
_SKR collected 520 from pot
*** SUMMARY ***
Total pot 520 | No rake
Board: [Kc 4d 2d 5c 9h]
Seat 1: Donka64 (big blind) showed [7s As] and lost with High card : Ace
Seat 3: _SKR (small blind) showed [Kh 5s] and won 520 with Two pairs : Kings and 5


Winamax Poker - Tournament "Expresso Nitro" buyIn: 0.93€ + 0.07€ level: 2 - HandId: #2676342216904933377-3-1673820734 - Holdem no limit (15/30) - 2023/01/15 22:12:14 UTC
Table: 'Expresso Nitro(623134481)#0' 3-max (real money) Seat #3 is the button
Seat 1: Donka64 (100)
Seat 2: Izane81 (280)
Seat 3: _SKR (520)
*** ANTE/BLINDS ***
Donka64 posts small blind 15
Izane81 posts big blind 30
Dealt to _SKR [4c 9c]
*** PRE-FLOP *** 
_SKR folds
Donka64 raises 70 to 100 and is all-in
Izane81 calls 70
*** FLOP *** [7d Qs 9s]
*** TURN *** [7d Qs 9s][Kd]
*** RIVER *** [7d Qs 9s Kd][6s]
*** SHOW DOWN ***
Donka64 shows [9d Ad] (One pair : 9)
Izane81 shows [Kh Qc] (Two pairs : Kings and Queens)
Izane81 collected 200 from pot
*** SUMMARY ***
Total pot 200 | No rake
Board: [7d Qs 9s Kd 6s]
Seat 1: Donka64 (small blind) showed [9d Ad] and lost with One pair : 9
Seat 2: Izane81 (big blind) showed [Kh Qc] and won 200 with Two pairs : Kings and Queens


Winamax Poker - Tournament "Expresso Nitro" buyIn: 0.93€ + 0.07€ level: 2 - HandId: #2676342216904933377-4-1673820753 - Holdem no limit (15/30) - 2023/01/15 22:12:33 UTC
Table: 'Expresso Nitro(623134481)#0' 3-max (real money) Seat #2 is the button
Seat 2: Izane81 (380)
Seat 3: _SKR (520)
*** ANTE/BLINDS ***
Izane81 posts small blind 15
_SKR posts big blind 30
Dealt to _SKR [6c 8h]
*** PRE-FLOP *** 
Izane81 raises 350 to 380 and is all-in
_SKR folds
Izane81 collected 410 from pot
*** SUMMARY ***
Total pot 410 | No rake
Seat 2: Izane81 (small blind) (button) won 410


Winamax Poker - Tournament "Expresso Nitro" buyIn: 0.93€ + 0.07€ level: 2 - HandId: #2676342216904933377-5-1673820762 - Holdem no limit (15/30) - 2023/01/15 22:12:42 UTC
Table: 'Expresso Nitro(623134481)#0' 3-max (real money) Seat #3 is the button
Seat 2: Izane81 (410)
Seat 3: _SKR (490)
*** ANTE/BLINDS ***
_SKR posts small blind 15
Izane81 posts big blind 30
Dealt to _SKR [Td 6h]
*** PRE-FLOP *** 
_SKR folds
Izane81 collected 45 from pot
*** SUMMARY ***
Total pot 45 | No rake
Seat 2: Izane81 (big blind) won 45


Winamax Poker - Tournament "Expresso Nitro" buyIn: 0.93€ + 0.07€ level: 3 - HandId: #2676342216904933377-6-1673820769 - Holdem no limit (20/40) - 2023/01/15 22:12:49 UTC
Table: 'Expresso Nitro(623134481)#0' 3-max (real money) Seat #2 is the button
Seat 2: Izane81 (425)
Seat 3: _SKR (475)
*** ANTE/BLINDS ***
Izane81 posts small blind 20
_SKR posts big blind 40
Dealt to _SKR [6c 5s]
*** PRE-FLOP *** 
Izane81 calls 20
_SKR checks
*** FLOP *** [Ah 7d Tc]
_SKR checks
Izane81 bets 40
_SKR folds
Izane81 collected 120 from pot
*** SUMMARY ***
Total pot 120 | No rake
Board: [Ah 7d Tc]
Seat 2: Izane81 (small blind) (button) won 120


Winamax Poker - Tournament "Expresso Nitro" buyIn: 0.93€ + 0.07€ level: 3 - HandId: #2676342216904933377-7-1673820785 - Holdem no limit (20/40) - 2023/01/15 22:13:05 UTC
Table: 'Expresso Nitro(623134481)#0' 3-max (real money) Seat #3 is the button
Seat 2: Izane81 (465)
Seat 3: _SKR (435)
*** ANTE/BLINDS ***
_SKR posts small blind 20
Izane81 posts big blind 40
Dealt to _SKR [5s Js]
*** PRE-FLOP *** 
_SKR calls 20
Izane81 checks
*** FLOP *** [7h 8c Kd]
Izane81 bets 40
_SKR folds
Izane81 collected 120 from pot
*** SUMMARY ***
Total pot 120 | No rake
Board: [7h 8c Kd]
Seat 2: Izane81 (big blind) won 120


Winamax Poker - Tournament "Expresso Nitro" buyIn: 0.93€ + 0.07€ level: 3 - HandId: #2676342216904933377-8-1673820801 - Holdem no limit (20/40) - 2023/01/15 22:13:21 UTC
Table: 'Expresso Nitro(623134481)#0' 3-max (real money) Seat #2 is the button
Seat 2: Izane81 (505)
Seat 3: _SKR (395)
*** ANTE/BLINDS ***
Izane81 posts small blind 20
_SKR posts big blind 40
Dealt to _SKR [Ks Ad]
*** PRE-FLOP *** 
Izane81 raises 465 to 505 and is all-in
_SKR calls 355 and is all-in
*** FLOP *** [Jd 7c 4d]
*** TURN *** [Jd 7c 4d][8h]
*** RIVER *** [Jd 7c 4d 8h][Ac]
*** SHOW DOWN ***
Izane81 shows [5h 5s] (One pair : 5)
_SKR shows [Ks Ad] (One pair : Aces)
_SKR collected 790 from main pot
Izane81 collected 110 from side pot 1
*** SUMMARY ***
Total pot 900 | No rake
Board: [Jd 7c 4d 8h Ac]
Seat 2: Izane81 (small blind) (button) showed [5h 5s] and won 110 with One pair : 5
Seat 3: _SKR (big blind) showed [Ks Ad] and won 790 with One pair : Aces


Winamax Poker - Tournament "Expresso Nitro" buyIn: 0.93€ + 0.07€ level: 3 - HandId: #2676342216904933377-9-1673820813 - Holdem no limit (20/40) - 2023/01/15 22:13:33 UTC
Table: 'Expresso Nitro(623134481)#0' 3-max (real money) Seat #3 is the button
Seat 2: Izane81 (110)
Seat 3: _SKR (790)
*** ANTE/BLINDS ***
_SKR posts small blind 20
Izane81 posts big blind 40
Dealt to _SKR [3h 3c]
*** PRE-FLOP *** 
_SKR raises 750 to 790 and is all-in
Izane81 folds
_SKR collected 830 from pot
*** SUMMARY ***
Total pot 830 | No rake
Seat 3: _SKR (small blind) (button) won 830


Winamax Poker - Tournament "Expresso Nitro" buyIn: 0.93€ + 0.07€ level: 3 - HandId: #2676342216904933377-10-1673820819 - Holdem no limit (20/40) - 2023/01/15 22:13:39 UTC
Table: 'Expresso Nitro(623134481)#0' 3-max (real money) Seat #2 is the button
Seat 2: Izane81 (70)
Seat 3: _SKR (830)
*** ANTE/BLINDS ***
Izane81 posts small blind 20
_SKR posts big blind 40
Dealt to _SKR [Tc 4s]
*** PRE-FLOP *** 
Izane81 raises 30 to 70 and is all-in
_SKR folds
Izane81 collected 110 from pot
*** SUMMARY ***
Total pot 110 | No rake
Seat 2: Izane81 (small blind) (button) won 110


Winamax Poker - Tournament "Expresso Nitro" buyIn: 0.93€ + 0.07€ level: 3 - HandId: #2676342216904933377-11-1673820829 - Holdem no limit (20/40) - 2023/01/15 22:13:49 UTC
Table: 'Expresso Nitro(623134481)#0' 3-max (real money) Seat #3 is the button
Seat 2: Izane81 (110)
Seat 3: _SKR (790)
*** ANTE/BLINDS ***
_SKR posts small blind 20
Izane81 posts big blind 40
Dealt to _SKR [Jd Ts]
*** PRE-FLOP *** 
_SKR raises 750 to 790 and is all-in
Izane81 folds
_SKR collected 830 from pot
*** SUMMARY ***
Total pot 830 | No rake
Seat 3: _SKR (small blind) (button) won 830


Winamax Poker - Tournament "Expresso Nitro" buyIn: 0.93€ + 0.07€ level: 4 - HandId: #2676342216904933377-12-1673820841 - Holdem no limit (30/60) - 2023/01/15 22:14:01 UTC
Table: 'Expresso Nitro(623134481)#0' 3-max (real money) Seat #2 is the button
Seat 2: Izane81 (70)
Seat 3: _SKR (830)
*** ANTE/BLINDS ***
Izane81 posts small blind 30
_SKR posts big blind 60
Dealt to _SKR [4d Kd]
*** PRE-FLOP *** 
Izane81 raises 10 to 70 and is all-in
_SKR calls 10
*** FLOP *** [Qh Tc Th]
*** TURN *** [Qh Tc Th][3s]
*** RIVER *** [Qh Tc Th 3s][9d]
*** SHOW DOWN ***
_SKR shows [4d Kd] (One pair : Tens)
Izane81 shows [3d 7s] (Two pairs : Tens and 3)
Izane81 collected 140 from pot
*** SUMMARY ***
Total pot 140 | No rake
Board: [Qh Tc Th 3s 9d]
Seat 2: Izane81 (small blind) (button) showed [3d 7s] and won 140 with Two pairs : Tens and 3
Seat 3: _SKR (big blind) showed [4d Kd] and lost with One pair : Tens


Winamax Poker - Tournament "Expresso Nitro" buyIn: 0.93€ + 0.07€ level: 4 - HandId: #2676342216904933377-13-1673820861 - Holdem no limit (30/60) - 2023/01/15 22:14:21 UTC
Table: 'Expresso Nitro(623134481)#0' 3-max (real money) Seat #3 is the button
Seat 2: Izane81 (140)
Seat 3: _SKR (760)
*** ANTE/BLINDS ***
_SKR posts small blind 30
Izane81 posts big blind 60
Dealt to _SKR [8h 8c]
*** PRE-FLOP *** 
_SKR raises 700 to 760 and is all-in
Izane81 calls 80 and is all-in
*** FLOP *** [7s 7h Ac]
*** TURN *** [7s 7h Ac][Jd]
*** RIVER *** [7s 7h Ac Jd][8s]
*** SHOW DOWN ***
Izane81 shows [3s Ks] (One pair : 7)
_SKR shows [8h 8c] (Full of 8 and 7)
_SKR collected 900 from pot
*** SUMMARY ***
Total pot 900 | No rake
Board: [7s 7h Ac Jd 8s]
Seat 2: Izane81 (big blind) showed [3s Ks] and lost with One pair : 7
Seat 3: _SKR (small blind) (button) showed [8h 8c] and won 900 with Full of 8 and 7


