Winamax Poker - Tournament "Expresso Nitro" buyIn: 0.93€ + 0.07€ level: 1 - HandId: #2689821593806307329-1-1674653963 - Holdem no limit (10/20) - 2023/01/25 13:39:23 UTC
Table: 'Expresso Nitro(626272893)#0' 3-max (real money) Seat #3 is the button
Seat 1: Nounou1309 (300)
Seat 2: Franco0001 (300)
Seat 3: _SKR (300)
*** ANTE/BLINDS ***
Nounou1309 posts small blind 10
Franco0001 posts big blind 20
Dealt to _SKR [9s 5s]
*** PRE-FLOP *** 
_SKR folds
Nounou1309 calls 10
Franco0001 checks
*** FLOP *** [Qs Ad 4c]
Nounou1309 checks
Franco0001 checks
*** TURN *** [Qs Ad 4c][4h]
Nounou1309 checks
Franco0001 checks
*** RIVER *** [Qs Ad 4c 4h][9c]
Nounou1309 checks
Franco0001 bets 70
Nounou1309 folds
Franco0001 collected 110 from pot
*** SUMMARY ***
Total pot 110 | No rake
Board: [Qs Ad 4c 4h 9c]
Seat 2: Franco0001 (big blind) won 110


Winamax Poker - Tournament "Expresso Nitro" buyIn: 0.93€ + 0.07€ level: 1 - HandId: #2689821593806307329-2-1674653983 - Holdem no limit (10/20) - 2023/01/25 13:39:43 UTC
Table: 'Expresso Nitro(626272893)#0' 3-max (real money) Seat #1 is the button
Seat 1: Nounou1309 (280)
Seat 2: Franco0001 (320)
Seat 3: _SKR (300)
*** ANTE/BLINDS ***
Franco0001 posts small blind 10
_SKR posts big blind 20
Dealt to _SKR [8h Qd]
*** PRE-FLOP *** 
Nounou1309 calls 20
Franco0001 calls 10
_SKR checks
*** FLOP *** [5s Kc Qs]
Franco0001 checks
_SKR checks
Nounou1309 bets 20
Franco0001 calls 20
_SKR calls 20
*** TURN *** [5s Kc Qs][9d]
Franco0001 checks
_SKR checks
Nounou1309 checks
*** RIVER *** [5s Kc Qs 9d][9s]
Franco0001 checks
_SKR checks
Nounou1309 checks
*** SHOW DOWN ***
Franco0001 shows [3s 2c] (One pair : 9)
Nounou1309 shows [7s Qc] (Two pairs : Queens and 9)
_SKR shows [8h Qd] (Two pairs : Queens and 9)
_SKR collected 60 from pot
Nounou1309 collected 60 from pot
*** SUMMARY ***
Total pot 120 | No rake
Board: [5s Kc Qs 9d 9s]
Seat 1: Nounou1309 (button) showed [7s Qc] and won 60 with Two pairs : Queens and 9
Seat 2: Franco0001 (small blind) showed [3s 2c] and lost with One pair : 9
Seat 3: _SKR (big blind) showed [8h Qd] and won 60 with Two pairs : Queens and 9


Winamax Poker - Tournament "Expresso Nitro" buyIn: 0.93€ + 0.07€ level: 2 - HandId: #2689821593806307329-3-1674654031 - Holdem no limit (15/30) - 2023/01/25 13:40:31 UTC
Table: 'Expresso Nitro(626272893)#0' 3-max (real money) Seat #2 is the button
Seat 1: Nounou1309 (300)
Seat 2: Franco0001 (280)
Seat 3: _SKR (320)
*** ANTE/BLINDS ***
_SKR posts small blind 15
Nounou1309 posts big blind 30
Dealt to _SKR [6d 8h]
*** PRE-FLOP *** 
Franco0001 folds
_SKR folds
Nounou1309 collected 45 from pot
*** SUMMARY ***
Total pot 45 | No rake
Seat 1: Nounou1309 (big blind) won 45


Winamax Poker - Tournament "Expresso Nitro" buyIn: 0.93€ + 0.07€ level: 2 - HandId: #2689821593806307329-4-1674654038 - Holdem no limit (15/30) - 2023/01/25 13:40:38 UTC
Table: 'Expresso Nitro(626272893)#0' 3-max (real money) Seat #3 is the button
Seat 1: Nounou1309 (315)
Seat 2: Franco0001 (280)
Seat 3: _SKR (305)
*** ANTE/BLINDS ***
Nounou1309 posts small blind 15
Franco0001 posts big blind 30
Dealt to _SKR [5d Ah]
*** PRE-FLOP *** 
_SKR raises 275 to 305 and is all-in
Nounou1309 folds
Franco0001 folds
_SKR collected 350 from pot
*** SUMMARY ***
Total pot 350 | No rake
Seat 3: _SKR (button) won 350


Winamax Poker - Tournament "Expresso Nitro" buyIn: 0.93€ + 0.07€ level: 2 - HandId: #2689821593806307329-5-1674654044 - Holdem no limit (15/30) - 2023/01/25 13:40:44 UTC
Table: 'Expresso Nitro(626272893)#0' 3-max (real money) Seat #1 is the button
Seat 1: Nounou1309 (300)
Seat 2: Franco0001 (250)
Seat 3: _SKR (350)
*** ANTE/BLINDS ***
Franco0001 posts small blind 15
_SKR posts big blind 30
Dealt to _SKR [5c 3d]
*** PRE-FLOP *** 
Nounou1309 calls 30
Franco0001 calls 15
_SKR checks
*** FLOP *** [8h 9s Kd]
Franco0001 bets 59
_SKR folds
Nounou1309 folds
Franco0001 collected 149 from pot
*** SUMMARY ***
Total pot 149 | No rake
Board: [8h 9s Kd]
Seat 2: Franco0001 (small blind) won 149


Winamax Poker - Tournament "Expresso Nitro" buyIn: 0.93€ + 0.07€ level: 2 - HandId: #2689821593806307329-6-1674654072 - Holdem no limit (15/30) - 2023/01/25 13:41:12 UTC
Table: 'Expresso Nitro(626272893)#0' 3-max (real money) Seat #2 is the button
Seat 1: Nounou1309 (270)
Seat 2: Franco0001 (310)
Seat 3: _SKR (320)
*** ANTE/BLINDS ***
_SKR posts small blind 15
Nounou1309 posts big blind 30
Dealt to _SKR [Js Tc]
*** PRE-FLOP *** 
Franco0001 calls 30
_SKR raises 290 to 320 and is all-in
Nounou1309 folds
Franco0001 calls 280 and is all-in
*** FLOP *** [2h 2s 9s]
*** TURN *** [2h 2s 9s][4s]
*** RIVER *** [2h 2s 9s 4s][Qc]
*** SHOW DOWN ***
Franco0001 shows [Ac 6c] (One pair : 2)
_SKR shows [Js Tc] (One pair : 2)
_SKR collected 10 from side pot 1
Franco0001 collected 650 from main pot
*** SUMMARY ***
Total pot 660 | No rake
Board: [2h 2s 9s 4s Qc]
Seat 2: Franco0001 (button) showed [Ac 6c] and won 650 with One pair : 2
Seat 3: _SKR (small blind) showed [Js Tc] and won 10 with One pair : 2


Winamax Poker - Tournament "Expresso Nitro" buyIn: 0.93€ + 0.07€ level: 3 - HandId: #2689821593806307329-7-1674654089 - Holdem no limit (20/40) - 2023/01/25 13:41:29 UTC
Table: 'Expresso Nitro(626272893)#0' 3-max (real money) Seat #3 is the button
Seat 1: Nounou1309 (240)
Seat 2: Franco0001 (650)
Seat 3: _SKR (10)
*** ANTE/BLINDS ***
Nounou1309 posts small blind 20
Franco0001 posts big blind 40
Dealt to _SKR [5s 6s]
*** PRE-FLOP *** 
_SKR calls 10 and is all-in
Nounou1309 calls 20
Franco0001 checks
*** FLOP *** [Kd 2s 3d]
Nounou1309 checks
Franco0001 checks
*** TURN *** [Kd 2s 3d][Js]
Nounou1309 checks
Franco0001 checks
*** RIVER *** [Kd 2s 3d Js][2c]
Nounou1309 checks
Franco0001 checks
*** SHOW DOWN ***
Franco0001 shows [8s Qh] (One pair : 2)
_SKR shows [5s 6s] (One pair : 2)
Nounou1309 shows [8h As] (One pair : 2)
Nounou1309 collected 90 from pot
*** SUMMARY ***
Total pot 90 | No rake
Board: [Kd 2s 3d Js 2c]
Seat 1: Nounou1309 (small blind) showed [8h As] and won 90 with One pair : 2
Seat 2: Franco0001 (big blind) showed [8s Qh] and lost with One pair : 2
Seat 3: _SKR (button) showed [5s 6s] and lost with One pair : 2


