Winamax Poker - Tournament "Expresso Nitro" buyIn: 0.93€ + 0.07€ level: 1 - HandId: #2666603941201969153-1-1673284625 - Holdem no limit (10/20) - 2023/01/09 17:17:05 UTC
Table: 'Expresso Nitro(620867112)#0' 3-max (real money) Seat #1 is the button
Seat 1: _SKR (300)
Seat 2: DonFishHot (300)
Seat 3: davidasse55 (300)
*** ANTE/BLINDS ***
DonFishHot posts small blind 10
davidasse55 posts big blind 20
Dealt to _SKR [Js Jh]
*** PRE-FLOP *** 
_SKR raises 280 to 300 and is all-in
DonFishHot folds
davidasse55 folds
_SKR collected 330 from pot
*** SUMMARY ***
Total pot 330 | No rake
Seat 1: _SKR (button) won 330


Winamax Poker - Tournament "Expresso Nitro" buyIn: 0.93€ + 0.07€ level: 1 - HandId: #2666603941201969153-2-1673284637 - Holdem no limit (10/20) - 2023/01/09 17:17:17 UTC
Table: 'Expresso Nitro(620867112)#0' 3-max (real money) Seat #2 is the button
Seat 1: _SKR (330)
Seat 2: DonFishHot (290)
Seat 3: davidasse55 (280)
*** ANTE/BLINDS ***
davidasse55 posts small blind 10
_SKR posts big blind 20
Dealt to _SKR [Qd 4d]
*** PRE-FLOP *** 
DonFishHot folds
davidasse55 calls 10
_SKR checks
*** FLOP *** [Ac Jh 6d]
davidasse55 checks
_SKR checks
*** TURN *** [Ac Jh 6d][Ts]
davidasse55 checks
_SKR bets 20
davidasse55 calls 20
*** RIVER *** [Ac Jh 6d Ts][6s]
davidasse55 bets 52
_SKR folds
davidasse55 collected 132 from pot
*** SUMMARY ***
Total pot 132 | No rake
Board: [Ac Jh 6d Ts 6s]
Seat 3: davidasse55 (small blind) won 132


Winamax Poker - Tournament "Expresso Nitro" buyIn: 0.93€ + 0.07€ level: 1 - HandId: #2666603941201969153-3-1673284662 - Holdem no limit (10/20) - 2023/01/09 17:17:42 UTC
Table: 'Expresso Nitro(620867112)#0' 3-max (real money) Seat #3 is the button
Seat 1: _SKR (290)
Seat 2: DonFishHot (290)
Seat 3: davidasse55 (320)
*** ANTE/BLINDS ***
_SKR posts small blind 10
DonFishHot posts big blind 20
Dealt to _SKR [7s 5s]
*** PRE-FLOP *** 
davidasse55 calls 20
_SKR folds
DonFishHot checks
*** FLOP *** [3s 9s Kc]
DonFishHot checks
davidasse55 checks
*** TURN *** [3s 9s Kc][Kd]
DonFishHot bets 30
davidasse55 folds
DonFishHot collected 80 from pot
*** SUMMARY ***
Total pot 80 | No rake
Board: [3s 9s Kc Kd]
Seat 2: DonFishHot (big blind) won 80


Winamax Poker - Tournament "Expresso Nitro" buyIn: 0.93€ + 0.07€ level: 2 - HandId: #2666603941201969153-4-1673284687 - Holdem no limit (15/30) - 2023/01/09 17:18:07 UTC
Table: 'Expresso Nitro(620867112)#0' 3-max (real money) Seat #1 is the button
Seat 1: _SKR (280)
Seat 2: DonFishHot (320)
Seat 3: davidasse55 (300)
*** ANTE/BLINDS ***
DonFishHot posts small blind 15
davidasse55 posts big blind 30
Dealt to _SKR [2c 5c]
*** PRE-FLOP *** 
_SKR folds
DonFishHot calls 15
davidasse55 checks
*** FLOP *** [4c Th Td]
DonFishHot bets 45
davidasse55 folds
DonFishHot collected 105 from pot
*** SUMMARY ***
Total pot 105 | No rake
Board: [4c Th Td]
Seat 2: DonFishHot (small blind) won 105


Winamax Poker - Tournament "Expresso Nitro" buyIn: 0.93€ + 0.07€ level: 2 - HandId: #2666603941201969153-5-1673284704 - Holdem no limit (15/30) - 2023/01/09 17:18:24 UTC
Table: 'Expresso Nitro(620867112)#0' 3-max (real money) Seat #2 is the button
Seat 1: _SKR (280)
Seat 2: DonFishHot (350)
Seat 3: davidasse55 (270)
*** ANTE/BLINDS ***
davidasse55 posts small blind 15
_SKR posts big blind 30
Dealt to _SKR [As Jd]
*** PRE-FLOP *** 
DonFishHot folds
davidasse55 raises 30 to 60
_SKR raises 220 to 280 and is all-in
davidasse55 calls 210 and is all-in
*** FLOP *** [9s Ts 4h]
*** TURN *** [9s Ts 4h][3c]
*** RIVER *** [9s Ts 4h 3c][Qc]
*** SHOW DOWN ***
_SKR shows [As Jd] (High card : Ace)
davidasse55 shows [Th Ad] (One pair : Tens)
davidasse55 collected 540 from main pot
_SKR collected 10 from side pot 1
*** SUMMARY ***
Total pot 550 | No rake
Board: [9s Ts 4h 3c Qc]
Seat 1: _SKR (big blind) showed [As Jd] and won 10 with High card : Ace
Seat 3: davidasse55 (small blind) showed [Th Ad] and won 540 with One pair : Tens


Winamax Poker - Tournament "Expresso Nitro" buyIn: 0.93€ + 0.07€ level: 2 - HandId: #2666603941201969153-6-1673284718 - Holdem no limit (15/30) - 2023/01/09 17:18:38 UTC
Table: 'Expresso Nitro(620867112)#0' 3-max (real money) Seat #3 is the button
Seat 1: _SKR (10)
Seat 2: DonFishHot (350)
Seat 3: davidasse55 (540)
*** ANTE/BLINDS ***
_SKR posts small blind 10 and is all-in
DonFishHot posts big blind 30
Dealt to _SKR [2s 6c]
*** PRE-FLOP *** 
davidasse55 folds
*** FLOP *** [5h Kd 6h]
*** TURN *** [5h Kd 6h][2d]
*** RIVER *** [5h Kd 6h 2d][5s]
*** SHOW DOWN ***
_SKR shows [2s 6c] (Two pairs : 6 and 5)
DonFishHot shows [4h Ah] (One pair : 5)
DonFishHot collected 20 from side pot 1
_SKR collected 20 from main pot
*** SUMMARY ***
Total pot 40 | No rake
Board: [5h Kd 6h 2d 5s]
Seat 1: _SKR (small blind) showed [2s 6c] and won 20 with Two pairs : 6 and 5
Seat 2: DonFishHot (big blind) showed [4h Ah] and won 20 with One pair : 5


Winamax Poker - Tournament "Expresso Nitro" buyIn: 0.93€ + 0.07€ level: 2 - HandId: #2666603941201969153-7-1673284728 - Holdem no limit (15/30) - 2023/01/09 17:18:48 UTC
Table: 'Expresso Nitro(620867112)#0' 3-max (real money) Seat #1 is the button
Seat 1: _SKR (20)
Seat 2: DonFishHot (340)
Seat 3: davidasse55 (540)
*** ANTE/BLINDS ***
DonFishHot posts small blind 15
davidasse55 posts big blind 30
Dealt to _SKR [Ac Js]
*** PRE-FLOP *** 
_SKR calls 20 and is all-in
DonFishHot calls 15
davidasse55 checks
*** FLOP *** [Qd 9c 2d]
DonFishHot checks
davidasse55 checks
*** TURN *** [Qd 9c 2d][Th]
DonFishHot checks
davidasse55 checks
*** RIVER *** [Qd 9c 2d Th][7s]
DonFishHot checks
davidasse55 checks
*** SHOW DOWN ***
_SKR shows [Ac Js] (High card : Ace)
davidasse55 shows [As 8c] (High card : Ace)
DonFishHot shows [4h 2h] (One pair : 2)
DonFishHot collected 80 from pot
*** SUMMARY ***
Total pot 80 | No rake
Board: [Qd 9c 2d Th 7s]
Seat 1: _SKR (button) showed [Ac Js] and lost with High card : Ace
Seat 2: DonFishHot (small blind) showed [4h 2h] and won 80 with One pair : 2
Seat 3: davidasse55 (big blind) showed [As 8c] and lost with High card : Ace


