Winamax Poker - Tournament "Expresso Nitro" buyIn: 1.86€ + 0.14€ level: 1 - HandId: #2698140520256897025-1-1675182555 - Holdem no limit (10/20) - 2023/01/31 16:29:15 UTC
Table: 'Expresso Nitro(628209794)#0' 3-max (real money) Seat #2 is the button
Seat 1: Zoulou64 (300)
Seat 2: RattleSnake1 (300)
Seat 3: _SKR (300)
*** ANTE/BLINDS ***
_SKR posts small blind 10
Zoulou64 posts big blind 20
Dealt to _SKR [4h 7s]
*** PRE-FLOP *** 
RattleSnake1 raises 25 to 45
_SKR folds
Zoulou64 calls 25
*** FLOP *** [As 2s Jh]
Zoulou64 bets 65
RattleSnake1 calls 65
*** TURN *** [As 2s Jh][Kh]
Zoulou64 bets 190 and is all-in
RattleSnake1 folds
Zoulou64 collected 420 from pot
*** SUMMARY ***
Total pot 420 | No rake
Board: [As 2s Jh Kh]
Seat 1: Zoulou64 (big blind) won 420


Winamax Poker - Tournament "Expresso Nitro" buyIn: 1.86€ + 0.14€ level: 1 - HandId: #2698140520256897025-2-1675182577 - Holdem no limit (10/20) - 2023/01/31 16:29:37 UTC
Table: 'Expresso Nitro(628209794)#0' 3-max (real money) Seat #3 is the button
Seat 1: Zoulou64 (420)
Seat 2: RattleSnake1 (190)
Seat 3: _SKR (290)
*** ANTE/BLINDS ***
Zoulou64 posts small blind 10
RattleSnake1 posts big blind 20
Dealt to _SKR [6h Jc]
*** PRE-FLOP *** 
_SKR folds
Zoulou64 calls 10
RattleSnake1 raises 40 to 60
Zoulou64 calls 40
*** FLOP *** [3c 3s 9d]
Zoulou64 bets 360 and is all-in
RattleSnake1 calls 130 and is all-in
*** TURN *** [3c 3s 9d][5h]
*** RIVER *** [3c 3s 9d 5h][7c]
*** SHOW DOWN ***
Zoulou64 shows [5s Kc] (Two pairs : 5 and 3)
RattleSnake1 shows [Ad Ac] (Two pairs : Aces and 3)
RattleSnake1 collected 380 from main pot
Zoulou64 collected 230 from side pot 1
*** SUMMARY ***
Total pot 610 | No rake
Board: [3c 3s 9d 5h 7c]
Seat 1: Zoulou64 (small blind) showed [5s Kc] and won 230 with Two pairs : 5 and 3
Seat 2: RattleSnake1 (big blind) showed [Ad Ac] and won 380 with Two pairs : Aces and 3


Winamax Poker - Tournament "Expresso Nitro" buyIn: 1.86€ + 0.14€ level: 1 - HandId: #2698140520256897025-3-1675182605 - Holdem no limit (10/20) - 2023/01/31 16:30:05 UTC
Table: 'Expresso Nitro(628209794)#0' 3-max (real money) Seat #1 is the button
Seat 1: Zoulou64 (230)
Seat 2: RattleSnake1 (380)
Seat 3: _SKR (290)
*** ANTE/BLINDS ***
RattleSnake1 posts small blind 10
_SKR posts big blind 20
Dealt to _SKR [Ad 5d]
*** PRE-FLOP *** 
Zoulou64 folds
RattleSnake1 calls 10
_SKR raises 270 to 290 and is all-in
RattleSnake1 folds
_SKR collected 310 from pot
*** SUMMARY ***
Total pot 310 | No rake
Seat 3: _SKR (big blind) won 310


Winamax Poker - Tournament "Expresso Nitro" buyIn: 1.86€ + 0.14€ level: 2 - HandId: #2698140520256897025-4-1675182615 - Holdem no limit (15/30) - 2023/01/31 16:30:15 UTC
Table: 'Expresso Nitro(628209794)#0' 3-max (real money) Seat #2 is the button
Seat 1: Zoulou64 (230)
Seat 2: RattleSnake1 (360)
Seat 3: _SKR (310)
*** ANTE/BLINDS ***
_SKR posts small blind 15
Zoulou64 posts big blind 30
Dealt to _SKR [Ts 3c]
*** PRE-FLOP *** 
RattleSnake1 raises 38 to 68
_SKR folds
Zoulou64 calls 38
*** FLOP *** [Kd 2s Th]
Zoulou64 checks
RattleSnake1 checks
*** TURN *** [Kd 2s Th][7s]
Zoulou64 checks
RattleSnake1 checks
*** RIVER *** [Kd 2s Th 7s][9c]
Zoulou64 checks
RattleSnake1 checks
*** SHOW DOWN ***
Zoulou64 shows [6d 4c] (High card : King)
RattleSnake1 shows [Qc 8c] (High card : King)
RattleSnake1 collected 151 from pot
*** SUMMARY ***
Total pot 151 | No rake
Board: [Kd 2s Th 7s 9c]
Seat 1: Zoulou64 (big blind) showed [6d 4c] and lost with High card : King
Seat 2: RattleSnake1 (button) showed [Qc 8c] and won 151 with High card : King


Winamax Poker - Tournament "Expresso Nitro" buyIn: 1.86€ + 0.14€ level: 2 - HandId: #2698140520256897025-5-1675182633 - Holdem no limit (15/30) - 2023/01/31 16:30:33 UTC
Table: 'Expresso Nitro(628209794)#0' 3-max (real money) Seat #3 is the button
Seat 1: Zoulou64 (162)
Seat 2: RattleSnake1 (443)
Seat 3: _SKR (295)
*** ANTE/BLINDS ***
Zoulou64 posts small blind 15
RattleSnake1 posts big blind 30
Dealt to _SKR [Ah 3c]
*** PRE-FLOP *** 
_SKR raises 265 to 295 and is all-in
Zoulou64 calls 147 and is all-in
RattleSnake1 folds
*** FLOP *** [7h 6h 6s]
*** TURN *** [7h 6h 6s][Ks]
*** RIVER *** [7h 6h 6s Ks][5d]
*** SHOW DOWN ***
Zoulou64 shows [3h 2d] (One pair : 6)
_SKR shows [Ah 3c] (One pair : 6)
_SKR collected 487 from pot
*** SUMMARY ***
Total pot 487 | No rake
Board: [7h 6h 6s Ks 5d]
Seat 1: Zoulou64 (small blind) showed [3h 2d] and lost with One pair : 6
Seat 3: _SKR (button) showed [Ah 3c] and won 487 with One pair : 6


Winamax Poker - Tournament "Expresso Nitro" buyIn: 1.86€ + 0.14€ level: 2 - HandId: #2698140520256897025-6-1675182649 - Holdem no limit (15/30) - 2023/01/31 16:30:49 UTC
Table: 'Expresso Nitro(628209794)#0' 3-max (real money) Seat #2 is the button
Seat 2: RattleSnake1 (413)
Seat 3: _SKR (487)
*** ANTE/BLINDS ***
RattleSnake1 posts small blind 15
_SKR posts big blind 30
Dealt to _SKR [Jd 8s]
*** PRE-FLOP *** 
RattleSnake1 folds
_SKR collected 45 from pot
*** SUMMARY ***
Total pot 45 | No rake
Seat 3: _SKR (big blind) won 45


Winamax Poker - Tournament "Expresso Nitro" buyIn: 1.86€ + 0.14€ level: 2 - HandId: #2698140520256897025-7-1675182652 - Holdem no limit (15/30) - 2023/01/31 16:30:52 UTC
Table: 'Expresso Nitro(628209794)#0' 3-max (real money) Seat #3 is the button
Seat 2: RattleSnake1 (398)
Seat 3: _SKR (502)
*** ANTE/BLINDS ***
_SKR posts small blind 15
RattleSnake1 posts big blind 30
Dealt to _SKR [Tc 5h]
*** PRE-FLOP *** 
_SKR folds
RattleSnake1 collected 45 from pot
*** SUMMARY ***
Total pot 45 | No rake
Seat 2: RattleSnake1 (big blind) won 45


Winamax Poker - Tournament "Expresso Nitro" buyIn: 1.86€ + 0.14€ level: 2 - HandId: #2698140520256897025-8-1675182655 - Holdem no limit (15/30) - 2023/01/31 16:30:55 UTC
Table: 'Expresso Nitro(628209794)#0' 3-max (real money) Seat #2 is the button
Seat 2: RattleSnake1 (413)
Seat 3: _SKR (487)
*** ANTE/BLINDS ***
RattleSnake1 posts small blind 15
_SKR posts big blind 30
Dealt to _SKR [Td Js]
*** PRE-FLOP *** 
RattleSnake1 folds
_SKR collected 45 from pot
*** SUMMARY ***
Total pot 45 | No rake
Seat 3: _SKR (big blind) won 45


Winamax Poker - Tournament "Expresso Nitro" buyIn: 1.86€ + 0.14€ level: 2 - HandId: #2698140520256897025-9-1675182660 - Holdem no limit (15/30) - 2023/01/31 16:31:00 UTC
Table: 'Expresso Nitro(628209794)#0' 3-max (real money) Seat #3 is the button
Seat 2: RattleSnake1 (398)
Seat 3: _SKR (502)
*** ANTE/BLINDS ***
_SKR posts small blind 15
RattleSnake1 posts big blind 30
Dealt to _SKR [6s 9s]
*** PRE-FLOP *** 
_SKR folds
RattleSnake1 collected 45 from pot
*** SUMMARY ***
Total pot 45 | No rake
Seat 2: RattleSnake1 (big blind) won 45


Winamax Poker - Tournament "Expresso Nitro" buyIn: 1.86€ + 0.14€ level: 2 - HandId: #2698140520256897025-10-1675182665 - Holdem no limit (15/30) - 2023/01/31 16:31:05 UTC
Table: 'Expresso Nitro(628209794)#0' 3-max (real money) Seat #2 is the button
Seat 2: RattleSnake1 (413)
Seat 3: _SKR (487)
*** ANTE/BLINDS ***
RattleSnake1 posts small blind 15
_SKR posts big blind 30
Dealt to _SKR [Jc Qc]
*** PRE-FLOP *** 
RattleSnake1 calls 15
_SKR raises 45 to 75
RattleSnake1 calls 45
*** FLOP *** [7d 4c Jh]
_SKR bets 53
RattleSnake1 calls 53
*** TURN *** [7d 4c Jh][4s]
_SKR bets 90
RattleSnake1 raises 195 to 285 and is all-in
_SKR calls 195
*** RIVER *** [7d 4c Jh 4s][Kd]
*** SHOW DOWN ***
RattleSnake1 shows [6s 7c] (Two pairs : 7 and 4)
_SKR shows [Jc Qc] (Two pairs : Jacks and 4)
_SKR collected 826 from pot
*** SUMMARY ***
Total pot 826 | No rake
Board: [7d 4c Jh 4s Kd]
Seat 2: RattleSnake1 (small blind) (button) showed [6s 7c] and lost with Two pairs : 7 and 4
Seat 3: _SKR (big blind) showed [Jc Qc] and won 826 with Two pairs : Jacks and 4


