Winamax Poker - Tournament "Expresso Nitro" buyIn: 0.93€ + 0.07€ level: 1 - HandId: #2730613943348232193-1-1676988707 - Holdem no limit (10/20) - 2023/02/21 14:11:47 UTC
Table: 'Expresso Nitro(635770602)#0' 3-max (real money) Seat #1 is the button
Seat 1: KURTPASDEBOL (300)
Seat 2: keniasanchez (300)
Seat 3: _SKR (300)
*** ANTE/BLINDS ***
keniasanchez posts small blind 10
_SKR posts big blind 20
Dealt to _SKR [8c 3s]
*** PRE-FLOP *** 
KURTPASDEBOL folds
keniasanchez calls 10
_SKR checks
*** FLOP *** [Jc 7d 2d]
keniasanchez checks
_SKR checks
*** TURN *** [Jc 7d 2d][3h]
keniasanchez checks
_SKR checks
*** RIVER *** [Jc 7d 2d 3h][Qd]
keniasanchez checks
_SKR checks
*** SHOW DOWN ***
keniasanchez shows [9h 5s] (High card : Queen)
_SKR shows [8c 3s] (One pair : 3)
_SKR collected 40 from pot
*** SUMMARY ***
Total pot 40 | No rake
Board: [Jc 7d 2d 3h Qd]
Seat 2: keniasanchez (small blind) showed [9h 5s] and lost with High card : Queen
Seat 3: _SKR (big blind) showed [8c 3s] and won 40 with One pair : 3


Winamax Poker - Tournament "Expresso Nitro" buyIn: 0.93€ + 0.07€ level: 1 - HandId: #2730613943348232193-2-1676988754 - Holdem no limit (10/20) - 2023/02/21 14:12:34 UTC
Table: 'Expresso Nitro(635770602)#0' 3-max (real money) Seat #2 is the button
Seat 1: KURTPASDEBOL (300)
Seat 2: keniasanchez (280)
Seat 3: _SKR (320)
*** ANTE/BLINDS ***
_SKR posts small blind 10
KURTPASDEBOL posts big blind 20
Dealt to _SKR [3h Qs]
*** PRE-FLOP *** 
keniasanchez folds
_SKR folds
KURTPASDEBOL collected 30 from pot
*** SUMMARY ***
Total pot 30 | No rake
Seat 1: KURTPASDEBOL (big blind) won 30


Winamax Poker - Tournament "Expresso Nitro" buyIn: 0.93€ + 0.07€ level: 1 - HandId: #2730613943348232193-3-1676988760 - Holdem no limit (10/20) - 2023/02/21 14:12:40 UTC
Table: 'Expresso Nitro(635770602)#0' 3-max (real money) Seat #3 is the button
Seat 1: KURTPASDEBOL (310)
Seat 2: keniasanchez (280)
Seat 3: _SKR (310)
*** ANTE/BLINDS ***
KURTPASDEBOL posts small blind 10
keniasanchez posts big blind 20
Dealt to _SKR [2h 9d]
*** PRE-FLOP *** 
_SKR folds
KURTPASDEBOL calls 10
keniasanchez checks
*** FLOP *** [2s Qh Ad]
KURTPASDEBOL checks
keniasanchez checks
*** TURN *** [2s Qh Ad][Tc]
KURTPASDEBOL checks
keniasanchez bets 20
KURTPASDEBOL folds
keniasanchez collected 60 from pot
*** SUMMARY ***
Total pot 60 | No rake
Board: [2s Qh Ad Tc]
Seat 2: keniasanchez (big blind) won 60


Winamax Poker - Tournament "Expresso Nitro" buyIn: 0.93€ + 0.07€ level: 2 - HandId: #2730613943348232193-4-1676988781 - Holdem no limit (15/30) - 2023/02/21 14:13:01 UTC
Table: 'Expresso Nitro(635770602)#0' 3-max (real money) Seat #1 is the button
Seat 1: KURTPASDEBOL (290)
Seat 2: keniasanchez (300)
Seat 3: _SKR (310)
*** ANTE/BLINDS ***
keniasanchez posts small blind 15
_SKR posts big blind 30
Dealt to _SKR [As 2h]
*** PRE-FLOP *** 
KURTPASDEBOL raises 30 to 60
keniasanchez raises 30 to 90
_SKR raises 220 to 310 and is all-in
KURTPASDEBOL calls 230 and is all-in
keniasanchez calls 210 and is all-in
*** FLOP *** [8h 9c Jh]
*** TURN *** [8h 9c Jh][2d]
*** RIVER *** [8h 9c Jh 2d][8c]
*** SHOW DOWN ***
keniasanchez shows [Kd Th] (One pair : 8)
KURTPASDEBOL shows [9s Kc] (Two pairs : 9 and 8)
_SKR shows [As 2h] (Two pairs : 8 and 2)
_SKR collected 30 from side pot 1
KURTPASDEBOL collected 870 from main pot
*** SUMMARY ***
Total pot 900 | No rake
Board: [8h 9c Jh 2d 8c]
Seat 1: KURTPASDEBOL (button) showed [9s Kc] and won 870 with Two pairs : 9 and 8
Seat 2: keniasanchez (small blind) showed [Kd Th] and lost with One pair : 8
Seat 3: _SKR (big blind) showed [As 2h] and won 30 with Two pairs : 8 and 2


Winamax Poker - Tournament "Expresso Nitro" buyIn: 0.93€ + 0.07€ level: 2 - HandId: #2730613943348232193-5-1676988800 - Holdem no limit (15/30) - 2023/02/21 14:13:20 UTC
Table: 'Expresso Nitro(635770602)#0' 3-max (real money) Seat #3 is the button
Seat 1: KURTPASDEBOL (870)
Seat 3: _SKR (30)
*** ANTE/BLINDS ***
_SKR posts small blind 15
KURTPASDEBOL posts big blind 30
Dealt to _SKR [Ts 2h]
*** PRE-FLOP *** 
_SKR calls 15 and is all-in
*** FLOP *** [Ks 5c 4d]
*** TURN *** [Ks 5c 4d][5s]
*** RIVER *** [Ks 5c 4d 5s][3s]
*** SHOW DOWN ***
KURTPASDEBOL shows [9d 8c] (One pair : 5)
_SKR shows [Ts 2h] (One pair : 5)
_SKR collected 60 from pot
*** SUMMARY ***
Total pot 60 | No rake
Board: [Ks 5c 4d 5s 3s]
Seat 1: KURTPASDEBOL (big blind) showed [9d 8c] and lost with One pair : 5
Seat 3: _SKR (small blind) (button) showed [Ts 2h] and won 60 with One pair : 5


Winamax Poker - Tournament "Expresso Nitro" buyIn: 0.93€ + 0.07€ level: 2 - HandId: #2730613943348232193-6-1676988811 - Holdem no limit (15/30) - 2023/02/21 14:13:31 UTC
Table: 'Expresso Nitro(635770602)#0' 3-max (real money) Seat #1 is the button
Seat 1: KURTPASDEBOL (840)
Seat 3: _SKR (60)
*** ANTE/BLINDS ***
KURTPASDEBOL posts small blind 15
_SKR posts big blind 30
Dealt to _SKR [8c Jh]
*** PRE-FLOP *** 
KURTPASDEBOL folds
_SKR collected 45 from pot
*** SUMMARY ***
Total pot 45 | No rake
Seat 3: _SKR (big blind) won 45


Winamax Poker - Tournament "Expresso Nitro" buyIn: 0.93€ + 0.07€ level: 2 - HandId: #2730613943348232193-7-1676988815 - Holdem no limit (15/30) - 2023/02/21 14:13:35 UTC
Table: 'Expresso Nitro(635770602)#0' 3-max (real money) Seat #3 is the button
Seat 1: KURTPASDEBOL (825)
Seat 3: _SKR (75)
*** ANTE/BLINDS ***
_SKR posts small blind 15
KURTPASDEBOL posts big blind 30
Dealt to _SKR [Jh Kh]
*** PRE-FLOP *** 
_SKR raises 45 to 75 and is all-in
KURTPASDEBOL calls 45
*** FLOP *** [Qh 9h Ad]
*** TURN *** [Qh 9h Ad][Jc]
*** RIVER *** [Qh 9h Ad Jc][5d]
*** SHOW DOWN ***
_SKR shows [Jh Kh] (One pair : Jacks)
KURTPASDEBOL shows [Qs 4d] (One pair : Queens)
KURTPASDEBOL collected 150 from pot
*** SUMMARY ***
Total pot 150 | No rake
Board: [Qh 9h Ad Jc 5d]
Seat 1: KURTPASDEBOL (big blind) showed [Qs 4d] and won 150 with One pair : Queens
Seat 3: _SKR (small blind) (button) showed [Jh Kh] and lost with One pair : Jacks


