Winamax Poker - Tournament "Expresso Nitro" buyIn: 0.93€ + 0.07€ level: 1 - HandId: #2676342294214344705-1-1673820656 - Holdem no limit (10/20) - 2023/01/15 22:10:56 UTC
Table: 'Expresso Nitro(623134499)#0' 3-max (real money) Seat #1 is the button
Seat 1: _SKR (300)
Seat 2: Pikachu84 (300)
Seat 3: Dimoro (300)
*** ANTE/BLINDS ***
Pikachu84 posts small blind 10
Dimoro posts big blind 20
Dealt to _SKR [3h 3d]
*** PRE-FLOP *** 
_SKR raises 280 to 300 and is all-in
Pikachu84 folds
Dimoro folds
_SKR collected 330 from pot
*** SUMMARY ***
Total pot 330 | No rake
Seat 1: _SKR (button) won 330


Winamax Poker - Tournament "Expresso Nitro" buyIn: 0.93€ + 0.07€ level: 1 - HandId: #2676342294214344705-2-1673820667 - Holdem no limit (10/20) - 2023/01/15 22:11:07 UTC
Table: 'Expresso Nitro(623134499)#0' 3-max (real money) Seat #2 is the button
Seat 1: _SKR (330)
Seat 2: Pikachu84 (290)
Seat 3: Dimoro (280)
*** ANTE/BLINDS ***
Dimoro posts small blind 10
_SKR posts big blind 20
Dealt to _SKR [2h 4d]
*** PRE-FLOP *** 
Pikachu84 calls 20
Dimoro raises 260 to 280 and is all-in
_SKR folds
Pikachu84 folds
Dimoro collected 320 from pot
*** SUMMARY ***
Total pot 320 | No rake
Seat 3: Dimoro (small blind) won 320


Winamax Poker - Tournament "Expresso Nitro" buyIn: 0.93€ + 0.07€ level: 1 - HandId: #2676342294214344705-3-1673820678 - Holdem no limit (10/20) - 2023/01/15 22:11:18 UTC
Table: 'Expresso Nitro(623134499)#0' 3-max (real money) Seat #3 is the button
Seat 1: _SKR (310)
Seat 2: Pikachu84 (270)
Seat 3: Dimoro (320)
*** ANTE/BLINDS ***
_SKR posts small blind 10
Pikachu84 posts big blind 20
Dealt to _SKR [Qd 5c]
*** PRE-FLOP *** 
Dimoro folds
_SKR calls 10
Pikachu84 checks
*** FLOP *** [7d Ts 4h]
_SKR checks
Pikachu84 checks
*** TURN *** [7d Ts 4h][9s]
_SKR checks
Pikachu84 bets 32
_SKR folds
Pikachu84 collected 72 from pot
*** SUMMARY ***
Total pot 72 | No rake
Board: [7d Ts 4h 9s]
Seat 2: Pikachu84 (big blind) won 72


Winamax Poker - Tournament "Expresso Nitro" buyIn: 0.93€ + 0.07€ level: 1 - HandId: #2676342294214344705-4-1673820708 - Holdem no limit (10/20) - 2023/01/15 22:11:48 UTC
Table: 'Expresso Nitro(623134499)#0' 3-max (real money) Seat #1 is the button
Seat 1: _SKR (290)
Seat 2: Pikachu84 (290)
Seat 3: Dimoro (320)
*** ANTE/BLINDS ***
Pikachu84 posts small blind 10
Dimoro posts big blind 20
Dealt to _SKR [Ah Th]
*** PRE-FLOP *** 
_SKR raises 20 to 40
Pikachu84 calls 30
Dimoro calls 20
*** FLOP *** [6d 7h Jd]
Pikachu84 checks
Dimoro checks
_SKR bets 42
Pikachu84 folds
Dimoro calls 42
*** TURN *** [6d 7h Jd][8d]
Dimoro bets 238 and is all-in
_SKR folds
Dimoro collected 442 from pot
*** SUMMARY ***
Total pot 442 | No rake
Board: [6d 7h Jd 8d]
Seat 3: Dimoro (big blind) won 442


Winamax Poker - Tournament "Expresso Nitro" buyIn: 0.93€ + 0.07€ level: 2 - HandId: #2676342294214344705-5-1673820738 - Holdem no limit (15/30) - 2023/01/15 22:12:18 UTC
Table: 'Expresso Nitro(623134499)#0' 3-max (real money) Seat #2 is the button
Seat 1: _SKR (208)
Seat 2: Pikachu84 (250)
Seat 3: Dimoro (442)
*** ANTE/BLINDS ***
Dimoro posts small blind 15
_SKR posts big blind 30
Dealt to _SKR [4d Qs]
*** PRE-FLOP *** 
Pikachu84 folds
Dimoro calls 15
_SKR checks
*** FLOP *** [Th 8c 9h]
Dimoro bets 75
_SKR folds
Dimoro collected 135 from pot
*** SUMMARY ***
Total pot 135 | No rake
Board: [Th 8c 9h]
Seat 3: Dimoro (small blind) won 135


Winamax Poker - Tournament "Expresso Nitro" buyIn: 0.93€ + 0.07€ level: 2 - HandId: #2676342294214344705-6-1673820754 - Holdem no limit (15/30) - 2023/01/15 22:12:34 UTC
Table: 'Expresso Nitro(623134499)#0' 3-max (real money) Seat #3 is the button
Seat 1: _SKR (178)
Seat 2: Pikachu84 (250)
Seat 3: Dimoro (472)
*** ANTE/BLINDS ***
_SKR posts small blind 15
Pikachu84 posts big blind 30
Dealt to _SKR [3c 6c]
*** PRE-FLOP *** 
Dimoro raises 442 to 472 and is all-in
_SKR folds
Pikachu84 folds
Dimoro collected 517 from pot
*** SUMMARY ***
Total pot 517 | No rake
Seat 3: Dimoro (button) won 517


Winamax Poker - Tournament "Expresso Nitro" buyIn: 0.93€ + 0.07€ level: 2 - HandId: #2676342294214344705-7-1673820766 - Holdem no limit (15/30) - 2023/01/15 22:12:46 UTC
Table: 'Expresso Nitro(623134499)#0' 3-max (real money) Seat #1 is the button
Seat 1: _SKR (163)
Seat 2: Pikachu84 (220)
Seat 3: Dimoro (517)
*** ANTE/BLINDS ***
Pikachu84 posts small blind 15
Dimoro posts big blind 30
Dealt to _SKR [7s Td]
*** PRE-FLOP *** 
_SKR folds
Pikachu84 calls 15
Dimoro raises 487 to 517 and is all-in
Pikachu84 calls 190 and is all-in
*** FLOP *** [7d 6h Js]
*** TURN *** [7d 6h Js][2s]
*** RIVER *** [7d 6h Js 2s][3c]
*** SHOW DOWN ***
Pikachu84 shows [Ah 5c] (High card : Ace)
Dimoro shows [Th Kc] (High card : King)
Dimoro collected 297 from side pot 1
Pikachu84 collected 440 from main pot
*** SUMMARY ***
Total pot 737 | No rake
Board: [7d 6h Js 2s 3c]
Seat 2: Pikachu84 (small blind) showed [Ah 5c] and won 440 with High card : Ace
Seat 3: Dimoro (big blind) showed [Th Kc] and won 297 with High card : King


Winamax Poker - Tournament "Expresso Nitro" buyIn: 0.93€ + 0.07€ level: 3 - HandId: #2676342294214344705-8-1673820780 - Holdem no limit (20/40) - 2023/01/15 22:13:00 UTC
Table: 'Expresso Nitro(623134499)#0' 3-max (real money) Seat #2 is the button
Seat 1: _SKR (163)
Seat 2: Pikachu84 (440)
Seat 3: Dimoro (297)
*** ANTE/BLINDS ***
Dimoro posts small blind 20
_SKR posts big blind 40
Dealt to _SKR [Js 5s]
*** PRE-FLOP *** 
Pikachu84 folds
Dimoro calls 20
_SKR raises 123 to 163 and is all-in
Dimoro calls 123
*** FLOP *** [Jc 2h 3d]
*** TURN *** [Jc 2h 3d][Qc]
*** RIVER *** [Jc 2h 3d Qc][3s]
*** SHOW DOWN ***
Dimoro shows [Kc 4c] (One pair : 3)
_SKR shows [Js 5s] (Two pairs : Jacks and 3)
_SKR collected 326 from pot
*** SUMMARY ***
Total pot 326 | No rake
Board: [Jc 2h 3d Qc 3s]
Seat 1: _SKR (big blind) showed [Js 5s] and won 326 with Two pairs : Jacks and 3
Seat 3: Dimoro (small blind) showed [Kc 4c] and lost with One pair : 3


Winamax Poker - Tournament "Expresso Nitro" buyIn: 0.93€ + 0.07€ level: 3 - HandId: #2676342294214344705-9-1673820807 - Holdem no limit (20/40) - 2023/01/15 22:13:27 UTC
Table: 'Expresso Nitro(623134499)#0' 3-max (real money) Seat #3 is the button
Seat 1: _SKR (326)
Seat 2: Pikachu84 (440)
Seat 3: Dimoro (134)
*** ANTE/BLINDS ***
_SKR posts small blind 20
Pikachu84 posts big blind 40
Dealt to _SKR [Qc 2d]
*** PRE-FLOP *** 
Dimoro folds
_SKR folds
Pikachu84 collected 60 from pot
*** SUMMARY ***
Total pot 60 | No rake
Seat 2: Pikachu84 (big blind) won 60


Winamax Poker - Tournament "Expresso Nitro" buyIn: 0.93€ + 0.07€ level: 3 - HandId: #2676342294214344705-10-1673820813 - Holdem no limit (20/40) - 2023/01/15 22:13:33 UTC
Table: 'Expresso Nitro(623134499)#0' 3-max (real money) Seat #1 is the button
Seat 1: _SKR (306)
Seat 2: Pikachu84 (460)
Seat 3: Dimoro (134)
*** ANTE/BLINDS ***
Pikachu84 posts small blind 20
Dimoro posts big blind 40
Dealt to _SKR [5h Ts]
*** PRE-FLOP *** 
_SKR folds
Pikachu84 raises 40 to 80
Dimoro raises 54 to 134 and is all-in
Pikachu84 calls 54
*** FLOP *** [Jc 7s 8d]
*** TURN *** [Jc 7s 8d][Kh]
*** RIVER *** [Jc 7s 8d Kh][Js]
*** SHOW DOWN ***
Pikachu84 shows [6c As] (One pair : Jacks)
Dimoro shows [8c 3c] (Two pairs : Jacks and 8)
Dimoro collected 268 from pot
*** SUMMARY ***
Total pot 268 | No rake
Board: [Jc 7s 8d Kh Js]
Seat 2: Pikachu84 (small blind) showed [6c As] and lost with One pair : Jacks
Seat 3: Dimoro (big blind) showed [8c 3c] and won 268 with Two pairs : Jacks and 8


Winamax Poker - Tournament "Expresso Nitro" buyIn: 0.93€ + 0.07€ level: 4 - HandId: #2676342294214344705-11-1673820833 - Holdem no limit (30/60) - 2023/01/15 22:13:53 UTC
Table: 'Expresso Nitro(623134499)#0' 3-max (real money) Seat #2 is the button
Seat 1: _SKR (306)
Seat 2: Pikachu84 (326)
Seat 3: Dimoro (268)
*** ANTE/BLINDS ***
Dimoro posts small blind 30
_SKR posts big blind 60
Dealt to _SKR [8d 4d]
*** PRE-FLOP *** 
Pikachu84 folds
Dimoro raises 208 to 268 and is all-in
_SKR folds
Dimoro collected 328 from pot
*** SUMMARY ***
Total pot 328 | No rake
Seat 3: Dimoro (small blind) won 328


Winamax Poker - Tournament "Expresso Nitro" buyIn: 0.93€ + 0.07€ level: 4 - HandId: #2676342294214344705-12-1673820842 - Holdem no limit (30/60) - 2023/01/15 22:14:02 UTC
Table: 'Expresso Nitro(623134499)#0' 3-max (real money) Seat #3 is the button
Seat 1: _SKR (246)
Seat 2: Pikachu84 (326)
Seat 3: Dimoro (328)
*** ANTE/BLINDS ***
_SKR posts small blind 30
Pikachu84 posts big blind 60
Dealt to _SKR [2d 4d]
*** PRE-FLOP *** 
Dimoro folds
_SKR folds
Pikachu84 collected 90 from pot
*** SUMMARY ***
Total pot 90 | No rake
Seat 2: Pikachu84 (big blind) won 90


Winamax Poker - Tournament "Expresso Nitro" buyIn: 0.93€ + 0.07€ level: 4 - HandId: #2676342294214344705-13-1673820848 - Holdem no limit (30/60) - 2023/01/15 22:14:08 UTC
Table: 'Expresso Nitro(623134499)#0' 3-max (real money) Seat #1 is the button
Seat 1: _SKR (216)
Seat 2: Pikachu84 (356)
Seat 3: Dimoro (328)
*** ANTE/BLINDS ***
Pikachu84 posts small blind 30
Dimoro posts big blind 60
Dealt to _SKR [Kd 5c]
*** PRE-FLOP *** 
_SKR raises 156 to 216 and is all-in
Pikachu84 folds
Dimoro raises 112 to 328 and is all-in
*** FLOP *** [Jd 3c Ks]
*** TURN *** [Jd 3c Ks][8c]
*** RIVER *** [Jd 3c Ks 8c][2s]
*** SHOW DOWN ***
_SKR shows [Kd 5c] (One pair : Kings)
Dimoro shows [7h Ad] (High card : Ace)
Dimoro collected 112 from side pot 1
_SKR collected 462 from main pot
*** SUMMARY ***
Total pot 574 | No rake
Board: [Jd 3c Ks 8c 2s]
Seat 1: _SKR (button) showed [Kd 5c] and won 462 with One pair : Kings
Seat 3: Dimoro (big blind) showed [7h Ad] and won 112 with High card : Ace


Winamax Poker - Tournament "Expresso Nitro" buyIn: 0.93€ + 0.07€ level: 4 - HandId: #2676342294214344705-14-1673820860 - Holdem no limit (30/60) - 2023/01/15 22:14:20 UTC
Table: 'Expresso Nitro(623134499)#0' 3-max (real money) Seat #2 is the button
Seat 1: _SKR (462)
Seat 2: Pikachu84 (326)
Seat 3: Dimoro (112)
*** ANTE/BLINDS ***
Dimoro posts small blind 30
_SKR posts big blind 60
Dealt to _SKR [5h 9c]
*** PRE-FLOP *** 
Pikachu84 folds
Dimoro raises 52 to 112 and is all-in
_SKR calls 52
*** FLOP *** [6s Jh As]
*** TURN *** [6s Jh As][5c]
*** RIVER *** [6s Jh As 5c][Jc]
*** SHOW DOWN ***
_SKR shows [5h 9c] (Two pairs : Jacks and 5)
Dimoro shows [7s Ac] (Two pairs : Aces and Jacks)
Dimoro collected 224 from pot
*** SUMMARY ***
Total pot 224 | No rake
Board: [6s Jh As 5c Jc]
Seat 1: _SKR (big blind) showed [5h 9c] and lost with Two pairs : Jacks and 5
Seat 3: Dimoro (small blind) showed [7s Ac] and won 224 with Two pairs : Aces and Jacks


Winamax Poker - Tournament "Expresso Nitro" buyIn: 0.93€ + 0.07€ level: 4 - HandId: #2676342294214344705-15-1673820879 - Holdem no limit (30/60) - 2023/01/15 22:14:39 UTC
Table: 'Expresso Nitro(623134499)#0' 3-max (real money) Seat #3 is the button
Seat 1: _SKR (350)
Seat 2: Pikachu84 (326)
Seat 3: Dimoro (224)
*** ANTE/BLINDS ***
_SKR posts small blind 30
Pikachu84 posts big blind 60
Dealt to _SKR [Th 2d]
*** PRE-FLOP *** 
Dimoro raises 164 to 224 and is all-in
_SKR folds
Pikachu84 folds
Dimoro collected 314 from pot
*** SUMMARY ***
Total pot 314 | No rake
Seat 3: Dimoro (button) won 314


Winamax Poker - Tournament "Expresso Nitro" buyIn: 0.93€ + 0.07€ level: 5 - HandId: #2676342294214344705-16-1673820897 - Holdem no limit (40/80) - 2023/01/15 22:14:57 UTC
Table: 'Expresso Nitro(623134499)#0' 3-max (real money) Seat #1 is the button
Seat 1: _SKR (320)
Seat 2: Pikachu84 (266)
Seat 3: Dimoro (314)
*** ANTE/BLINDS ***
Pikachu84 posts small blind 40
Dimoro posts big blind 80
Dealt to _SKR [5h 3h]
*** PRE-FLOP *** 
_SKR folds
Pikachu84 folds
Dimoro collected 120 from pot
*** SUMMARY ***
Total pot 120 | No rake
Seat 3: Dimoro (big blind) won 120


Winamax Poker - Tournament "Expresso Nitro" buyIn: 0.93€ + 0.07€ level: 5 - HandId: #2676342294214344705-17-1673820905 - Holdem no limit (40/80) - 2023/01/15 22:15:05 UTC
Table: 'Expresso Nitro(623134499)#0' 3-max (real money) Seat #2 is the button
Seat 1: _SKR (320)
Seat 2: Pikachu84 (226)
Seat 3: Dimoro (354)
*** ANTE/BLINDS ***
Dimoro posts small blind 40
_SKR posts big blind 80
Dealt to _SKR [2h 4c]
*** PRE-FLOP *** 
Pikachu84 calls 80
Dimoro folds
_SKR checks
*** FLOP *** [5c 2s 2c]
_SKR checks
Pikachu84 bets 80
_SKR calls 80
*** TURN *** [5c 2s 2c][6s]
_SKR checks
Pikachu84 bets 66 and is all-in
_SKR calls 66
*** RIVER *** [5c 2s 2c 6s][Td]
*** SHOW DOWN ***
Pikachu84 shows [Qc Qh] (Two pairs : Queens and 2)
_SKR shows [2h 4c] (Trips of 2)
_SKR collected 492 from pot
*** SUMMARY ***
Total pot 492 | No rake
Board: [5c 2s 2c 6s Td]
Seat 1: _SKR (big blind) showed [2h 4c] and won 492 with Trips of 2
Seat 2: Pikachu84 (button) showed [Qc Qh] and lost with Two pairs : Queens and 2


Winamax Poker - Tournament "Expresso Nitro" buyIn: 0.93€ + 0.07€ level: 5 - HandId: #2676342294214344705-18-1673820948 - Holdem no limit (40/80) - 2023/01/15 22:15:48 UTC
Table: 'Expresso Nitro(623134499)#0' 3-max (real money) Seat #1 is the button
Seat 1: _SKR (586)
Seat 3: Dimoro (314)
*** ANTE/BLINDS ***
_SKR posts small blind 40
Dimoro posts big blind 80
Dealt to _SKR [2c Ah]
*** PRE-FLOP *** 
_SKR raises 506 to 586 and is all-in
Dimoro calls 234 and is all-in
*** FLOP *** [8d 9s 4c]
*** TURN *** [8d 9s 4c][2s]
*** RIVER *** [8d 9s 4c 2s][Qc]
*** SHOW DOWN ***
Dimoro shows [6h 7h] (High card : Queen)
_SKR shows [2c Ah] (One pair : 2)
_SKR collected 900 from pot
*** SUMMARY ***
Total pot 900 | No rake
Board: [8d 9s 4c 2s Qc]
Seat 1: _SKR (small blind) (button) showed [2c Ah] and won 900 with One pair : 2
Seat 3: Dimoro (big blind) showed [6h 7h] and lost with High card : Queen


