Winamax Poker - Tournament "Expresso Nitro" buyIn: 1.86€ + 0.14€ level: 1 - HandId: #2698135993361367041-1-1675182348 - Holdem no limit (10/20) - 2023/01/31 16:25:48 UTC
Table: 'Expresso Nitro(628208740)#0' 3-max (real money) Seat #2 is the button
Seat 1: _SKR (300)
Seat 2: Robinzday (300)
Seat 3: guepard66 (300)
*** ANTE/BLINDS ***
guepard66 posts small blind 10
_SKR posts big blind 20
Dealt to _SKR [Ah 6d]
*** PRE-FLOP *** 
Robinzday raises 40 to 60
guepard66 folds
_SKR folds
Robinzday collected 90 from pot
*** SUMMARY ***
Total pot 90 | No rake
Seat 2: Robinzday (button) won 90


Winamax Poker - Tournament "Expresso Nitro" buyIn: 1.86€ + 0.14€ level: 1 - HandId: #2698135993361367041-2-1675182365 - Holdem no limit (10/20) - 2023/01/31 16:26:05 UTC
Table: 'Expresso Nitro(628208740)#0' 3-max (real money) Seat #3 is the button
Seat 1: _SKR (280)
Seat 2: Robinzday (330)
Seat 3: guepard66 (290)
*** ANTE/BLINDS ***
_SKR posts small blind 10
Robinzday posts big blind 20
Dealt to _SKR [9d 8d]
*** PRE-FLOP *** 
guepard66 folds
_SKR calls 10
Robinzday checks
*** FLOP *** [Js 9s 3c]
_SKR bets 20
Robinzday folds
_SKR collected 60 from pot
*** SUMMARY ***
Total pot 60 | No rake
Board: [Js 9s 3c]
Seat 1: _SKR (small blind) won 60


Winamax Poker - Tournament "Expresso Nitro" buyIn: 1.86€ + 0.14€ level: 1 - HandId: #2698135993361367041-3-1675182379 - Holdem no limit (10/20) - 2023/01/31 16:26:19 UTC
Table: 'Expresso Nitro(628208740)#0' 3-max (real money) Seat #1 is the button
Seat 1: _SKR (300)
Seat 2: Robinzday (310)
Seat 3: guepard66 (290)
*** ANTE/BLINDS ***
Robinzday posts small blind 10
guepard66 posts big blind 20
Dealt to _SKR [Tc Th]
*** PRE-FLOP *** 
_SKR raises 280 to 300 and is all-in
Robinzday folds
guepard66 folds
_SKR collected 330 from pot
*** SUMMARY ***
Total pot 330 | No rake
Seat 1: _SKR (button) won 330


Winamax Poker - Tournament "Expresso Nitro" buyIn: 1.86€ + 0.14€ level: 1 - HandId: #2698135993361367041-4-1675182386 - Holdem no limit (10/20) - 2023/01/31 16:26:26 UTC
Table: 'Expresso Nitro(628208740)#0' 3-max (real money) Seat #2 is the button
Seat 1: _SKR (330)
Seat 2: Robinzday (300)
Seat 3: guepard66 (270)
*** ANTE/BLINDS ***
guepard66 posts small blind 10
_SKR posts big blind 20
Dealt to _SKR [7c Qh]
*** PRE-FLOP *** 
Robinzday folds
guepard66 calls 10
_SKR checks
*** FLOP *** [Kh 8d 7s]
guepard66 bets 20
_SKR calls 20
*** TURN *** [Kh 8d 7s][Ah]
guepard66 bets 40
_SKR calls 40
*** RIVER *** [Kh 8d 7s Ah][2d]
guepard66 bets 160
_SKR folds
guepard66 collected 320 from pot
*** SUMMARY ***
Total pot 320 | No rake
Board: [Kh 8d 7s Ah 2d]
Seat 3: guepard66 (small blind) won 320


Winamax Poker - Tournament "Expresso Nitro" buyIn: 1.86€ + 0.14€ level: 2 - HandId: #2698135993361367041-5-1675182418 - Holdem no limit (15/30) - 2023/01/31 16:26:58 UTC
Table: 'Expresso Nitro(628208740)#0' 3-max (real money) Seat #3 is the button
Seat 1: _SKR (250)
Seat 2: Robinzday (300)
Seat 3: guepard66 (350)
*** ANTE/BLINDS ***
_SKR posts small blind 15
Robinzday posts big blind 30
Dealt to _SKR [Kd 2c]
*** PRE-FLOP *** 
guepard66 calls 30
_SKR folds
Robinzday checks
*** FLOP *** [7h Qh 2h]
Robinzday checks
guepard66 bets 30
Robinzday folds
guepard66 collected 105 from pot
*** SUMMARY ***
Total pot 105 | No rake
Board: [7h Qh 2h]
Seat 3: guepard66 (button) won 105


Winamax Poker - Tournament "Expresso Nitro" buyIn: 1.86€ + 0.14€ level: 2 - HandId: #2698135993361367041-6-1675182435 - Holdem no limit (15/30) - 2023/01/31 16:27:15 UTC
Table: 'Expresso Nitro(628208740)#0' 3-max (real money) Seat #1 is the button
Seat 1: _SKR (235)
Seat 2: Robinzday (270)
Seat 3: guepard66 (395)
*** ANTE/BLINDS ***
Robinzday posts small blind 15
guepard66 posts big blind 30
Dealt to _SKR [6s 8c]
*** PRE-FLOP *** 
_SKR folds
Robinzday calls 15
guepard66 checks
*** FLOP *** [3d Qc 3h]
Robinzday bets 30
guepard66 calls 30
*** TURN *** [3d Qc 3h][Jh]
Robinzday bets 60
guepard66 calls 60
*** RIVER *** [3d Qc 3h Jh][7h]
Robinzday bets 150 and is all-in
guepard66 calls 150
*** SHOW DOWN ***
Robinzday shows [9c 8s] (One pair : 3)
guepard66 shows [Kh 3s] (Trips of 3)
guepard66 collected 540 from pot
*** SUMMARY ***
Total pot 540 | No rake
Board: [3d Qc 3h Jh 7h]
Seat 2: Robinzday (small blind) showed [9c 8s] and lost with One pair : 3
Seat 3: guepard66 (big blind) showed [Kh 3s] and won 540 with Trips of 3


Winamax Poker - Tournament "Expresso Nitro" buyIn: 1.86€ + 0.14€ level: 3 - HandId: #2698135993361367041-7-1675182483 - Holdem no limit (20/40) - 2023/01/31 16:28:03 UTC
Table: 'Expresso Nitro(628208740)#0' 3-max (real money) Seat #3 is the button
Seat 1: _SKR (235)
Seat 3: guepard66 (665)
*** ANTE/BLINDS ***
guepard66 posts small blind 20
_SKR posts big blind 40
Dealt to _SKR [3h 2h]
*** PRE-FLOP *** 
guepard66 calls 20
_SKR checks
*** FLOP *** [3s Tc Ts]
_SKR bets 195 and is all-in
guepard66 folds
_SKR collected 275 from pot
*** SUMMARY ***
Total pot 275 | No rake
Board: [3s Tc Ts]
Seat 1: _SKR (big blind) won 275


Winamax Poker - Tournament "Expresso Nitro" buyIn: 1.86€ + 0.14€ level: 3 - HandId: #2698135993361367041-8-1675182493 - Holdem no limit (20/40) - 2023/01/31 16:28:13 UTC
Table: 'Expresso Nitro(628208740)#0' 3-max (real money) Seat #1 is the button
Seat 1: _SKR (275)
Seat 3: guepard66 (625)
*** ANTE/BLINDS ***
_SKR posts small blind 20
guepard66 posts big blind 40
Dealt to _SKR [9c Ad]
*** PRE-FLOP *** 
_SKR raises 235 to 275 and is all-in
guepard66 folds
_SKR collected 315 from pot
*** SUMMARY ***
Total pot 315 | No rake
Seat 1: _SKR (small blind) (button) won 315


Winamax Poker - Tournament "Expresso Nitro" buyIn: 1.86€ + 0.14€ level: 3 - HandId: #2698135993361367041-9-1675182499 - Holdem no limit (20/40) - 2023/01/31 16:28:19 UTC
Table: 'Expresso Nitro(628208740)#0' 3-max (real money) Seat #3 is the button
Seat 1: _SKR (315)
Seat 3: guepard66 (585)
*** ANTE/BLINDS ***
guepard66 posts small blind 20
_SKR posts big blind 40
Dealt to _SKR [4d 3s]
*** PRE-FLOP *** 
guepard66 raises 545 to 585 and is all-in
_SKR folds
guepard66 collected 625 from pot
*** SUMMARY ***
Total pot 625 | No rake
Seat 3: guepard66 (small blind) (button) won 625


Winamax Poker - Tournament "Expresso Nitro" buyIn: 1.86€ + 0.14€ level: 3 - HandId: #2698135993361367041-10-1675182508 - Holdem no limit (20/40) - 2023/01/31 16:28:28 UTC
Table: 'Expresso Nitro(628208740)#0' 3-max (real money) Seat #1 is the button
Seat 1: _SKR (275)
Seat 3: guepard66 (625)
*** ANTE/BLINDS ***
_SKR posts small blind 20
guepard66 posts big blind 40
Dealt to _SKR [4c 6c]
*** PRE-FLOP *** 
_SKR folds
guepard66 collected 60 from pot
*** SUMMARY ***
Total pot 60 | No rake
Seat 3: guepard66 (big blind) won 60


Winamax Poker - Tournament "Expresso Nitro" buyIn: 1.86€ + 0.14€ level: 3 - HandId: #2698135993361367041-11-1675182513 - Holdem no limit (20/40) - 2023/01/31 16:28:33 UTC
Table: 'Expresso Nitro(628208740)#0' 3-max (real money) Seat #3 is the button
Seat 1: _SKR (255)
Seat 3: guepard66 (645)
*** ANTE/BLINDS ***
guepard66 posts small blind 20
_SKR posts big blind 40
Dealt to _SKR [3d 3c]
*** PRE-FLOP *** 
guepard66 calls 20
_SKR raises 215 to 255 and is all-in
guepard66 folds
_SKR collected 295 from pot
*** SUMMARY ***
Total pot 295 | No rake
Seat 1: _SKR (big blind) won 295


Winamax Poker - Tournament "Expresso Nitro" buyIn: 1.86€ + 0.14€ level: 3 - HandId: #2698135993361367041-12-1675182520 - Holdem no limit (20/40) - 2023/01/31 16:28:40 UTC
Table: 'Expresso Nitro(628208740)#0' 3-max (real money) Seat #1 is the button
Seat 1: _SKR (295)
Seat 3: guepard66 (605)
*** ANTE/BLINDS ***
_SKR posts small blind 20
guepard66 posts big blind 40
Dealt to _SKR [4c Js]
*** PRE-FLOP *** 
_SKR folds
guepard66 collected 60 from pot
*** SUMMARY ***
Total pot 60 | No rake
Seat 3: guepard66 (big blind) won 60


Winamax Poker - Tournament "Expresso Nitro" buyIn: 1.86€ + 0.14€ level: 4 - HandId: #2698135993361367041-13-1675182525 - Holdem no limit (30/60) - 2023/01/31 16:28:45 UTC
Table: 'Expresso Nitro(628208740)#0' 3-max (real money) Seat #3 is the button
Seat 1: _SKR (275)
Seat 3: guepard66 (625)
*** ANTE/BLINDS ***
guepard66 posts small blind 30
_SKR posts big blind 60
Dealt to _SKR [7d 4s]
*** PRE-FLOP *** 
guepard66 folds
_SKR collected 90 from pot
*** SUMMARY ***
Total pot 90 | No rake
Seat 1: _SKR (big blind) won 90


Winamax Poker - Tournament "Expresso Nitro" buyIn: 1.86€ + 0.14€ level: 4 - HandId: #2698135993361367041-14-1675182529 - Holdem no limit (30/60) - 2023/01/31 16:28:49 UTC
Table: 'Expresso Nitro(628208740)#0' 3-max (real money) Seat #1 is the button
Seat 1: _SKR (305)
Seat 3: guepard66 (595)
*** ANTE/BLINDS ***
_SKR posts small blind 30
guepard66 posts big blind 60
Dealt to _SKR [Jd 2c]
*** PRE-FLOP *** 
_SKR folds
guepard66 collected 90 from pot
*** SUMMARY ***
Total pot 90 | No rake
Seat 3: guepard66 (big blind) won 90


Winamax Poker - Tournament "Expresso Nitro" buyIn: 1.86€ + 0.14€ level: 4 - HandId: #2698135993361367041-15-1675182534 - Holdem no limit (30/60) - 2023/01/31 16:28:54 UTC
Table: 'Expresso Nitro(628208740)#0' 3-max (real money) Seat #3 is the button
Seat 1: _SKR (275)
Seat 3: guepard66 (625)
*** ANTE/BLINDS ***
guepard66 posts small blind 30
_SKR posts big blind 60
Dealt to _SKR [Js Qs]
*** PRE-FLOP *** 
guepard66 calls 30
_SKR raises 215 to 275 and is all-in
guepard66 calls 215
*** FLOP *** [3d Td Jd]
*** TURN *** [3d Td Jd][As]
*** RIVER *** [3d Td Jd As][2s]
*** SHOW DOWN ***
_SKR shows [Js Qs] (One pair : Jacks)
guepard66 shows [2c Jh] (Two pairs : Jacks and 2)
guepard66 collected 550 from pot
*** SUMMARY ***
Total pot 550 | No rake
Board: [3d Td Jd As 2s]
Seat 1: _SKR (big blind) showed [Js Qs] and lost with One pair : Jacks
Seat 3: guepard66 (small blind) (button) showed [2c Jh] and won 550 with Two pairs : Jacks and 2


