Winamax Poker - Tournament "Expresso Nitro" buyIn: 0.93€ + 0.07€ level: 1 - HandId: #2690600619269423105-1-1674687427 - Holdem no limit (10/20) - 2023/01/25 22:57:07 UTC
Table: 'Expresso Nitro(626454274)#0' 3-max (real money) Seat #2 is the button
Seat 1: Bami65 (300)
Seat 2: AUROVILLE (300)
Seat 3: _SKR (300)
*** ANTE/BLINDS ***
_SKR posts small blind 10
Bami65 posts big blind 20
Dealt to _SKR [Qh 7d]
*** PRE-FLOP *** 
AUROVILLE raises 280 to 300 and is all-in
_SKR folds
Bami65 folds
AUROVILLE collected 330 from pot
*** SUMMARY ***
Total pot 330 | No rake
Seat 2: AUROVILLE (button) won 330


Winamax Poker - Tournament "Expresso Nitro" buyIn: 0.93€ + 0.07€ level: 1 - HandId: #2690600619269423105-2-1674687438 - Holdem no limit (10/20) - 2023/01/25 22:57:18 UTC
Table: 'Expresso Nitro(626454274)#0' 3-max (real money) Seat #3 is the button
Seat 1: Bami65 (280)
Seat 2: AUROVILLE (330)
Seat 3: _SKR (290)
*** ANTE/BLINDS ***
Bami65 posts small blind 10
AUROVILLE posts big blind 20
Dealt to _SKR [7c 5d]
*** PRE-FLOP *** 
_SKR folds
Bami65 raises 260 to 280 and is all-in
AUROVILLE calls 260
*** FLOP *** [5h 4h 8c]
*** TURN *** [5h 4h 8c][Ah]
*** RIVER *** [5h 4h 8c Ah][2h]
*** SHOW DOWN ***
Bami65 shows [Js Qs] (High card : Ace)
AUROVILLE shows [Kd Kc] (One pair : Kings)
AUROVILLE collected 560 from pot
*** SUMMARY ***
Total pot 560 | No rake
Board: [5h 4h 8c Ah 2h]
Seat 1: Bami65 (small blind) showed [Js Qs] and lost with High card : Ace
Seat 2: AUROVILLE (big blind) showed [Kd Kc] and won 560 with One pair : Kings


Winamax Poker - Tournament "Expresso Nitro" buyIn: 0.93€ + 0.07€ level: 1 - HandId: #2690600619269423105-3-1674687458 - Holdem no limit (10/20) - 2023/01/25 22:57:38 UTC
Table: 'Expresso Nitro(626454274)#0' 3-max (real money) Seat #2 is the button
Seat 2: AUROVILLE (610)
Seat 3: _SKR (290)
*** ANTE/BLINDS ***
AUROVILLE posts small blind 10
_SKR posts big blind 20
Dealt to _SKR [8d Qd]
*** PRE-FLOP *** 
AUROVILLE folds
_SKR collected 30 from pot
*** SUMMARY ***
Total pot 30 | No rake
Seat 3: _SKR (big blind) won 30


Winamax Poker - Tournament "Expresso Nitro" buyIn: 0.93€ + 0.07€ level: 1 - HandId: #2690600619269423105-4-1674687467 - Holdem no limit (10/20) - 2023/01/25 22:57:47 UTC
Table: 'Expresso Nitro(626454274)#0' 3-max (real money) Seat #3 is the button
Seat 2: AUROVILLE (600)
Seat 3: _SKR (300)
*** ANTE/BLINDS ***
_SKR posts small blind 10
AUROVILLE posts big blind 20
Dealt to _SKR [6d 7s]
*** PRE-FLOP *** 
_SKR folds
AUROVILLE collected 30 from pot
*** SUMMARY ***
Total pot 30 | No rake
Seat 2: AUROVILLE (big blind) won 30


Winamax Poker - Tournament "Expresso Nitro" buyIn: 0.93€ + 0.07€ level: 1 - HandId: #2690600619269423105-5-1674687479 - Holdem no limit (10/20) - 2023/01/25 22:57:59 UTC
Table: 'Expresso Nitro(626454274)#0' 3-max (real money) Seat #2 is the button
Seat 2: AUROVILLE (610)
Seat 3: _SKR (290)
*** ANTE/BLINDS ***
AUROVILLE posts small blind 10
_SKR posts big blind 20
Dealt to _SKR [8c Ts]
*** PRE-FLOP *** 
AUROVILLE raises 40 to 60
_SKR folds
AUROVILLE collected 80 from pot
*** SUMMARY ***
Total pot 80 | No rake
Seat 2: AUROVILLE (small blind) (button) won 80


Winamax Poker - Tournament "Expresso Nitro" buyIn: 0.93€ + 0.07€ level: 2 - HandId: #2690600619269423105-6-1674687490 - Holdem no limit (15/30) - 2023/01/25 22:58:10 UTC
Table: 'Expresso Nitro(626454274)#0' 3-max (real money) Seat #3 is the button
Seat 2: AUROVILLE (630)
Seat 3: _SKR (270)
*** ANTE/BLINDS ***
_SKR posts small blind 15
AUROVILLE posts big blind 30
Dealt to _SKR [Qd Qh]
*** PRE-FLOP *** 
_SKR calls 15
AUROVILLE raises 600 to 630 and is all-in
_SKR calls 240 and is all-in
*** FLOP *** [Kd 2h 4s]
*** TURN *** [Kd 2h 4s][7c]
*** RIVER *** [Kd 2h 4s 7c][6s]
*** SHOW DOWN ***
AUROVILLE shows [8c Ah] (High card : Ace)
_SKR shows [Qd Qh] (One pair : Queens)
_SKR collected 540 from main pot
AUROVILLE collected 360 from side pot 1
*** SUMMARY ***
Total pot 900 | No rake
Board: [Kd 2h 4s 7c 6s]
Seat 2: AUROVILLE (big blind) showed [8c Ah] and won 360 with High card : Ace
Seat 3: _SKR (small blind) (button) showed [Qd Qh] and won 540 with One pair : Queens


Winamax Poker - Tournament "Expresso Nitro" buyIn: 0.93€ + 0.07€ level: 2 - HandId: #2690600619269423105-7-1674687509 - Holdem no limit (15/30) - 2023/01/25 22:58:29 UTC
Table: 'Expresso Nitro(626454274)#0' 3-max (real money) Seat #2 is the button
Seat 2: AUROVILLE (360)
Seat 3: _SKR (540)
*** ANTE/BLINDS ***
AUROVILLE posts small blind 15
_SKR posts big blind 30
Dealt to _SKR [8s Ac]
*** PRE-FLOP *** 
AUROVILLE raises 330 to 360 and is all-in
_SKR calls 330
*** FLOP *** [Ks Kd As]
*** TURN *** [Ks Kd As][2c]
*** RIVER *** [Ks Kd As 2c][5s]
*** SHOW DOWN ***
AUROVILLE shows [Qs 4d] (One pair : Kings)
_SKR shows [8s Ac] (Two pairs : Aces and Kings)
_SKR collected 720 from pot
*** SUMMARY ***
Total pot 720 | No rake
Board: [Ks Kd As 2c 5s]
Seat 2: AUROVILLE (small blind) (button) showed [Qs 4d] and lost with One pair : Kings
Seat 3: _SKR (big blind) showed [8s Ac] and won 720 with Two pairs : Aces and Kings


