Winamax Poker - Tournament "Expresso Nitro" buyIn: 0.93€ + 0.07€ level: 1 - HandId: #2692532529918902273-1-1674829202 - Holdem no limit (10/20) - 2023/01/27 14:20:02 UTC
Table: 'Expresso Nitro(626904082)#0' 3-max (real money) Seat #2 is the button
Seat 1: clem12002 (300)
Seat 2: _SKR (300)
Seat 3: Arsene2b (300)
*** ANTE/BLINDS ***
Arsene2b posts small blind 10
clem12002 posts big blind 20
Dealt to _SKR [5c Jd]
*** PRE-FLOP *** 
_SKR folds
Arsene2b calls 10
clem12002 raises 50 to 70
Arsene2b calls 50
*** FLOP *** [2h Qh 3h]
Arsene2b checks
clem12002 bets 230 and is all-in
Arsene2b calls 230 and is all-in
*** TURN *** [2h Qh 3h][3s]
*** RIVER *** [2h Qh 3h 3s][Jh]
*** SHOW DOWN ***
Arsene2b shows [4h 7h] (Flush Queen high)
clem12002 shows [Qc Kh] (Flush King high)
clem12002 collected 600 from pot
*** SUMMARY ***
Total pot 600 | No rake
Board: [2h Qh 3h 3s Jh]
Seat 1: clem12002 (big blind) showed [Qc Kh] and won 600 with Flush King high
Seat 3: Arsene2b (small blind) showed [4h 7h] and lost with Flush Queen high


Winamax Poker - Tournament "Expresso Nitro" buyIn: 0.93€ + 0.07€ level: 1 - HandId: #2692532529918902273-2-1674829221 - Holdem no limit (10/20) - 2023/01/27 14:20:21 UTC
Table: 'Expresso Nitro(626904082)#0' 3-max (real money) Seat #1 is the button
Seat 1: clem12002 (600)
Seat 2: _SKR (300)
*** ANTE/BLINDS ***
clem12002 posts small blind 10
_SKR posts big blind 20
Dealt to _SKR [5s Qh]
*** PRE-FLOP *** 
clem12002 calls 10
_SKR checks
*** FLOP *** [9c Kh 9d]
_SKR checks
clem12002 checks
*** TURN *** [9c Kh 9d][2c]
_SKR checks
clem12002 bets 60
_SKR folds
clem12002 collected 100 from pot
*** SUMMARY ***
Total pot 100 | No rake
Board: [9c Kh 9d 2c]
Seat 1: clem12002 (small blind) (button) won 100


Winamax Poker - Tournament "Expresso Nitro" buyIn: 0.93€ + 0.07€ level: 1 - HandId: #2692532529918902273-3-1674829255 - Holdem no limit (10/20) - 2023/01/27 14:20:55 UTC
Table: 'Expresso Nitro(626904082)#0' 3-max (real money) Seat #2 is the button
Seat 1: clem12002 (620)
Seat 2: _SKR (280)
*** ANTE/BLINDS ***
_SKR posts small blind 10
clem12002 posts big blind 20
Dealt to _SKR [4d 8h]
*** PRE-FLOP *** 
_SKR folds
clem12002 collected 30 from pot
*** SUMMARY ***
Total pot 30 | No rake
Seat 1: clem12002 (big blind) won 30


Winamax Poker - Tournament "Expresso Nitro" buyIn: 0.93€ + 0.07€ level: 2 - HandId: #2692532529918902273-4-1674829259 - Holdem no limit (15/30) - 2023/01/27 14:20:59 UTC
Table: 'Expresso Nitro(626904082)#0' 3-max (real money) Seat #1 is the button
Seat 1: clem12002 (630)
Seat 2: _SKR (270)
*** ANTE/BLINDS ***
clem12002 posts small blind 15
_SKR posts big blind 30
Dealt to _SKR [3h Kh]
*** PRE-FLOP *** 
clem12002 raises 30 to 60
_SKR calls 30
*** FLOP *** [2s Qd 8d]
_SKR checks
clem12002 checks
*** TURN *** [2s Qd 8d][7d]
_SKR checks
clem12002 checks
*** RIVER *** [2s Qd 8d 7d][6d]
_SKR checks
clem12002 checks
*** SHOW DOWN ***
_SKR shows [3h Kh] (High card : King)
clem12002 shows [6c As] (One pair : 6)
clem12002 collected 120 from pot
*** SUMMARY ***
Total pot 120 | No rake
Board: [2s Qd 8d 7d 6d]
Seat 1: clem12002 (small blind) (button) showed [6c As] and won 120 with One pair : 6
Seat 2: _SKR (big blind) showed [3h Kh] and lost with High card : King


Winamax Poker - Tournament "Expresso Nitro" buyIn: 0.93€ + 0.07€ level: 2 - HandId: #2692532529918902273-5-1674829288 - Holdem no limit (15/30) - 2023/01/27 14:21:28 UTC
Table: 'Expresso Nitro(626904082)#0' 3-max (real money) Seat #2 is the button
Seat 1: clem12002 (690)
Seat 2: _SKR (210)
*** ANTE/BLINDS ***
_SKR posts small blind 15
clem12002 posts big blind 30
Dealt to _SKR [Kc 5c]
*** PRE-FLOP *** 
_SKR raises 180 to 210 and is all-in
clem12002 folds
_SKR collected 240 from pot
*** SUMMARY ***
Total pot 240 | No rake
Seat 2: _SKR (small blind) (button) won 240


Winamax Poker - Tournament "Expresso Nitro" buyIn: 0.93€ + 0.07€ level: 2 - HandId: #2692532529918902273-6-1674829295 - Holdem no limit (15/30) - 2023/01/27 14:21:35 UTC
Table: 'Expresso Nitro(626904082)#0' 3-max (real money) Seat #1 is the button
Seat 1: clem12002 (660)
Seat 2: _SKR (240)
*** ANTE/BLINDS ***
clem12002 posts small blind 15
_SKR posts big blind 30
Dealt to _SKR [Ts 8d]
*** PRE-FLOP *** 
clem12002 calls 15
_SKR checks
*** FLOP *** [Td 5c 3c]
_SKR checks
clem12002 checks
*** TURN *** [Td 5c 3c][9s]
_SKR checks
clem12002 checks
*** RIVER *** [Td 5c 3c 9s][9c]
_SKR checks
clem12002 checks
*** SHOW DOWN ***
clem12002 shows [4h 8h] (One pair : 9)
_SKR shows [Ts 8d] (Two pairs : Tens and 9)
_SKR collected 60 from pot
*** SUMMARY ***
Total pot 60 | No rake
Board: [Td 5c 3c 9s 9c]
Seat 1: clem12002 (small blind) (button) showed [4h 8h] and lost with One pair : 9
Seat 2: _SKR (big blind) showed [Ts 8d] and won 60 with Two pairs : Tens and 9


Winamax Poker - Tournament "Expresso Nitro" buyIn: 0.93€ + 0.07€ level: 2 - HandId: #2692532529918902273-7-1674829314 - Holdem no limit (15/30) - 2023/01/27 14:21:54 UTC
Table: 'Expresso Nitro(626904082)#0' 3-max (real money) Seat #2 is the button
Seat 1: clem12002 (630)
Seat 2: _SKR (270)
*** ANTE/BLINDS ***
_SKR posts small blind 15
clem12002 posts big blind 30
Dealt to _SKR [Ts Ah]
*** PRE-FLOP *** 
_SKR raises 240 to 270 and is all-in
clem12002 calls 240
*** FLOP *** [3s 8h 4s]
*** TURN *** [3s 8h 4s][9c]
*** RIVER *** [3s 8h 4s 9c][5h]
*** SHOW DOWN ***
_SKR shows [Ts Ah] (High card : Ace)
clem12002 shows [Kd 5d] (One pair : 5)
clem12002 collected 540 from pot
*** SUMMARY ***
Total pot 540 | No rake
Board: [3s 8h 4s 9c 5h]
Seat 1: clem12002 (big blind) showed [Kd 5d] and won 540 with One pair : 5
Seat 2: _SKR (small blind) (button) showed [Ts Ah] and lost with High card : Ace


