Winamax Poker - Tournament "Expresso Nitro" buyIn: 0.93€ + 0.07€ level: 1 - HandId: #2674131184920821761-1-1673702575 - Holdem no limit (10/20) - 2023/01/14 13:22:55 UTC
Table: 'Expresso Nitro(622619685)#0' 3-max (real money) Seat #1 is the button
Seat 1: Doudax_944 (300)
Seat 2: _SKR (300)
Seat 3: Chotime28 (300)
*** ANTE/BLINDS ***
_SKR posts small blind 10
Chotime28 posts big blind 20
Dealt to _SKR [2h 5c]
*** PRE-FLOP *** 
Doudax_944 raises 280 to 300 and is all-in
_SKR folds
Chotime28 folds
Doudax_944 collected 330 from pot
*** SUMMARY ***
Total pot 330 | No rake
Seat 1: Doudax_944 (button) won 330


Winamax Poker - Tournament "Expresso Nitro" buyIn: 0.93€ + 0.07€ level: 1 - HandId: #2674131184920821761-2-1673702581 - Holdem no limit (10/20) - 2023/01/14 13:23:01 UTC
Table: 'Expresso Nitro(622619685)#0' 3-max (real money) Seat #2 is the button
Seat 1: Doudax_944 (330)
Seat 2: _SKR (290)
Seat 3: Chotime28 (280)
*** ANTE/BLINDS ***
Chotime28 posts small blind 10
Doudax_944 posts big blind 20
Dealt to _SKR [Ad 9d]
*** PRE-FLOP *** 
_SKR raises 20 to 40
Chotime28 folds
Doudax_944 folds
_SKR collected 70 from pot
*** SUMMARY ***
Total pot 70 | No rake
Seat 2: _SKR (button) won 70


Winamax Poker - Tournament "Expresso Nitro" buyIn: 0.93€ + 0.07€ level: 1 - HandId: #2674131184920821761-3-1673702590 - Holdem no limit (10/20) - 2023/01/14 13:23:10 UTC
Table: 'Expresso Nitro(622619685)#0' 3-max (real money) Seat #3 is the button
Seat 1: Doudax_944 (310)
Seat 2: _SKR (320)
Seat 3: Chotime28 (270)
*** ANTE/BLINDS ***
Doudax_944 posts small blind 10
_SKR posts big blind 20
Dealt to _SKR [Kh 9s]
*** PRE-FLOP *** 
Chotime28 raises 250 to 270 and is all-in
Doudax_944 folds
_SKR folds
Chotime28 collected 300 from pot
*** SUMMARY ***
Total pot 300 | No rake
Seat 3: Chotime28 (button) won 300


Winamax Poker - Tournament "Expresso Nitro" buyIn: 0.93€ + 0.07€ level: 1 - HandId: #2674131184920821761-4-1673702613 - Holdem no limit (10/20) - 2023/01/14 13:23:33 UTC
Table: 'Expresso Nitro(622619685)#0' 3-max (real money) Seat #1 is the button
Seat 1: Doudax_944 (300)
Seat 2: _SKR (300)
Seat 3: Chotime28 (300)
*** ANTE/BLINDS ***
_SKR posts small blind 10
Chotime28 posts big blind 20
Dealt to _SKR [Ts 3s]
*** PRE-FLOP *** 
Doudax_944 raises 280 to 300 and is all-in
_SKR folds
Chotime28 folds
Doudax_944 collected 330 from pot
*** SUMMARY ***
Total pot 330 | No rake
Seat 1: Doudax_944 (button) won 330


Winamax Poker - Tournament "Expresso Nitro" buyIn: 0.93€ + 0.07€ level: 1 - HandId: #2674131184920821761-5-1673702623 - Holdem no limit (10/20) - 2023/01/14 13:23:43 UTC
Table: 'Expresso Nitro(622619685)#0' 3-max (real money) Seat #2 is the button
Seat 1: Doudax_944 (330)
Seat 2: _SKR (290)
Seat 3: Chotime28 (280)
*** ANTE/BLINDS ***
Chotime28 posts small blind 10
Doudax_944 posts big blind 20
Dealt to _SKR [Ah 9c]
*** PRE-FLOP *** 
_SKR raises 20 to 40
Chotime28 folds
Doudax_944 calls 20
*** FLOP *** [Kd 7d Th]
Doudax_944 bets 290 and is all-in
_SKR folds
Doudax_944 collected 380 from pot
*** SUMMARY ***
Total pot 380 | No rake
Board: [Kd 7d Th]
Seat 1: Doudax_944 (big blind) won 380


Winamax Poker - Tournament "Expresso Nitro" buyIn: 0.93€ + 0.07€ level: 2 - HandId: #2674131184920821761-6-1673702653 - Holdem no limit (15/30) - 2023/01/14 13:24:13 UTC
Table: 'Expresso Nitro(622619685)#0' 3-max (real money) Seat #3 is the button
Seat 1: Doudax_944 (380)
Seat 2: _SKR (250)
Seat 3: Chotime28 (270)
*** ANTE/BLINDS ***
Doudax_944 posts small blind 15
_SKR posts big blind 30
Dealt to _SKR [2h 9s]
*** PRE-FLOP *** 
Chotime28 raises 240 to 270 and is all-in
Doudax_944 folds
_SKR folds
Chotime28 collected 315 from pot
*** SUMMARY ***
Total pot 315 | No rake
Seat 3: Chotime28 (button) won 315


Winamax Poker - Tournament "Expresso Nitro" buyIn: 0.93€ + 0.07€ level: 2 - HandId: #2674131184920821761-7-1673702672 - Holdem no limit (15/30) - 2023/01/14 13:24:32 UTC
Table: 'Expresso Nitro(622619685)#0' 3-max (real money) Seat #1 is the button
Seat 1: Doudax_944 (365)
Seat 2: _SKR (220)
Seat 3: Chotime28 (315)
*** ANTE/BLINDS ***
_SKR posts small blind 15
Chotime28 posts big blind 30
Dealt to _SKR [Td 8s]
*** PRE-FLOP *** 
Doudax_944 folds
_SKR folds
Chotime28 collected 45 from pot
*** SUMMARY ***
Total pot 45 | No rake
Seat 3: Chotime28 (big blind) won 45


Winamax Poker - Tournament "Expresso Nitro" buyIn: 0.93€ + 0.07€ level: 2 - HandId: #2674131184920821761-8-1673702681 - Holdem no limit (15/30) - 2023/01/14 13:24:41 UTC
Table: 'Expresso Nitro(622619685)#0' 3-max (real money) Seat #2 is the button
Seat 1: Doudax_944 (365)
Seat 2: _SKR (205)
Seat 3: Chotime28 (330)
*** ANTE/BLINDS ***
Chotime28 posts small blind 15
Doudax_944 posts big blind 30
Dealt to _SKR [8h Td]
*** PRE-FLOP *** 
_SKR folds
Chotime28 raises 300 to 330 and is all-in
Doudax_944 folds
Chotime28 collected 360 from pot
*** SUMMARY ***
Total pot 360 | No rake
Seat 3: Chotime28 (small blind) won 360


Winamax Poker - Tournament "Expresso Nitro" buyIn: 0.93€ + 0.07€ level: 3 - HandId: #2674131184920821761-9-1673702693 - Holdem no limit (20/40) - 2023/01/14 13:24:53 UTC
Table: 'Expresso Nitro(622619685)#0' 3-max (real money) Seat #3 is the button
Seat 1: Doudax_944 (335)
Seat 2: _SKR (205)
Seat 3: Chotime28 (360)
*** ANTE/BLINDS ***
Doudax_944 posts small blind 20
_SKR posts big blind 40
Dealt to _SKR [Qd 5s]
*** PRE-FLOP *** 
Chotime28 folds
Doudax_944 raises 295 to 335 and is all-in
_SKR folds
Doudax_944 collected 375 from pot
*** SUMMARY ***
Total pot 375 | No rake
Seat 1: Doudax_944 (small blind) won 375


Winamax Poker - Tournament "Expresso Nitro" buyIn: 0.93€ + 0.07€ level: 3 - HandId: #2674131184920821761-10-1673702703 - Holdem no limit (20/40) - 2023/01/14 13:25:03 UTC
Table: 'Expresso Nitro(622619685)#0' 3-max (real money) Seat #1 is the button
Seat 1: Doudax_944 (375)
Seat 2: _SKR (165)
Seat 3: Chotime28 (360)
*** ANTE/BLINDS ***
_SKR posts small blind 20
Chotime28 posts big blind 40
Dealt to _SKR [Kh Qc]
*** PRE-FLOP *** 
Doudax_944 calls 40
_SKR raises 125 to 165 and is all-in
Chotime28 folds
Doudax_944 folds
_SKR collected 245 from pot
*** SUMMARY ***
Total pot 245 | No rake
Seat 2: _SKR (small blind) won 245


Winamax Poker - Tournament "Expresso Nitro" buyIn: 0.93€ + 0.07€ level: 3 - HandId: #2674131184920821761-11-1673702712 - Holdem no limit (20/40) - 2023/01/14 13:25:12 UTC
Table: 'Expresso Nitro(622619685)#0' 3-max (real money) Seat #2 is the button
Seat 1: Doudax_944 (335)
Seat 2: _SKR (245)
Seat 3: Chotime28 (320)
*** ANTE/BLINDS ***
Chotime28 posts small blind 20
Doudax_944 posts big blind 40
Dealt to _SKR [3s 2s]
*** PRE-FLOP *** 
_SKR folds
Chotime28 raises 280 to 320 and is all-in
Doudax_944 folds
Chotime28 collected 360 from pot
*** SUMMARY ***
Total pot 360 | No rake
Seat 3: Chotime28 (small blind) won 360


Winamax Poker - Tournament "Expresso Nitro" buyIn: 0.93€ + 0.07€ level: 3 - HandId: #2674131184920821761-12-1673702730 - Holdem no limit (20/40) - 2023/01/14 13:25:30 UTC
Table: 'Expresso Nitro(622619685)#0' 3-max (real money) Seat #3 is the button
Seat 1: Doudax_944 (295)
Seat 2: _SKR (245)
Seat 3: Chotime28 (360)
*** ANTE/BLINDS ***
Doudax_944 posts small blind 20
_SKR posts big blind 40
Dealt to _SKR [Ac 4h]
*** PRE-FLOP *** 
Chotime28 raises 320 to 360 and is all-in
Doudax_944 calls 275 and is all-in
_SKR folds
*** FLOP *** [9h 3c 5h]
*** TURN *** [9h 3c 5h][4d]
*** RIVER *** [9h 3c 5h 4d][Kd]
*** SHOW DOWN ***
Doudax_944 shows [3s Ks] (Two pairs : Kings and 3)
Chotime28 shows [Ad As] (One pair : Aces)
Chotime28 collected 65 from side pot 1
Doudax_944 collected 630 from main pot
*** SUMMARY ***
Total pot 695 | No rake
Board: [9h 3c 5h 4d Kd]
Seat 1: Doudax_944 (small blind) showed [3s Ks] and won 630 with Two pairs : Kings and 3
Seat 3: Chotime28 (button) showed [Ad As] and won 65 with One pair : Aces


Winamax Poker - Tournament "Expresso Nitro" buyIn: 0.93€ + 0.07€ level: 4 - HandId: #2674131184920821761-13-1673702758 - Holdem no limit (30/60) - 2023/01/14 13:25:58 UTC
Table: 'Expresso Nitro(622619685)#0' 3-max (real money) Seat #1 is the button
Seat 1: Doudax_944 (630)
Seat 2: _SKR (205)
Seat 3: Chotime28 (65)
*** ANTE/BLINDS ***
_SKR posts small blind 30
Chotime28 posts big blind 60
Dealt to _SKR [Ks As]
*** PRE-FLOP *** 
Doudax_944 calls 60
_SKR raises 145 to 205 and is all-in
Chotime28 calls 5 and is all-in
Doudax_944 calls 145
*** FLOP *** [7h Jh Qh]
*** TURN *** [7h Jh Qh][Kc]
*** RIVER *** [7h Jh Qh Kc][Ad]
*** SHOW DOWN ***
Doudax_944 shows [Qd 2h] (One pair : Queens)
Chotime28 shows [3c 7c] (One pair : 7)
_SKR shows [Ks As] (Two pairs : Aces and Kings)
_SKR collected 475 from pot
*** SUMMARY ***
Total pot 475 | No rake
Board: [7h Jh Qh Kc Ad]
Seat 1: Doudax_944 (button) showed [Qd 2h] and lost with One pair : Queens
Seat 2: _SKR (small blind) showed [Ks As] and won 475 with Two pairs : Aces and Kings
Seat 3: Chotime28 (big blind) showed [3c 7c] and lost with One pair : 7


Winamax Poker - Tournament "Expresso Nitro" buyIn: 0.93€ + 0.07€ level: 4 - HandId: #2674131184920821761-14-1673702782 - Holdem no limit (30/60) - 2023/01/14 13:26:22 UTC
Table: 'Expresso Nitro(622619685)#0' 3-max (real money) Seat #1 is the button
Seat 1: Doudax_944 (425)
Seat 2: _SKR (475)
*** ANTE/BLINDS ***
Doudax_944 posts small blind 30
_SKR posts big blind 60
Dealt to _SKR [Jc 8s]
*** PRE-FLOP *** 
Doudax_944 calls 30
_SKR checks
*** FLOP *** [As 7s 5s]
_SKR checks
Doudax_944 checks
*** TURN *** [As 7s 5s][Td]
_SKR checks
Doudax_944 checks
*** RIVER *** [As 7s 5s Td][Ts]
_SKR checks
Doudax_944 checks
*** SHOW DOWN ***
Doudax_944 shows [9h 8d] (One pair : Tens)
_SKR shows [Jc 8s] (Flush Ace high)
_SKR collected 120 from pot
*** SUMMARY ***
Total pot 120 | No rake
Board: [As 7s 5s Td Ts]
Seat 1: Doudax_944 (small blind) (button) showed [9h 8d] and lost with One pair : Tens
Seat 2: _SKR (big blind) showed [Jc 8s] and won 120 with Flush Ace high


Winamax Poker - Tournament "Expresso Nitro" buyIn: 0.93€ + 0.07€ level: 5 - HandId: #2674131184920821761-15-1673702835 - Holdem no limit (40/80) - 2023/01/14 13:27:15 UTC
Table: 'Expresso Nitro(622619685)#0' 3-max (real money) Seat #2 is the button
Seat 1: Doudax_944 (365)
Seat 2: _SKR (535)
*** ANTE/BLINDS ***
_SKR posts small blind 40
Doudax_944 posts big blind 80
Dealt to _SKR [Ks Kc]
*** PRE-FLOP *** 
_SKR raises 455 to 535 and is all-in
Doudax_944 calls 285 and is all-in
*** FLOP *** [4s 7c 3h]
*** TURN *** [4s 7c 3h][Ts]
*** RIVER *** [4s 7c 3h Ts][Ah]
*** SHOW DOWN ***
Doudax_944 shows [8c 6c] (High card : Ace)
_SKR shows [Ks Kc] (One pair : Kings)
_SKR collected 900 from pot
*** SUMMARY ***
Total pot 900 | No rake
Board: [4s 7c 3h Ts Ah]
Seat 1: Doudax_944 (big blind) showed [8c 6c] and lost with High card : Ace
Seat 2: _SKR (small blind) (button) showed [Ks Kc] and won 900 with One pair : Kings


