Winamax Poker - Tournament "Expresso Nitro" buyIn: 1.86€ + 0.14€ level: 1 - HandId: #2696847138100346881-1-1675100450 - Holdem no limit (10/20) - 2023/01/30 17:40:50 UTC
Table: 'Expresso Nitro(627908655)#0' 3-max (real money) Seat #3 is the button
Seat 1: _SKR (300)
Seat 2: roemje1620 (300)
Seat 3: guepard66 (300)
*** ANTE/BLINDS ***
_SKR posts small blind 10
roemje1620 posts big blind 20
Dealt to _SKR [9d 5c]
*** PRE-FLOP *** 
guepard66 calls 20
_SKR folds
roemje1620 checks
*** FLOP *** [6d 3d 3s]
roemje1620 checks
guepard66 checks
*** TURN *** [6d 3d 3s][Ts]
roemje1620 bets 33
guepard66 calls 33
*** RIVER *** [6d 3d 3s Ts][2d]
roemje1620 bets 75
guepard66 calls 75
*** SHOW DOWN ***
guepard66 shows [Qs 8s] (One pair : 3)
roemje1620 shows [Jh Td] (Two pairs : Tens and 3)
roemje1620 collected 266 from pot
*** SUMMARY ***
Total pot 266 | No rake
Board: [6d 3d 3s Ts 2d]
Seat 2: roemje1620 (big blind) showed [Jh Td] and won 266 with Two pairs : Tens and 3
Seat 3: guepard66 (button) showed [Qs 8s] and lost with One pair : 3


Winamax Poker - Tournament "Expresso Nitro" buyIn: 1.86€ + 0.14€ level: 1 - HandId: #2696847138100346881-2-1675100476 - Holdem no limit (10/20) - 2023/01/30 17:41:16 UTC
Table: 'Expresso Nitro(627908655)#0' 3-max (real money) Seat #1 is the button
Seat 1: _SKR (290)
Seat 2: roemje1620 (438)
Seat 3: guepard66 (172)
*** ANTE/BLINDS ***
roemje1620 posts small blind 10
guepard66 posts big blind 20
Dealt to _SKR [As Ks]
*** PRE-FLOP *** 
_SKR raises 20 to 40
roemje1620 folds
guepard66 raises 132 to 172 and is all-in
_SKR raises 118 to 290 and is all-in
*** FLOP *** [5h Qd 9d]
*** TURN *** [5h Qd 9d][Ah]
*** RIVER *** [5h Qd 9d Ah][3s]
*** SHOW DOWN ***
guepard66 shows [Ts 9c] (One pair : 9)
_SKR shows [As Ks] (One pair : Aces)
_SKR collected 472 from pot
*** SUMMARY ***
Total pot 472 | No rake
Board: [5h Qd 9d Ah 3s]
Seat 1: _SKR (button) showed [As Ks] and won 472 with One pair : Aces
Seat 3: guepard66 (big blind) showed [Ts 9c] and lost with One pair : 9


Winamax Poker - Tournament "Expresso Nitro" buyIn: 1.86€ + 0.14€ level: 1 - HandId: #2696847138100346881-3-1675100493 - Holdem no limit (10/20) - 2023/01/30 17:41:33 UTC
Table: 'Expresso Nitro(627908655)#0' 3-max (real money) Seat #1 is the button
Seat 1: _SKR (472)
Seat 2: roemje1620 (428)
*** ANTE/BLINDS ***
_SKR posts small blind 10
roemje1620 posts big blind 20
Dealt to _SKR [7c Qc]
*** PRE-FLOP *** 
_SKR raises 20 to 40
roemje1620 raises 80 to 120
_SKR folds
roemje1620 collected 160 from pot
*** SUMMARY ***
Total pot 160 | No rake
Seat 2: roemje1620 (big blind) won 160


Winamax Poker - Tournament "Expresso Nitro" buyIn: 1.86€ + 0.14€ level: 1 - HandId: #2696847138100346881-4-1675100500 - Holdem no limit (10/20) - 2023/01/30 17:41:40 UTC
Table: 'Expresso Nitro(627908655)#0' 3-max (real money) Seat #2 is the button
Seat 1: _SKR (432)
Seat 2: roemje1620 (468)
*** ANTE/BLINDS ***
roemje1620 posts small blind 10
_SKR posts big blind 20
Dealt to _SKR [6s Ad]
*** PRE-FLOP *** 
roemje1620 folds
_SKR collected 30 from pot
*** SUMMARY ***
Total pot 30 | No rake
Seat 1: _SKR (big blind) won 30


Winamax Poker - Tournament "Expresso Nitro" buyIn: 1.86€ + 0.14€ level: 1 - HandId: #2696847138100346881-5-1675100504 - Holdem no limit (10/20) - 2023/01/30 17:41:44 UTC
Table: 'Expresso Nitro(627908655)#0' 3-max (real money) Seat #1 is the button
Seat 1: _SKR (442)
Seat 2: roemje1620 (458)
*** ANTE/BLINDS ***
_SKR posts small blind 10
roemje1620 posts big blind 20
Dealt to _SKR [5c Ac]
*** PRE-FLOP *** 
_SKR raises 20 to 40
roemje1620 calls 20
*** FLOP *** [Ad 2c 4c]
roemje1620 checks
_SKR bets 40
roemje1620 folds
_SKR collected 120 from pot
*** SUMMARY ***
Total pot 120 | No rake
Board: [Ad 2c 4c]
Seat 1: _SKR (small blind) (button) won 120


Winamax Poker - Tournament "Expresso Nitro" buyIn: 1.86€ + 0.14€ level: 2 - HandId: #2696847138100346881-6-1675100519 - Holdem no limit (15/30) - 2023/01/30 17:41:59 UTC
Table: 'Expresso Nitro(627908655)#0' 3-max (real money) Seat #2 is the button
Seat 1: _SKR (482)
Seat 2: roemje1620 (418)
*** ANTE/BLINDS ***
roemje1620 posts small blind 15
_SKR posts big blind 30
Dealt to _SKR [4h Ah]
*** PRE-FLOP *** 
roemje1620 calls 15
_SKR raises 452 to 482 and is all-in
roemje1620 calls 388 and is all-in
*** FLOP *** [4d Qh Js]
*** TURN *** [4d Qh Js][2d]
*** RIVER *** [4d Qh Js 2d][4c]
*** SHOW DOWN ***
roemje1620 shows [8s Ks] (One pair : 4)
_SKR shows [4h Ah] (Trips of 4)
_SKR collected 900 from pot
*** SUMMARY ***
Total pot 900 | No rake
Board: [4d Qh Js 2d 4c]
Seat 1: _SKR (big blind) showed [4h Ah] and won 900 with Trips of 4
Seat 2: roemje1620 (small blind) (button) showed [8s Ks] and lost with One pair : 4


