Winamax Poker - Tournament "Expresso Nitro" buyIn: 1.86€ + 0.14€ level: 1 - HandId: #2696640000417595393-1-1675091152 - Holdem no limit (10/20) - 2023/01/30 15:05:52 UTC
Table: 'Expresso Nitro(627860427)#0' 3-max (real money) Seat #1 is the button
Seat 1: fistonpayesa (300)
Seat 2: _SKR (300)
Seat 3: enzocharbo (300)
*** ANTE/BLINDS ***
_SKR posts small blind 10
enzocharbo posts big blind 20
Dealt to _SKR [8h 6d]
*** PRE-FLOP *** 
fistonpayesa calls 20
_SKR folds
enzocharbo raises 20 to 40
fistonpayesa calls 20
*** FLOP *** [Ad 5h 5s]
enzocharbo checks
fistonpayesa bets 20
enzocharbo folds
fistonpayesa collected 110 from pot
*** SUMMARY ***
Total pot 110 | No rake
Board: [Ad 5h 5s]
Seat 1: fistonpayesa (button) won 110


Winamax Poker - Tournament "Expresso Nitro" buyIn: 1.86€ + 0.14€ level: 1 - HandId: #2696640000417595393-2-1675091204 - Holdem no limit (10/20) - 2023/01/30 15:06:44 UTC
Table: 'Expresso Nitro(627860427)#0' 3-max (real money) Seat #2 is the button
Seat 1: fistonpayesa (350)
Seat 2: _SKR (290)
Seat 3: enzocharbo (260)
*** ANTE/BLINDS ***
enzocharbo posts small blind 10
fistonpayesa posts big blind 20
Dealt to _SKR [5d 7s]
*** PRE-FLOP *** 
_SKR folds
enzocharbo raises 20 to 40
fistonpayesa calls 20
*** FLOP *** [3s 6h Kd]
enzocharbo bets 20
fistonpayesa calls 20
*** TURN *** [3s 6h Kd][Kc]
enzocharbo bets 60
fistonpayesa calls 60
*** RIVER *** [3s 6h Kd Kc][Kh]
enzocharbo bets 140 and is all-in
fistonpayesa calls 140
*** SHOW DOWN ***
enzocharbo shows [Js As] (Trips of Kings)
fistonpayesa shows [Qs 6c] (Full of Kings and 6)
fistonpayesa collected 520 from pot
*** SUMMARY ***
Total pot 520 | No rake
Board: [3s 6h Kd Kc Kh]
Seat 1: fistonpayesa (big blind) showed [Qs 6c] and won 520 with Full of Kings and 6
Seat 3: enzocharbo (small blind) showed [Js As] and lost with Trips of Kings


Winamax Poker - Tournament "Expresso Nitro" buyIn: 1.86€ + 0.14€ level: 2 - HandId: #2696640000417595393-3-1675091236 - Holdem no limit (15/30) - 2023/01/30 15:07:16 UTC
Table: 'Expresso Nitro(627860427)#0' 3-max (real money) Seat #1 is the button
Seat 1: fistonpayesa (610)
Seat 2: _SKR (290)
*** ANTE/BLINDS ***
fistonpayesa posts small blind 15
_SKR posts big blind 30
Dealt to _SKR [Td 2h]
*** PRE-FLOP *** 
fistonpayesa folds
_SKR collected 45 from pot
*** SUMMARY ***
Total pot 45 | No rake
Seat 2: _SKR (big blind) won 45


Winamax Poker - Tournament "Expresso Nitro" buyIn: 1.86€ + 0.14€ level: 2 - HandId: #2696640000417595393-4-1675091239 - Holdem no limit (15/30) - 2023/01/30 15:07:19 UTC
Table: 'Expresso Nitro(627860427)#0' 3-max (real money) Seat #2 is the button
Seat 1: fistonpayesa (595)
Seat 2: _SKR (305)
*** ANTE/BLINDS ***
_SKR posts small blind 15
fistonpayesa posts big blind 30
Dealt to _SKR [As 5s]
*** PRE-FLOP *** 
_SKR raises 275 to 305 and is all-in
fistonpayesa folds
_SKR collected 335 from pot
*** SUMMARY ***
Total pot 335 | No rake
Seat 2: _SKR (small blind) (button) won 335


Winamax Poker - Tournament "Expresso Nitro" buyIn: 1.86€ + 0.14€ level: 2 - HandId: #2696640000417595393-5-1675091248 - Holdem no limit (15/30) - 2023/01/30 15:07:28 UTC
Table: 'Expresso Nitro(627860427)#0' 3-max (real money) Seat #1 is the button
Seat 1: fistonpayesa (565)
Seat 2: _SKR (335)
*** ANTE/BLINDS ***
fistonpayesa posts small blind 15
_SKR posts big blind 30
Dealt to _SKR [3h Kd]
*** PRE-FLOP *** 
fistonpayesa folds
_SKR collected 45 from pot
*** SUMMARY ***
Total pot 45 | No rake
Seat 2: _SKR (big blind) won 45


Winamax Poker - Tournament "Expresso Nitro" buyIn: 1.86€ + 0.14€ level: 2 - HandId: #2696640000417595393-6-1675091253 - Holdem no limit (15/30) - 2023/01/30 15:07:33 UTC
Table: 'Expresso Nitro(627860427)#0' 3-max (real money) Seat #2 is the button
Seat 1: fistonpayesa (550)
Seat 2: _SKR (350)
*** ANTE/BLINDS ***
_SKR posts small blind 15
fistonpayesa posts big blind 30
Dealt to _SKR [Jd 7s]
*** PRE-FLOP *** 
_SKR folds
fistonpayesa collected 45 from pot
*** SUMMARY ***
Total pot 45 | No rake
Seat 1: fistonpayesa (big blind) won 45


Winamax Poker - Tournament "Expresso Nitro" buyIn: 1.86€ + 0.14€ level: 2 - HandId: #2696640000417595393-7-1675091256 - Holdem no limit (15/30) - 2023/01/30 15:07:36 UTC
Table: 'Expresso Nitro(627860427)#0' 3-max (real money) Seat #1 is the button
Seat 1: fistonpayesa (565)
Seat 2: _SKR (335)
*** ANTE/BLINDS ***
fistonpayesa posts small blind 15
_SKR posts big blind 30
Dealt to _SKR [7d Js]
*** PRE-FLOP *** 
fistonpayesa folds
_SKR collected 45 from pot
*** SUMMARY ***
Total pot 45 | No rake
Seat 2: _SKR (big blind) won 45


Winamax Poker - Tournament "Expresso Nitro" buyIn: 1.86€ + 0.14€ level: 2 - HandId: #2696640000417595393-8-1675091266 - Holdem no limit (15/30) - 2023/01/30 15:07:46 UTC
Table: 'Expresso Nitro(627860427)#0' 3-max (real money) Seat #2 is the button
Seat 1: fistonpayesa (550)
Seat 2: _SKR (350)
*** ANTE/BLINDS ***
_SKR posts small blind 15
fistonpayesa posts big blind 30
Dealt to _SKR [7c 7h]
*** PRE-FLOP *** 
_SKR raises 320 to 350 and is all-in
fistonpayesa calls 320
*** FLOP *** [9h 2c 3d]
*** TURN *** [9h 2c 3d][8c]
*** RIVER *** [9h 2c 3d 8c][6h]
*** SHOW DOWN ***
fistonpayesa shows [4d 4c] (One pair : 4)
_SKR shows [7c 7h] (One pair : 7)
_SKR collected 700 from pot
*** SUMMARY ***
Total pot 700 | No rake
Board: [9h 2c 3d 8c 6h]
Seat 1: fistonpayesa (big blind) showed [4d 4c] and lost with One pair : 4
Seat 2: _SKR (small blind) (button) showed [7c 7h] and won 700 with One pair : 7


Winamax Poker - Tournament "Expresso Nitro" buyIn: 1.86€ + 0.14€ level: 3 - HandId: #2696640000417595393-9-1675091286 - Holdem no limit (20/40) - 2023/01/30 15:08:06 UTC
Table: 'Expresso Nitro(627860427)#0' 3-max (real money) Seat #1 is the button
Seat 1: fistonpayesa (200)
Seat 2: _SKR (700)
*** ANTE/BLINDS ***
fistonpayesa posts small blind 20
_SKR posts big blind 40
Dealt to _SKR [5h 5s]
*** PRE-FLOP *** 
fistonpayesa folds
_SKR collected 60 from pot
*** SUMMARY ***
Total pot 60 | No rake
Seat 2: _SKR (big blind) won 60


Winamax Poker - Tournament "Expresso Nitro" buyIn: 1.86€ + 0.14€ level: 3 - HandId: #2696640000417595393-10-1675091291 - Holdem no limit (20/40) - 2023/01/30 15:08:11 UTC
Table: 'Expresso Nitro(627860427)#0' 3-max (real money) Seat #2 is the button
Seat 1: fistonpayesa (180)
Seat 2: _SKR (720)
*** ANTE/BLINDS ***
_SKR posts small blind 20
fistonpayesa posts big blind 40
Dealt to _SKR [5c 7c]
*** PRE-FLOP *** 
_SKR raises 680 to 720 and is all-in
fistonpayesa calls 140 and is all-in
*** FLOP *** [5s 3h 4c]
*** TURN *** [5s 3h 4c][2s]
*** RIVER *** [5s 3h 4c 2s][As]
*** SHOW DOWN ***
fistonpayesa shows [8d Tc] (Straight 5 high)
_SKR shows [5c 7c] (Straight 5 high)
_SKR collected 720 from side pot 1
fistonpayesa collected 180 from main pot
*** SUMMARY ***
Total pot 900 | No rake
Board: [5s 3h 4c 2s As]
Seat 1: fistonpayesa (big blind) showed [8d Tc] and won 180 with Straight 5 high
Seat 2: _SKR (small blind) (button) showed [5c 7c] and won 720 with Straight 5 high


Winamax Poker - Tournament "Expresso Nitro" buyIn: 1.86€ + 0.14€ level: 3 - HandId: #2696640000417595393-11-1675091303 - Holdem no limit (20/40) - 2023/01/30 15:08:23 UTC
Table: 'Expresso Nitro(627860427)#0' 3-max (real money) Seat #1 is the button
Seat 1: fistonpayesa (180)
Seat 2: _SKR (720)
*** ANTE/BLINDS ***
fistonpayesa posts small blind 20
_SKR posts big blind 40
Dealt to _SKR [5s Ac]
*** PRE-FLOP *** 
fistonpayesa raises 140 to 180 and is all-in
_SKR calls 140
*** FLOP *** [Kh Th Ks]
*** TURN *** [Kh Th Ks][Ad]
*** RIVER *** [Kh Th Ks Ad][5h]
*** SHOW DOWN ***
fistonpayesa shows [9c Qs] (One pair : Kings)
_SKR shows [5s Ac] (Two pairs : Aces and Kings)
_SKR collected 360 from pot
*** SUMMARY ***
Total pot 360 | No rake
Board: [Kh Th Ks Ad 5h]
Seat 1: fistonpayesa (small blind) (button) showed [9c Qs] and lost with One pair : Kings
Seat 2: _SKR (big blind) showed [5s Ac] and won 360 with Two pairs : Aces and Kings


