Winamax Poker - Tournament "Expresso Nitro" buyIn: 0.93€ + 0.07€ level: 1 - HandId: #2717261830622806017-1-1676214571 - Holdem no limit (10/20) - 2023/02/12 15:09:31 UTC
Table: 'Expresso Nitro(632661821)#0' 3-max (real money) Seat #3 is the button
Seat 1: _SKR (300)
Seat 2: Nora-06 (300)
Seat 3: Mamouth272 (300)
*** ANTE/BLINDS ***
_SKR posts small blind 10
Nora-06 posts big blind 20
Dealt to _SKR [5c Jh]
*** PRE-FLOP *** 
Mamouth272 calls 20
_SKR folds
Nora-06 checks
*** FLOP *** [8h 2c 4c]
Nora-06 bets 33
Mamouth272 calls 33
*** TURN *** [8h 2c 4c][4s]
Nora-06 bets 116
Mamouth272 folds
Nora-06 collected 232 from pot
*** SUMMARY ***
Total pot 232 | No rake
Board: [8h 2c 4c 4s]
Seat 2: Nora-06 (big blind) won 232


Winamax Poker - Tournament "Expresso Nitro" buyIn: 0.93€ + 0.07€ level: 1 - HandId: #2717261830622806017-2-1676214586 - Holdem no limit (10/20) - 2023/02/12 15:09:46 UTC
Table: 'Expresso Nitro(632661821)#0' 3-max (real money) Seat #1 is the button
Seat 1: _SKR (290)
Seat 2: Nora-06 (363)
Seat 3: Mamouth272 (247)
*** ANTE/BLINDS ***
Nora-06 posts small blind 10
Mamouth272 posts big blind 20
Dealt to _SKR [6s Qh]
*** PRE-FLOP *** 
_SKR folds
Nora-06 calls 10
Mamouth272 checks
*** FLOP *** [8d 4s 6d]
Nora-06 bets 20
Mamouth272 folds
Nora-06 collected 60 from pot
*** SUMMARY ***
Total pot 60 | No rake
Board: [8d 4s 6d]
Seat 2: Nora-06 (small blind) won 60


Winamax Poker - Tournament "Expresso Nitro" buyIn: 0.93€ + 0.07€ level: 1 - HandId: #2717261830622806017-3-1676214594 - Holdem no limit (10/20) - 2023/02/12 15:09:54 UTC
Table: 'Expresso Nitro(632661821)#0' 3-max (real money) Seat #2 is the button
Seat 1: _SKR (290)
Seat 2: Nora-06 (383)
Seat 3: Mamouth272 (227)
*** ANTE/BLINDS ***
Mamouth272 posts small blind 10
_SKR posts big blind 20
Dealt to _SKR [Jh 4s]
*** PRE-FLOP *** 
Nora-06 calls 20
Mamouth272 calls 10
_SKR checks
*** FLOP *** [8h 7d Jd]
Mamouth272 bets 207 and is all-in
_SKR folds
Nora-06 calls 207
*** TURN *** [8h 7d Jd][7h]
*** RIVER *** [8h 7d Jd 7h][9s]
*** SHOW DOWN ***
Mamouth272 shows [6d Ad] (One pair : 7)
Nora-06 shows [2d Td] (Straight Jack high)
Nora-06 collected 474 from pot
*** SUMMARY ***
Total pot 474 | No rake
Board: [8h 7d Jd 7h 9s]
Seat 2: Nora-06 (button) showed [2d Td] and won 474 with Straight Jack high
Seat 3: Mamouth272 (small blind) showed [6d Ad] and lost with One pair : 7


Winamax Poker - Tournament "Expresso Nitro" buyIn: 0.93€ + 0.07€ level: 2 - HandId: #2717261830622806017-4-1676214628 - Holdem no limit (15/30) - 2023/02/12 15:10:28 UTC
Table: 'Expresso Nitro(632661821)#0' 3-max (real money) Seat #1 is the button
Seat 1: _SKR (270)
Seat 2: Nora-06 (630)
*** ANTE/BLINDS ***
_SKR posts small blind 15
Nora-06 posts big blind 30
Dealt to _SKR [2s 9d]
*** PRE-FLOP *** 
_SKR folds
Nora-06 collected 45 from pot
*** SUMMARY ***
Total pot 45 | No rake
Seat 2: Nora-06 (big blind) won 45


Winamax Poker - Tournament "Expresso Nitro" buyIn: 0.93€ + 0.07€ level: 2 - HandId: #2717261830622806017-5-1676214632 - Holdem no limit (15/30) - 2023/02/12 15:10:32 UTC
Table: 'Expresso Nitro(632661821)#0' 3-max (real money) Seat #2 is the button
Seat 1: _SKR (255)
Seat 2: Nora-06 (645)
*** ANTE/BLINDS ***
Nora-06 posts small blind 15
_SKR posts big blind 30
Dealt to _SKR [4c 6c]
*** PRE-FLOP *** 
Nora-06 calls 15
_SKR checks
*** FLOP *** [7d 2c 9d]
_SKR checks
Nora-06 bets 60
_SKR folds
Nora-06 collected 120 from pot
*** SUMMARY ***
Total pot 120 | No rake
Board: [7d 2c 9d]
Seat 2: Nora-06 (small blind) (button) won 120


Winamax Poker - Tournament "Expresso Nitro" buyIn: 0.93€ + 0.07€ level: 2 - HandId: #2717261830622806017-6-1676214668 - Holdem no limit (15/30) - 2023/02/12 15:11:08 UTC
Table: 'Expresso Nitro(632661821)#0' 3-max (real money) Seat #1 is the button
Seat 1: _SKR (225)
Seat 2: Nora-06 (675)
*** ANTE/BLINDS ***
_SKR posts small blind 15
Nora-06 posts big blind 30
Dealt to _SKR [7s Kh]
*** PRE-FLOP *** 
_SKR raises 195 to 225 and is all-in
Nora-06 calls 195
*** FLOP *** [Kc Js 5d]
*** TURN *** [Kc Js 5d][As]
*** RIVER *** [Kc Js 5d As][7c]
*** SHOW DOWN ***
Nora-06 shows [Jd 4s] (One pair : Jacks)
_SKR shows [7s Kh] (Two pairs : Kings and 7)
_SKR collected 450 from pot
*** SUMMARY ***
Total pot 450 | No rake
Board: [Kc Js 5d As 7c]
Seat 1: _SKR (small blind) (button) showed [7s Kh] and won 450 with Two pairs : Kings and 7
Seat 2: Nora-06 (big blind) showed [Jd 4s] and lost with One pair : Jacks


Winamax Poker - Tournament "Expresso Nitro" buyIn: 0.93€ + 0.07€ level: 2 - HandId: #2717261830622806017-7-1676214682 - Holdem no limit (15/30) - 2023/02/12 15:11:22 UTC
Table: 'Expresso Nitro(632661821)#0' 3-max (real money) Seat #2 is the button
Seat 1: _SKR (450)
Seat 2: Nora-06 (450)
*** ANTE/BLINDS ***
Nora-06 posts small blind 15
_SKR posts big blind 30
Dealt to _SKR [6c Tc]
*** PRE-FLOP *** 
Nora-06 raises 60 to 90
_SKR folds
Nora-06 collected 120 from pot
*** SUMMARY ***
Total pot 120 | No rake
Seat 2: Nora-06 (small blind) (button) won 120


Winamax Poker - Tournament "Expresso Nitro" buyIn: 0.93€ + 0.07€ level: 3 - HandId: #2717261830622806017-8-1676214688 - Holdem no limit (20/40) - 2023/02/12 15:11:28 UTC
Table: 'Expresso Nitro(632661821)#0' 3-max (real money) Seat #1 is the button
Seat 1: _SKR (420)
Seat 2: Nora-06 (480)
*** ANTE/BLINDS ***
_SKR posts small blind 20
Nora-06 posts big blind 40
Dealt to _SKR [3s Ad]
*** PRE-FLOP *** 
_SKR raises 380 to 420 and is all-in
Nora-06 folds
_SKR collected 460 from pot
*** SUMMARY ***
Total pot 460 | No rake
Seat 1: _SKR (small blind) (button) won 460


Winamax Poker - Tournament "Expresso Nitro" buyIn: 0.93€ + 0.07€ level: 3 - HandId: #2717261830622806017-9-1676214695 - Holdem no limit (20/40) - 2023/02/12 15:11:35 UTC
Table: 'Expresso Nitro(632661821)#0' 3-max (real money) Seat #2 is the button
Seat 1: _SKR (460)
Seat 2: Nora-06 (440)
*** ANTE/BLINDS ***
Nora-06 posts small blind 20
_SKR posts big blind 40
Dealt to _SKR [9s 4h]
*** PRE-FLOP *** 
Nora-06 calls 20
_SKR checks
*** FLOP *** [4c Jh Ah]
_SKR checks
Nora-06 bets 80
_SKR folds
Nora-06 collected 160 from pot
*** SUMMARY ***
Total pot 160 | No rake
Board: [4c Jh Ah]
Seat 2: Nora-06 (small blind) (button) won 160


Winamax Poker - Tournament "Expresso Nitro" buyIn: 0.93€ + 0.07€ level: 3 - HandId: #2717261830622806017-10-1676214711 - Holdem no limit (20/40) - 2023/02/12 15:11:51 UTC
Table: 'Expresso Nitro(632661821)#0' 3-max (real money) Seat #1 is the button
Seat 1: _SKR (420)
Seat 2: Nora-06 (480)
*** ANTE/BLINDS ***
_SKR posts small blind 20
Nora-06 posts big blind 40
Dealt to _SKR [8d Jh]
*** PRE-FLOP *** 
_SKR folds
Nora-06 collected 60 from pot
*** SUMMARY ***
Total pot 60 | No rake
Seat 2: Nora-06 (big blind) won 60


Winamax Poker - Tournament "Expresso Nitro" buyIn: 0.93€ + 0.07€ level: 3 - HandId: #2717261830622806017-11-1676214715 - Holdem no limit (20/40) - 2023/02/12 15:11:55 UTC
Table: 'Expresso Nitro(632661821)#0' 3-max (real money) Seat #2 is the button
Seat 1: _SKR (400)
Seat 2: Nora-06 (500)
*** ANTE/BLINDS ***
Nora-06 posts small blind 20
_SKR posts big blind 40
Dealt to _SKR [7c As]
*** PRE-FLOP *** 
Nora-06 raises 40 to 80
_SKR raises 320 to 400 and is all-in
Nora-06 folds
_SKR collected 480 from pot
*** SUMMARY ***
Total pot 480 | No rake
Seat 1: _SKR (big blind) won 480


Winamax Poker - Tournament "Expresso Nitro" buyIn: 0.93€ + 0.07€ level: 3 - HandId: #2717261830622806017-12-1676214722 - Holdem no limit (20/40) - 2023/02/12 15:12:02 UTC
Table: 'Expresso Nitro(632661821)#0' 3-max (real money) Seat #1 is the button
Seat 1: _SKR (480)
Seat 2: Nora-06 (420)
*** ANTE/BLINDS ***
_SKR posts small blind 20
Nora-06 posts big blind 40
Dealt to _SKR [5c Jh]
*** PRE-FLOP *** 
_SKR folds
Nora-06 collected 60 from pot
*** SUMMARY ***
Total pot 60 | No rake
Seat 2: Nora-06 (big blind) won 60


Winamax Poker - Tournament "Expresso Nitro" buyIn: 0.93€ + 0.07€ level: 3 - HandId: #2717261830622806017-13-1676214726 - Holdem no limit (20/40) - 2023/02/12 15:12:06 UTC
Table: 'Expresso Nitro(632661821)#0' 3-max (real money) Seat #2 is the button
Seat 1: _SKR (460)
Seat 2: Nora-06 (440)
*** ANTE/BLINDS ***
Nora-06 posts small blind 20
_SKR posts big blind 40
Dealt to _SKR [4s 4c]
*** PRE-FLOP *** 
Nora-06 calls 20
_SKR raises 420 to 460 and is all-in
Nora-06 folds
_SKR collected 500 from pot
*** SUMMARY ***
Total pot 500 | No rake
Seat 1: _SKR (big blind) won 500


Winamax Poker - Tournament "Expresso Nitro" buyIn: 0.93€ + 0.07€ level: 3 - HandId: #2717261830622806017-14-1676214733 - Holdem no limit (20/40) - 2023/02/12 15:12:13 UTC
Table: 'Expresso Nitro(632661821)#0' 3-max (real money) Seat #1 is the button
Seat 1: _SKR (500)
Seat 2: Nora-06 (400)
*** ANTE/BLINDS ***
_SKR posts small blind 20
Nora-06 posts big blind 40
Dealt to _SKR [Qc 4d]
*** PRE-FLOP *** 
_SKR folds
Nora-06 collected 60 from pot
*** SUMMARY ***
Total pot 60 | No rake
Seat 2: Nora-06 (big blind) won 60


Winamax Poker - Tournament "Expresso Nitro" buyIn: 0.93€ + 0.07€ level: 3 - HandId: #2717261830622806017-15-1676214741 - Holdem no limit (20/40) - 2023/02/12 15:12:21 UTC
Table: 'Expresso Nitro(632661821)#0' 3-max (real money) Seat #2 is the button
Seat 1: _SKR (480)
Seat 2: Nora-06 (420)
*** ANTE/BLINDS ***
Nora-06 posts small blind 20
_SKR posts big blind 40
Dealt to _SKR [4c 2s]
*** PRE-FLOP *** 
Nora-06 calls 20
_SKR checks
*** FLOP *** [6c Ts 4s]
_SKR checks
Nora-06 bets 40
_SKR folds
Nora-06 collected 120 from pot
*** SUMMARY ***
Total pot 120 | No rake
Board: [6c Ts 4s]
Seat 2: Nora-06 (small blind) (button) won 120


Winamax Poker - Tournament "Expresso Nitro" buyIn: 0.93€ + 0.07€ level: 4 - HandId: #2717261830622806017-16-1676214756 - Holdem no limit (30/60) - 2023/02/12 15:12:36 UTC
Table: 'Expresso Nitro(632661821)#0' 3-max (real money) Seat #1 is the button
Seat 1: _SKR (440)
Seat 2: Nora-06 (460)
*** ANTE/BLINDS ***
_SKR posts small blind 30
Nora-06 posts big blind 60
Dealt to _SKR [4s 4h]
*** PRE-FLOP *** 
_SKR raises 380 to 440 and is all-in
Nora-06 folds
_SKR collected 500 from pot
*** SUMMARY ***
Total pot 500 | No rake
Seat 1: _SKR (small blind) (button) won 500


Winamax Poker - Tournament "Expresso Nitro" buyIn: 0.93€ + 0.07€ level: 4 - HandId: #2717261830622806017-17-1676214766 - Holdem no limit (30/60) - 2023/02/12 15:12:46 UTC
Table: 'Expresso Nitro(632661821)#0' 3-max (real money) Seat #2 is the button
Seat 1: _SKR (500)
Seat 2: Nora-06 (400)
*** ANTE/BLINDS ***
Nora-06 posts small blind 30
_SKR posts big blind 60
Dealt to _SKR [Ah 9h]
*** PRE-FLOP *** 
Nora-06 calls 30
_SKR raises 440 to 500 and is all-in
Nora-06 calls 340 and is all-in
*** FLOP *** [6c Qs Kd]
*** TURN *** [6c Qs Kd][Qd]
*** RIVER *** [6c Qs Kd Qd][5h]
*** SHOW DOWN ***
Nora-06 shows [9s 7s] (One pair : Queens)
_SKR shows [Ah 9h] (One pair : Queens)
_SKR collected 900 from pot
*** SUMMARY ***
Total pot 900 | No rake
Board: [6c Qs Kd Qd 5h]
Seat 1: _SKR (big blind) showed [Ah 9h] and won 900 with One pair : Queens
Seat 2: Nora-06 (small blind) (button) showed [9s 7s] and lost with One pair : Queens


