Winamax Poker - Tournament "Expresso Nitro" buyIn: 1.86€ + 0.14€ level: 1 - HandId: #2677108220027207681-1-1673877486 - Holdem no limit (10/20) - 2023/01/16 13:58:06 UTC
Table: 'Expresso Nitro(623312830)#0' 3-max (real money) Seat #1 is the button
Seat 1: Xutti1 (300)
Seat 2: Obade93 (300)
Seat 3: _SKR (300)
*** ANTE/BLINDS ***
Obade93 posts small blind 10
_SKR posts big blind 20
Dealt to _SKR [8c 8d]
*** PRE-FLOP *** 
Xutti1 calls 20
Obade93 folds
_SKR raises 280 to 300 and is all-in
Xutti1 calls 280 and is all-in
*** FLOP *** [2h 8s As]
*** TURN *** [2h 8s As][4s]
*** RIVER *** [2h 8s As 4s][Ah]
*** SHOW DOWN ***
Xutti1 shows [Ts Th] (Two pairs : Aces and Tens)
_SKR shows [8c 8d] (Full of 8 and Aces)
_SKR collected 610 from pot
*** SUMMARY ***
Total pot 610 | No rake
Board: [2h 8s As 4s Ah]
Seat 1: Xutti1 (button) showed [Ts Th] and lost with Two pairs : Aces and Tens
Seat 3: _SKR (big blind) showed [8c 8d] and won 610 with Full of 8 and Aces


Winamax Poker - Tournament "Expresso Nitro" buyIn: 1.86€ + 0.14€ level: 1 - HandId: #2677108220027207681-2-1673877521 - Holdem no limit (10/20) - 2023/01/16 13:58:41 UTC
Table: 'Expresso Nitro(623312830)#0' 3-max (real money) Seat #3 is the button
Seat 2: Obade93 (290)
Seat 3: _SKR (610)
*** ANTE/BLINDS ***
_SKR posts small blind 10
Obade93 posts big blind 20
Dealt to _SKR [2s 2c]
*** PRE-FLOP *** 
_SKR raises 590 to 610 and is all-in
Obade93 calls 270 and is all-in
*** FLOP *** [5d Kd 8c]
*** TURN *** [5d Kd 8c][4d]
*** RIVER *** [5d Kd 8c 4d][5s]
*** SHOW DOWN ***
Obade93 shows [Ad 8h] (Two pairs : 8 and 5)
_SKR shows [2s 2c] (Two pairs : 5 and 2)
_SKR collected 320 from side pot 1
Obade93 collected 580 from main pot
*** SUMMARY ***
Total pot 900 | No rake
Board: [5d Kd 8c 4d 5s]
Seat 2: Obade93 (big blind) showed [Ad 8h] and won 580 with Two pairs : 8 and 5
Seat 3: _SKR (small blind) (button) showed [2s 2c] and won 320 with Two pairs : 5 and 2


Winamax Poker - Tournament "Expresso Nitro" buyIn: 1.86€ + 0.14€ level: 2 - HandId: #2677108220027207681-3-1673877542 - Holdem no limit (15/30) - 2023/01/16 13:59:02 UTC
Table: 'Expresso Nitro(623312830)#0' 3-max (real money) Seat #2 is the button
Seat 2: Obade93 (580)
Seat 3: _SKR (320)
*** ANTE/BLINDS ***
Obade93 posts small blind 15
_SKR posts big blind 30
Dealt to _SKR [7c 2c]
*** PRE-FLOP *** 
Obade93 folds
_SKR collected 45 from pot
*** SUMMARY ***
Total pot 45 | No rake
Seat 3: _SKR (big blind) won 45


Winamax Poker - Tournament "Expresso Nitro" buyIn: 1.86€ + 0.14€ level: 2 - HandId: #2677108220027207681-4-1673877550 - Holdem no limit (15/30) - 2023/01/16 13:59:10 UTC
Table: 'Expresso Nitro(623312830)#0' 3-max (real money) Seat #3 is the button
Seat 2: Obade93 (565)
Seat 3: _SKR (335)
*** ANTE/BLINDS ***
_SKR posts small blind 15
Obade93 posts big blind 30
Dealt to _SKR [3c Qd]
*** PRE-FLOP *** 
_SKR folds
Obade93 collected 45 from pot
*** SUMMARY ***
Total pot 45 | No rake
Seat 2: Obade93 (big blind) won 45


Winamax Poker - Tournament "Expresso Nitro" buyIn: 1.86€ + 0.14€ level: 2 - HandId: #2677108220027207681-5-1673877559 - Holdem no limit (15/30) - 2023/01/16 13:59:19 UTC
Table: 'Expresso Nitro(623312830)#0' 3-max (real money) Seat #2 is the button
Seat 2: Obade93 (580)
Seat 3: _SKR (320)
*** ANTE/BLINDS ***
Obade93 posts small blind 15
_SKR posts big blind 30
Dealt to _SKR [8d 2h]
*** PRE-FLOP *** 
Obade93 raises 38 to 68
_SKR folds
Obade93 collected 98 from pot
*** SUMMARY ***
Total pot 98 | No rake
Seat 2: Obade93 (small blind) (button) won 98


Winamax Poker - Tournament "Expresso Nitro" buyIn: 1.86€ + 0.14€ level: 2 - HandId: #2677108220027207681-6-1673877563 - Holdem no limit (15/30) - 2023/01/16 13:59:23 UTC
Table: 'Expresso Nitro(623312830)#0' 3-max (real money) Seat #3 is the button
Seat 2: Obade93 (610)
Seat 3: _SKR (290)
*** ANTE/BLINDS ***
_SKR posts small blind 15
Obade93 posts big blind 30
Dealt to _SKR [6h 4d]
*** PRE-FLOP *** 
_SKR folds
Obade93 collected 45 from pot
*** SUMMARY ***
Total pot 45 | No rake
Seat 2: Obade93 (big blind) won 45


Winamax Poker - Tournament "Expresso Nitro" buyIn: 1.86€ + 0.14€ level: 2 - HandId: #2677108220027207681-7-1673877566 - Holdem no limit (15/30) - 2023/01/16 13:59:26 UTC
Table: 'Expresso Nitro(623312830)#0' 3-max (real money) Seat #2 is the button
Seat 2: Obade93 (625)
Seat 3: _SKR (275)
*** ANTE/BLINDS ***
Obade93 posts small blind 15
_SKR posts big blind 30
Dealt to _SKR [3s Ah]
*** PRE-FLOP *** 
Obade93 raises 38 to 68
_SKR raises 207 to 275 and is all-in
Obade93 calls 207
*** FLOP *** [Qd Qc 5s]
*** TURN *** [Qd Qc 5s][Kc]
*** RIVER *** [Qd Qc 5s Kc][3h]
*** SHOW DOWN ***
Obade93 shows [Ad 2d] (One pair : Queens)
_SKR shows [3s Ah] (Two pairs : Queens and 3)
_SKR collected 550 from pot
*** SUMMARY ***
Total pot 550 | No rake
Board: [Qd Qc 5s Kc 3h]
Seat 2: Obade93 (small blind) (button) showed [Ad 2d] and lost with One pair : Queens
Seat 3: _SKR (big blind) showed [3s Ah] and won 550 with Two pairs : Queens and 3


Winamax Poker - Tournament "Expresso Nitro" buyIn: 1.86€ + 0.14€ level: 2 - HandId: #2677108220027207681-8-1673877580 - Holdem no limit (15/30) - 2023/01/16 13:59:40 UTC
Table: 'Expresso Nitro(623312830)#0' 3-max (real money) Seat #3 is the button
Seat 2: Obade93 (350)
Seat 3: _SKR (550)
*** ANTE/BLINDS ***
_SKR posts small blind 15
Obade93 posts big blind 30
Dealt to _SKR [8s 6h]
*** PRE-FLOP *** 
_SKR folds
Obade93 collected 45 from pot
*** SUMMARY ***
Total pot 45 | No rake
Seat 2: Obade93 (big blind) won 45


Winamax Poker - Tournament "Expresso Nitro" buyIn: 1.86€ + 0.14€ level: 2 - HandId: #2677108220027207681-9-1673877584 - Holdem no limit (15/30) - 2023/01/16 13:59:44 UTC
Table: 'Expresso Nitro(623312830)#0' 3-max (real money) Seat #2 is the button
Seat 2: Obade93 (365)
Seat 3: _SKR (535)
*** ANTE/BLINDS ***
Obade93 posts small blind 15
_SKR posts big blind 30
Dealt to _SKR [5c 7d]
*** PRE-FLOP *** 
Obade93 raises 38 to 68
_SKR folds
Obade93 collected 98 from pot
*** SUMMARY ***
Total pot 98 | No rake
Seat 2: Obade93 (small blind) (button) won 98


Winamax Poker - Tournament "Expresso Nitro" buyIn: 1.86€ + 0.14€ level: 2 - HandId: #2677108220027207681-10-1673877588 - Holdem no limit (15/30) - 2023/01/16 13:59:48 UTC
Table: 'Expresso Nitro(623312830)#0' 3-max (real money) Seat #3 is the button
Seat 2: Obade93 (395)
Seat 3: _SKR (505)
*** ANTE/BLINDS ***
_SKR posts small blind 15
Obade93 posts big blind 30
Dealt to _SKR [Kd Kc]
*** PRE-FLOP *** 
_SKR raises 30 to 60
Obade93 folds
_SKR collected 90 from pot
*** SUMMARY ***
Total pot 90 | No rake
Seat 3: _SKR (small blind) (button) won 90


Winamax Poker - Tournament "Expresso Nitro" buyIn: 1.86€ + 0.14€ level: 2 - HandId: #2677108220027207681-11-1673877599 - Holdem no limit (15/30) - 2023/01/16 13:59:59 UTC
Table: 'Expresso Nitro(623312830)#0' 3-max (real money) Seat #2 is the button
Seat 2: Obade93 (365)
Seat 3: _SKR (535)
*** ANTE/BLINDS ***
Obade93 posts small blind 15
_SKR posts big blind 30
Dealt to _SKR [3h Kh]
*** PRE-FLOP *** 
Obade93 raises 38 to 68
_SKR calls 38
*** FLOP *** [7d 2d 4d]
_SKR checks
Obade93 checks
*** TURN *** [7d 2d 4d][3c]
_SKR checks
Obade93 bets 68
_SKR folds
Obade93 collected 204 from pot
*** SUMMARY ***
Total pot 204 | No rake
Board: [7d 2d 4d 3c]
Seat 2: Obade93 (small blind) (button) won 204


Winamax Poker - Tournament "Expresso Nitro" buyIn: 1.86€ + 0.14€ level: 3 - HandId: #2677108220027207681-12-1673877633 - Holdem no limit (20/40) - 2023/01/16 14:00:33 UTC
Table: 'Expresso Nitro(623312830)#0' 3-max (real money) Seat #3 is the button
Seat 2: Obade93 (433)
Seat 3: _SKR (467)
*** ANTE/BLINDS ***
_SKR posts small blind 20
Obade93 posts big blind 40
Dealt to _SKR [6s Qc]
*** PRE-FLOP *** 
_SKR folds
Obade93 collected 60 from pot
*** SUMMARY ***
Total pot 60 | No rake
Seat 2: Obade93 (big blind) won 60


Winamax Poker - Tournament "Expresso Nitro" buyIn: 1.86€ + 0.14€ level: 3 - HandId: #2677108220027207681-13-1673877637 - Holdem no limit (20/40) - 2023/01/16 14:00:37 UTC
Table: 'Expresso Nitro(623312830)#0' 3-max (real money) Seat #2 is the button
Seat 2: Obade93 (453)
Seat 3: _SKR (447)
*** ANTE/BLINDS ***
Obade93 posts small blind 20
_SKR posts big blind 40
Dealt to _SKR [3c 5h]
*** PRE-FLOP *** 
Obade93 raises 413 to 453 and is all-in
_SKR folds
Obade93 collected 493 from pot
*** SUMMARY ***
Total pot 493 | No rake
Seat 2: Obade93 (small blind) (button) won 493


Winamax Poker - Tournament "Expresso Nitro" buyIn: 1.86€ + 0.14€ level: 3 - HandId: #2677108220027207681-14-1673877650 - Holdem no limit (20/40) - 2023/01/16 14:00:50 UTC
Table: 'Expresso Nitro(623312830)#0' 3-max (real money) Seat #3 is the button
Seat 2: Obade93 (493)
Seat 3: _SKR (407)
*** ANTE/BLINDS ***
_SKR posts small blind 20
Obade93 posts big blind 40
Dealt to _SKR [5d 6d]
*** PRE-FLOP *** 
_SKR folds
Obade93 collected 60 from pot
*** SUMMARY ***
Total pot 60 | No rake
Seat 2: Obade93 (big blind) won 60


Winamax Poker - Tournament "Expresso Nitro" buyIn: 1.86€ + 0.14€ level: 4 - HandId: #2677108220027207681-15-1673877664 - Holdem no limit (30/60) - 2023/01/16 14:01:04 UTC
Table: 'Expresso Nitro(623312830)#0' 3-max (real money) Seat #2 is the button
Seat 2: Obade93 (513)
Seat 3: _SKR (387)
*** ANTE/BLINDS ***
Obade93 posts small blind 30
_SKR posts big blind 60
Dealt to _SKR [5s 4s]
*** PRE-FLOP *** 
Obade93 folds
_SKR collected 90 from pot
*** SUMMARY ***
Total pot 90 | No rake
Seat 3: _SKR (big blind) won 90


Winamax Poker - Tournament "Expresso Nitro" buyIn: 1.86€ + 0.14€ level: 4 - HandId: #2677108220027207681-16-1673877673 - Holdem no limit (30/60) - 2023/01/16 14:01:13 UTC
Table: 'Expresso Nitro(623312830)#0' 3-max (real money) Seat #3 is the button
Seat 2: Obade93 (483)
Seat 3: _SKR (417)
*** ANTE/BLINDS ***
_SKR posts small blind 30
Obade93 posts big blind 60
Dealt to _SKR [8d 9d]
*** PRE-FLOP *** 
_SKR raises 357 to 417 and is all-in
Obade93 folds
_SKR collected 477 from pot
*** SUMMARY ***
Total pot 477 | No rake
Seat 3: _SKR (small blind) (button) won 477


Winamax Poker - Tournament "Expresso Nitro" buyIn: 1.86€ + 0.14€ level: 4 - HandId: #2677108220027207681-17-1673877679 - Holdem no limit (30/60) - 2023/01/16 14:01:19 UTC
Table: 'Expresso Nitro(623312830)#0' 3-max (real money) Seat #2 is the button
Seat 2: Obade93 (423)
Seat 3: _SKR (477)
*** ANTE/BLINDS ***
Obade93 posts small blind 30
_SKR posts big blind 60
Dealt to _SKR [Ac Qd]
*** PRE-FLOP *** 
Obade93 raises 105 to 165
_SKR raises 312 to 477 and is all-in
Obade93 calls 258 and is all-in
*** FLOP *** [Th Kh 6h]
*** TURN *** [Th Kh 6h][8c]
*** RIVER *** [Th Kh 6h 8c][7h]
*** SHOW DOWN ***
Obade93 shows [7d 6s] (Two pairs : 7 and 6)
_SKR shows [Ac Qd] (High card : Ace)
_SKR collected 54 from side pot 1
Obade93 collected 846 from main pot
*** SUMMARY ***
Total pot 900 | No rake
Board: [Th Kh 6h 8c 7h]
Seat 2: Obade93 (small blind) (button) showed [7d 6s] and won 846 with Two pairs : 7 and 6
Seat 3: _SKR (big blind) showed [Ac Qd] and won 54 with High card : Ace


Winamax Poker - Tournament "Expresso Nitro" buyIn: 1.86€ + 0.14€ level: 4 - HandId: #2677108220027207681-18-1673877698 - Holdem no limit (30/60) - 2023/01/16 14:01:38 UTC
Table: 'Expresso Nitro(623312830)#0' 3-max (real money) Seat #3 is the button
Seat 2: Obade93 (846)
Seat 3: _SKR (54)
*** ANTE/BLINDS ***
_SKR posts small blind 30
Obade93 posts big blind 60
Dealt to _SKR [4h Kc]
*** PRE-FLOP *** 
_SKR calls 24 and is all-in
*** FLOP *** [2d 9c 4d]
*** TURN *** [2d 9c 4d][7s]
*** RIVER *** [2d 9c 4d 7s][8d]
*** SHOW DOWN ***
_SKR shows [4h Kc] (One pair : 4)
Obade93 shows [Ts Js] (Straight Jack high)
Obade93 collected 114 from pot
*** SUMMARY ***
Total pot 114 | No rake
Board: [2d 9c 4d 7s 8d]
Seat 2: Obade93 (big blind) showed [Ts Js] and won 114 with Straight Jack high
Seat 3: _SKR (small blind) (button) showed [4h Kc] and lost with One pair : 4


