Winamax Poker - Tournament "Expresso Nitro" buyIn: 0.93€ + 0.07€ level: 1 - HandId: #2728253742854963201-1-1676842692 - Holdem no limit (10/20) - 2023/02/19 21:38:12 UTC
Table: 'Expresso Nitro(635221075)#0' 3-max (real money) Seat #2 is the button
Seat 1: _SKR (300)
Seat 2: ReStrat100K_ (300)
Seat 3: asiadudus (300)
*** ANTE/BLINDS ***
asiadudus posts small blind 10
_SKR posts big blind 20
Dealt to _SKR [4c Ac]
*** PRE-FLOP *** 
ReStrat100K_ folds
asiadudus calls 10
_SKR raises 280 to 300 and is all-in
asiadudus folds
_SKR collected 320 from pot
*** SUMMARY ***
Total pot 320 | No rake
Seat 1: _SKR (big blind) won 320


Winamax Poker - Tournament "Expresso Nitro" buyIn: 0.93€ + 0.07€ level: 1 - HandId: #2728253742854963201-2-1676842705 - Holdem no limit (10/20) - 2023/02/19 21:38:25 UTC
Table: 'Expresso Nitro(635221075)#0' 3-max (real money) Seat #3 is the button
Seat 1: _SKR (320)
Seat 2: ReStrat100K_ (300)
Seat 3: asiadudus (280)
*** ANTE/BLINDS ***
_SKR posts small blind 10
ReStrat100K_ posts big blind 20
Dealt to _SKR [3h 2h]
*** PRE-FLOP *** 
asiadudus calls 20
_SKR folds
ReStrat100K_ checks
*** FLOP *** [Ac 3c Jd]
ReStrat100K_ checks
asiadudus checks
*** TURN *** [Ac 3c Jd][4h]
ReStrat100K_ checks
asiadudus checks
*** RIVER *** [Ac 3c Jd 4h][6d]
ReStrat100K_ bets 33
asiadudus folds
ReStrat100K_ collected 83 from pot
*** SUMMARY ***
Total pot 83 | No rake
Board: [Ac 3c Jd 4h 6d]
Seat 2: ReStrat100K_ (big blind) won 83


Winamax Poker - Tournament "Expresso Nitro" buyIn: 0.93€ + 0.07€ level: 1 - HandId: #2728253742854963201-3-1676842730 - Holdem no limit (10/20) - 2023/02/19 21:38:50 UTC
Table: 'Expresso Nitro(635221075)#0' 3-max (real money) Seat #1 is the button
Seat 1: _SKR (310)
Seat 2: ReStrat100K_ (330)
Seat 3: asiadudus (260)
*** ANTE/BLINDS ***
ReStrat100K_ posts small blind 10
asiadudus posts big blind 20
Dealt to _SKR [5s 3d]
*** PRE-FLOP *** 
_SKR folds
ReStrat100K_ calls 10
asiadudus checks
*** FLOP *** [5c Ad 4h]
ReStrat100K_ checks
asiadudus checks
*** TURN *** [5c Ad 4h][Qh]
ReStrat100K_ bets 26
asiadudus folds
ReStrat100K_ collected 66 from pot
*** SUMMARY ***
Total pot 66 | No rake
Board: [5c Ad 4h Qh]
Seat 2: ReStrat100K_ (small blind) won 66


Winamax Poker - Tournament "Expresso Nitro" buyIn: 0.93€ + 0.07€ level: 1 - HandId: #2728253742854963201-4-1676842745 - Holdem no limit (10/20) - 2023/02/19 21:39:05 UTC
Table: 'Expresso Nitro(635221075)#0' 3-max (real money) Seat #2 is the button
Seat 1: _SKR (310)
Seat 2: ReStrat100K_ (350)
Seat 3: asiadudus (240)
*** ANTE/BLINDS ***
asiadudus posts small blind 10
_SKR posts big blind 20
Dealt to _SKR [7s 9h]
*** PRE-FLOP *** 
ReStrat100K_ folds
asiadudus raises 220 to 240 and is all-in
_SKR folds
asiadudus collected 260 from pot
*** SUMMARY ***
Total pot 260 | No rake
Seat 3: asiadudus (small blind) won 260


Winamax Poker - Tournament "Expresso Nitro" buyIn: 0.93€ + 0.07€ level: 2 - HandId: #2728253742854963201-5-1676842752 - Holdem no limit (15/30) - 2023/02/19 21:39:12 UTC
Table: 'Expresso Nitro(635221075)#0' 3-max (real money) Seat #3 is the button
Seat 1: _SKR (290)
Seat 2: ReStrat100K_ (350)
Seat 3: asiadudus (260)
*** ANTE/BLINDS ***
_SKR posts small blind 15
ReStrat100K_ posts big blind 30
Dealt to _SKR [5s 3s]
*** PRE-FLOP *** 
asiadudus raises 230 to 260 and is all-in
_SKR folds
ReStrat100K_ folds
asiadudus collected 305 from pot
*** SUMMARY ***
Total pot 305 | No rake
Seat 3: asiadudus (button) won 305


Winamax Poker - Tournament "Expresso Nitro" buyIn: 0.93€ + 0.07€ level: 2 - HandId: #2728253742854963201-6-1676842761 - Holdem no limit (15/30) - 2023/02/19 21:39:21 UTC
Table: 'Expresso Nitro(635221075)#0' 3-max (real money) Seat #1 is the button
Seat 1: _SKR (275)
Seat 2: ReStrat100K_ (320)
Seat 3: asiadudus (305)
*** ANTE/BLINDS ***
ReStrat100K_ posts small blind 15
asiadudus posts big blind 30
Dealt to _SKR [7c Ts]
*** PRE-FLOP *** 
_SKR folds
ReStrat100K_ folds
asiadudus collected 45 from pot
*** SUMMARY ***
Total pot 45 | No rake
Seat 3: asiadudus (big blind) won 45


Winamax Poker - Tournament "Expresso Nitro" buyIn: 0.93€ + 0.07€ level: 2 - HandId: #2728253742854963201-7-1676842766 - Holdem no limit (15/30) - 2023/02/19 21:39:26 UTC
Table: 'Expresso Nitro(635221075)#0' 3-max (real money) Seat #2 is the button
Seat 1: _SKR (275)
Seat 2: ReStrat100K_ (305)
Seat 3: asiadudus (320)
*** ANTE/BLINDS ***
asiadudus posts small blind 15
_SKR posts big blind 30
Dealt to _SKR [2c Kh]
*** PRE-FLOP *** 
ReStrat100K_ folds
asiadudus calls 15
_SKR checks
*** FLOP *** [5d Qd Jc]
asiadudus bets 39
_SKR folds
asiadudus collected 99 from pot
*** SUMMARY ***
Total pot 99 | No rake
Board: [5d Qd Jc]
Seat 3: asiadudus (small blind) won 99


Winamax Poker - Tournament "Expresso Nitro" buyIn: 0.93€ + 0.07€ level: 2 - HandId: #2728253742854963201-8-1676842776 - Holdem no limit (15/30) - 2023/02/19 21:39:36 UTC
Table: 'Expresso Nitro(635221075)#0' 3-max (real money) Seat #3 is the button
Seat 1: _SKR (245)
Seat 2: ReStrat100K_ (305)
Seat 3: asiadudus (350)
*** ANTE/BLINDS ***
_SKR posts small blind 15
ReStrat100K_ posts big blind 30
Dealt to _SKR [3s Ah]
*** PRE-FLOP *** 
asiadudus folds
_SKR raises 215 to 245 and is all-in
ReStrat100K_ folds
_SKR collected 275 from pot
*** SUMMARY ***
Total pot 275 | No rake
Seat 1: _SKR (small blind) won 275


Winamax Poker - Tournament "Expresso Nitro" buyIn: 0.93€ + 0.07€ level: 2 - HandId: #2728253742854963201-9-1676842783 - Holdem no limit (15/30) - 2023/02/19 21:39:43 UTC
Table: 'Expresso Nitro(635221075)#0' 3-max (real money) Seat #1 is the button
Seat 1: _SKR (275)
Seat 2: ReStrat100K_ (275)
Seat 3: asiadudus (350)
*** ANTE/BLINDS ***
ReStrat100K_ posts small blind 15
asiadudus posts big blind 30
Dealt to _SKR [7h 9d]
*** PRE-FLOP *** 
_SKR folds
ReStrat100K_ folds
asiadudus collected 45 from pot
*** SUMMARY ***
Total pot 45 | No rake
Seat 3: asiadudus (big blind) won 45


Winamax Poker - Tournament "Expresso Nitro" buyIn: 0.93€ + 0.07€ level: 2 - HandId: #2728253742854963201-10-1676842788 - Holdem no limit (15/30) - 2023/02/19 21:39:48 UTC
Table: 'Expresso Nitro(635221075)#0' 3-max (real money) Seat #2 is the button
Seat 1: _SKR (275)
Seat 2: ReStrat100K_ (260)
Seat 3: asiadudus (365)
*** ANTE/BLINDS ***
asiadudus posts small blind 15
_SKR posts big blind 30
Dealt to _SKR [Th 3d]
*** PRE-FLOP *** 
ReStrat100K_ folds
asiadudus calls 15
_SKR checks
*** FLOP *** [Kc 6c 5s]
asiadudus bets 30
_SKR folds
asiadudus collected 90 from pot
*** SUMMARY ***
Total pot 90 | No rake
Board: [Kc 6c 5s]
Seat 3: asiadudus (small blind) won 90


Winamax Poker - Tournament "Expresso Nitro" buyIn: 0.93€ + 0.07€ level: 2 - HandId: #2728253742854963201-11-1676842799 - Holdem no limit (15/30) - 2023/02/19 21:39:59 UTC
Table: 'Expresso Nitro(635221075)#0' 3-max (real money) Seat #3 is the button
Seat 1: _SKR (245)
Seat 2: ReStrat100K_ (260)
Seat 3: asiadudus (395)
*** ANTE/BLINDS ***
_SKR posts small blind 15
ReStrat100K_ posts big blind 30
Dealt to _SKR [8d Th]
*** PRE-FLOP *** 
asiadudus folds
_SKR folds
ReStrat100K_ collected 45 from pot
*** SUMMARY ***
Total pot 45 | No rake
Seat 2: ReStrat100K_ (big blind) won 45


Winamax Poker - Tournament "Expresso Nitro" buyIn: 0.93€ + 0.07€ level: 3 - HandId: #2728253742854963201-12-1676842808 - Holdem no limit (20/40) - 2023/02/19 21:40:08 UTC
Table: 'Expresso Nitro(635221075)#0' 3-max (real money) Seat #1 is the button
Seat 1: _SKR (230)
Seat 2: ReStrat100K_ (275)
Seat 3: asiadudus (395)
*** ANTE/BLINDS ***
ReStrat100K_ posts small blind 20
asiadudus posts big blind 40
Dealt to _SKR [4c Ks]
*** PRE-FLOP *** 
_SKR folds
ReStrat100K_ folds
asiadudus collected 60 from pot
*** SUMMARY ***
Total pot 60 | No rake
Seat 3: asiadudus (big blind) won 60


Winamax Poker - Tournament "Expresso Nitro" buyIn: 0.93€ + 0.07€ level: 3 - HandId: #2728253742854963201-13-1676842814 - Holdem no limit (20/40) - 2023/02/19 21:40:14 UTC
Table: 'Expresso Nitro(635221075)#0' 3-max (real money) Seat #2 is the button
Seat 1: _SKR (230)
Seat 2: ReStrat100K_ (255)
Seat 3: asiadudus (415)
*** ANTE/BLINDS ***
asiadudus posts small blind 20
_SKR posts big blind 40
Dealt to _SKR [5h 5s]
*** PRE-FLOP *** 
ReStrat100K_ raises 215 to 255 and is all-in
asiadudus folds
_SKR calls 190 and is all-in
*** FLOP *** [8d 6d 3c]
*** TURN *** [8d 6d 3c][Jh]
*** RIVER *** [8d 6d 3c Jh][7c]
*** SHOW DOWN ***
_SKR shows [5h 5s] (One pair : 5)
ReStrat100K_ shows [Ks Qd] (High card : King)
ReStrat100K_ collected 25 from side pot 1
_SKR collected 480 from main pot
*** SUMMARY ***
Total pot 505 | No rake
Board: [8d 6d 3c Jh 7c]
Seat 1: _SKR (big blind) showed [5h 5s] and won 480 with One pair : 5
Seat 2: ReStrat100K_ (button) showed [Ks Qd] and won 25 with High card : King


Winamax Poker - Tournament "Expresso Nitro" buyIn: 0.93€ + 0.07€ level: 3 - HandId: #2728253742854963201-14-1676842829 - Holdem no limit (20/40) - 2023/02/19 21:40:29 UTC
Table: 'Expresso Nitro(635221075)#0' 3-max (real money) Seat #3 is the button
Seat 1: _SKR (480)
Seat 2: ReStrat100K_ (25)
Seat 3: asiadudus (395)
*** ANTE/BLINDS ***
_SKR posts small blind 20
ReStrat100K_ posts big blind 25 and is all-in
Dealt to _SKR [Kd Ad]
*** PRE-FLOP *** 
asiadudus folds
_SKR calls 20
*** FLOP *** [8h Qh 5d]
*** TURN *** [8h Qh 5d][Jc]
*** RIVER *** [8h Qh 5d Jc][Ks]
*** SHOW DOWN ***
ReStrat100K_ shows [6h 2d] (High card : King)
_SKR shows [Kd Ad] (One pair : Kings)
_SKR collected 65 from pot
*** SUMMARY ***
Total pot 65 | No rake
Board: [8h Qh 5d Jc Ks]
Seat 1: _SKR (small blind) showed [Kd Ad] and won 65 with One pair : Kings
Seat 2: ReStrat100K_ (big blind) showed [6h 2d] and lost with High card : King


Winamax Poker - Tournament "Expresso Nitro" buyIn: 0.93€ + 0.07€ level: 3 - HandId: #2728253742854963201-15-1676842843 - Holdem no limit (20/40) - 2023/02/19 21:40:43 UTC
Table: 'Expresso Nitro(635221075)#0' 3-max (real money) Seat #3 is the button
Seat 1: _SKR (505)
Seat 3: asiadudus (395)
*** ANTE/BLINDS ***
asiadudus posts small blind 20
_SKR posts big blind 40
Dealt to _SKR [Ts 6s]
*** PRE-FLOP *** 
asiadudus calls 20
_SKR checks
*** FLOP *** [8s Tc 3c]
_SKR checks
asiadudus bets 52
_SKR raises 413 to 465 and is all-in
asiadudus calls 303 and is all-in
*** TURN *** [8s Tc 3c][Jh]
*** RIVER *** [8s Tc 3c Jh][7s]
*** SHOW DOWN ***
asiadudus shows [8h Kh] (One pair : 8)
_SKR shows [Ts 6s] (One pair : Tens)
_SKR collected 900 from pot
*** SUMMARY ***
Total pot 900 | No rake
Board: [8s Tc 3c Jh 7s]
Seat 1: _SKR (big blind) showed [Ts 6s] and won 900 with One pair : Tens
Seat 3: asiadudus (small blind) (button) showed [8h Kh] and lost with One pair : 8


