Winamax Poker - Tournament "Expresso Nitro" buyIn: 0.93€ + 0.07€ level: 1 - HandId: #2729121291889016833-1-1676901661 - Holdem no limit (10/20) - 2023/02/20 14:01:01 UTC
Table: 'Expresso Nitro(635423067)#0' 3-max (real money) Seat #2 is the button
Seat 1: lutece92 (300)
Seat 2: RD_Sniper5 (300)
Seat 3: _SKR (300)
*** ANTE/BLINDS ***
_SKR posts small blind 10
lutece92 posts big blind 20
Dealt to _SKR [9s Ah]
*** PRE-FLOP *** 
RD_Sniper5 folds
_SKR raises 20 to 40
lutece92 raises 260 to 300 and is all-in
_SKR folds
lutece92 collected 340 from pot
*** SUMMARY ***
Total pot 340 | No rake
Seat 1: lutece92 (big blind) won 340


Winamax Poker - Tournament "Expresso Nitro" buyIn: 0.93€ + 0.07€ level: 1 - HandId: #2729121291889016833-2-1676901674 - Holdem no limit (10/20) - 2023/02/20 14:01:14 UTC
Table: 'Expresso Nitro(635423067)#0' 3-max (real money) Seat #3 is the button
Seat 1: lutece92 (340)
Seat 2: RD_Sniper5 (300)
Seat 3: _SKR (260)
*** ANTE/BLINDS ***
lutece92 posts small blind 10
RD_Sniper5 posts big blind 20
Dealt to _SKR [Qs Qh]
*** PRE-FLOP *** 
_SKR raises 20 to 40
lutece92 raises 300 to 340 and is all-in
RD_Sniper5 folds
_SKR calls 220 and is all-in
*** FLOP *** [7d 3d 2c]
*** TURN *** [7d 3d 2c][Kh]
*** RIVER *** [7d 3d 2c Kh][8h]
*** SHOW DOWN ***
lutece92 shows [9d 9s] (One pair : 9)
_SKR shows [Qs Qh] (One pair : Queens)
_SKR collected 540 from main pot
lutece92 collected 80 from side pot 1
*** SUMMARY ***
Total pot 620 | No rake
Board: [7d 3d 2c Kh 8h]
Seat 1: lutece92 (small blind) showed [9d 9s] and won 80 with One pair : 9
Seat 3: _SKR (button) showed [Qs Qh] and won 540 with One pair : Queens


Winamax Poker - Tournament "Expresso Nitro" buyIn: 0.93€ + 0.07€ level: 1 - HandId: #2729121291889016833-3-1676901688 - Holdem no limit (10/20) - 2023/02/20 14:01:28 UTC
Table: 'Expresso Nitro(635423067)#0' 3-max (real money) Seat #1 is the button
Seat 1: lutece92 (80)
Seat 2: RD_Sniper5 (280)
Seat 3: _SKR (540)
*** ANTE/BLINDS ***
RD_Sniper5 posts small blind 10
_SKR posts big blind 20
Dealt to _SKR [Qd 4s]
*** PRE-FLOP *** 
lutece92 raises 60 to 80 and is all-in
RD_Sniper5 calls 70
_SKR folds
*** FLOP *** [Th 5h Qh]
*** TURN *** [Th 5h Qh][2h]
*** RIVER *** [Th 5h Qh 2h][Kc]
*** SHOW DOWN ***
RD_Sniper5 shows [4h 4c] (Flush Queen high)
lutece92 shows [5d Kh] (Flush King high)
lutece92 collected 180 from pot
*** SUMMARY ***
Total pot 180 | No rake
Board: [Th 5h Qh 2h Kc]
Seat 1: lutece92 (button) showed [5d Kh] and won 180 with Flush King high
Seat 2: RD_Sniper5 (small blind) showed [4h 4c] and lost with Flush Queen high


Winamax Poker - Tournament "Expresso Nitro" buyIn: 0.93€ + 0.07€ level: 1 - HandId: #2729121291889016833-4-1676901702 - Holdem no limit (10/20) - 2023/02/20 14:01:42 UTC
Table: 'Expresso Nitro(635423067)#0' 3-max (real money) Seat #2 is the button
Seat 1: lutece92 (180)
Seat 2: RD_Sniper5 (200)
Seat 3: _SKR (520)
*** ANTE/BLINDS ***
_SKR posts small blind 10
lutece92 posts big blind 20
Dealt to _SKR [As 6s]
*** PRE-FLOP *** 
RD_Sniper5 folds
_SKR raises 500 to 520 and is all-in
lutece92 folds
_SKR collected 540 from pot
*** SUMMARY ***
Total pot 540 | No rake
Seat 3: _SKR (small blind) won 540


Winamax Poker - Tournament "Expresso Nitro" buyIn: 0.93€ + 0.07€ level: 1 - HandId: #2729121291889016833-5-1676901708 - Holdem no limit (10/20) - 2023/02/20 14:01:48 UTC
Table: 'Expresso Nitro(635423067)#0' 3-max (real money) Seat #3 is the button
Seat 1: lutece92 (160)
Seat 2: RD_Sniper5 (200)
Seat 3: _SKR (540)
*** ANTE/BLINDS ***
lutece92 posts small blind 10
RD_Sniper5 posts big blind 20
Dealt to _SKR [9d 6d]
*** PRE-FLOP *** 
_SKR folds
lutece92 folds
RD_Sniper5 collected 30 from pot
*** SUMMARY ***
Total pot 30 | No rake
Seat 2: RD_Sniper5 (big blind) won 30


Winamax Poker - Tournament "Expresso Nitro" buyIn: 0.93€ + 0.07€ level: 1 - HandId: #2729121291889016833-6-1676901713 - Holdem no limit (10/20) - 2023/02/20 14:01:53 UTC
Table: 'Expresso Nitro(635423067)#0' 3-max (real money) Seat #1 is the button
Seat 1: lutece92 (150)
Seat 2: RD_Sniper5 (210)
Seat 3: _SKR (540)
*** ANTE/BLINDS ***
RD_Sniper5 posts small blind 10
_SKR posts big blind 20
Dealt to _SKR [5s Th]
*** PRE-FLOP *** 
lutece92 folds
RD_Sniper5 calls 10
_SKR checks
*** FLOP *** [Kd 8c 7c]
RD_Sniper5 bets 20
_SKR folds
RD_Sniper5 collected 60 from pot
*** SUMMARY ***
Total pot 60 | No rake
Board: [Kd 8c 7c]
Seat 2: RD_Sniper5 (small blind) won 60


Winamax Poker - Tournament "Expresso Nitro" buyIn: 0.93€ + 0.07€ level: 2 - HandId: #2729121291889016833-7-1676901729 - Holdem no limit (15/30) - 2023/02/20 14:02:09 UTC
Table: 'Expresso Nitro(635423067)#0' 3-max (real money) Seat #2 is the button
Seat 1: lutece92 (150)
Seat 2: RD_Sniper5 (230)
Seat 3: _SKR (520)
*** ANTE/BLINDS ***
_SKR posts small blind 15
lutece92 posts big blind 30
Dealt to _SKR [9d 5h]
*** PRE-FLOP *** 
RD_Sniper5 calls 30
_SKR folds
lutece92 checks
*** FLOP *** [4s 2c Kh]
lutece92 checks
RD_Sniper5 checks
*** TURN *** [4s 2c Kh][7c]
lutece92 checks
RD_Sniper5 checks
*** RIVER *** [4s 2c Kh 7c][3h]
lutece92 checks
RD_Sniper5 checks
*** SHOW DOWN ***
RD_Sniper5 shows [Jc 8d] (High card : King)
lutece92 shows [7s 8h] (One pair : 7)
lutece92 collected 75 from pot
*** SUMMARY ***
Total pot 75 | No rake
Board: [4s 2c Kh 7c 3h]
Seat 1: lutece92 (big blind) showed [7s 8h] and won 75 with One pair : 7
Seat 2: RD_Sniper5 (button) showed [Jc 8d] and lost with High card : King


Winamax Poker - Tournament "Expresso Nitro" buyIn: 0.93€ + 0.07€ level: 2 - HandId: #2729121291889016833-8-1676901748 - Holdem no limit (15/30) - 2023/02/20 14:02:28 UTC
Table: 'Expresso Nitro(635423067)#0' 3-max (real money) Seat #3 is the button
Seat 1: lutece92 (195)
Seat 2: RD_Sniper5 (200)
Seat 3: _SKR (505)
*** ANTE/BLINDS ***
lutece92 posts small blind 15
RD_Sniper5 posts big blind 30
Dealt to _SKR [Tc 2d]
*** PRE-FLOP *** 
_SKR folds
lutece92 raises 165 to 195 and is all-in
RD_Sniper5 folds
lutece92 collected 225 from pot
*** SUMMARY ***
Total pot 225 | No rake
Seat 1: lutece92 (small blind) won 225


Winamax Poker - Tournament "Expresso Nitro" buyIn: 0.93€ + 0.07€ level: 2 - HandId: #2729121291889016833-9-1676901754 - Holdem no limit (15/30) - 2023/02/20 14:02:34 UTC
Table: 'Expresso Nitro(635423067)#0' 3-max (real money) Seat #1 is the button
Seat 1: lutece92 (225)
Seat 2: RD_Sniper5 (170)
Seat 3: _SKR (505)
*** ANTE/BLINDS ***
RD_Sniper5 posts small blind 15
_SKR posts big blind 30
Dealt to _SKR [3c 3h]
*** PRE-FLOP *** 
lutece92 raises 195 to 225 and is all-in
RD_Sniper5 calls 155 and is all-in
_SKR folds
*** FLOP *** [9h Qc 9d]
*** TURN *** [9h Qc 9d][7s]
*** RIVER *** [9h Qc 9d 7s][2d]
*** SHOW DOWN ***
RD_Sniper5 shows [8d Js] (One pair : 9)
lutece92 shows [Th Ah] (One pair : 9)
lutece92 collected 425 from pot
*** SUMMARY ***
Total pot 425 | No rake
Board: [9h Qc 9d 7s 2d]
Seat 1: lutece92 (button) showed [Th Ah] and won 425 with One pair : 9
Seat 2: RD_Sniper5 (small blind) showed [8d Js] and lost with One pair : 9


Winamax Poker - Tournament "Expresso Nitro" buyIn: 0.93€ + 0.07€ level: 3 - HandId: #2729121291889016833-10-1676901777 - Holdem no limit (20/40) - 2023/02/20 14:02:57 UTC
Table: 'Expresso Nitro(635423067)#0' 3-max (real money) Seat #3 is the button
Seat 1: lutece92 (425)
Seat 3: _SKR (475)
*** ANTE/BLINDS ***
_SKR posts small blind 20
lutece92 posts big blind 40
Dealt to _SKR [Td 3h]
*** PRE-FLOP *** 
_SKR folds
lutece92 collected 60 from pot
*** SUMMARY ***
Total pot 60 | No rake
Seat 1: lutece92 (big blind) won 60


Winamax Poker - Tournament "Expresso Nitro" buyIn: 0.93€ + 0.07€ level: 3 - HandId: #2729121291889016833-11-1676901781 - Holdem no limit (20/40) - 2023/02/20 14:03:01 UTC
Table: 'Expresso Nitro(635423067)#0' 3-max (real money) Seat #1 is the button
Seat 1: lutece92 (445)
Seat 3: _SKR (455)
*** ANTE/BLINDS ***
lutece92 posts small blind 20
_SKR posts big blind 40
Dealt to _SKR [6h Ks]
*** PRE-FLOP *** 
lutece92 calls 20
_SKR checks
*** FLOP *** [Js Kc 8d]
_SKR checks
lutece92 checks
*** TURN *** [Js Kc 8d][7h]
_SKR bets 40
lutece92 folds
_SKR collected 120 from pot
*** SUMMARY ***
Total pot 120 | No rake
Board: [Js Kc 8d 7h]
Seat 3: _SKR (big blind) won 120


Winamax Poker - Tournament "Expresso Nitro" buyIn: 0.93€ + 0.07€ level: 3 - HandId: #2729121291889016833-12-1676901803 - Holdem no limit (20/40) - 2023/02/20 14:03:23 UTC
Table: 'Expresso Nitro(635423067)#0' 3-max (real money) Seat #3 is the button
Seat 1: lutece92 (405)
Seat 3: _SKR (495)
*** ANTE/BLINDS ***
_SKR posts small blind 20
lutece92 posts big blind 40
Dealt to _SKR [3d 5d]
*** PRE-FLOP *** 
_SKR folds
lutece92 collected 60 from pot
*** SUMMARY ***
Total pot 60 | No rake
Seat 1: lutece92 (big blind) won 60


Winamax Poker - Tournament "Expresso Nitro" buyIn: 0.93€ + 0.07€ level: 3 - HandId: #2729121291889016833-13-1676901806 - Holdem no limit (20/40) - 2023/02/20 14:03:26 UTC
Table: 'Expresso Nitro(635423067)#0' 3-max (real money) Seat #1 is the button
Seat 1: lutece92 (425)
Seat 3: _SKR (475)
*** ANTE/BLINDS ***
lutece92 posts small blind 20
_SKR posts big blind 40
Dealt to _SKR [7c 9d]
*** PRE-FLOP *** 
lutece92 raises 385 to 425 and is all-in
_SKR folds
lutece92 collected 465 from pot
*** SUMMARY ***
Total pot 465 | No rake
Seat 1: lutece92 (small blind) (button) won 465


Winamax Poker - Tournament "Expresso Nitro" buyIn: 0.93€ + 0.07€ level: 3 - HandId: #2729121291889016833-14-1676901816 - Holdem no limit (20/40) - 2023/02/20 14:03:36 UTC
Table: 'Expresso Nitro(635423067)#0' 3-max (real money) Seat #3 is the button
Seat 1: lutece92 (465)
Seat 3: _SKR (435)
*** ANTE/BLINDS ***
_SKR posts small blind 20
lutece92 posts big blind 40
Dealt to _SKR [9d Qs]
*** PRE-FLOP *** 
_SKR raises 40 to 80
lutece92 calls 40
*** FLOP *** [3d Ts Jd]
lutece92 checks
_SKR bets 76
lutece92 folds
_SKR collected 236 from pot
*** SUMMARY ***
Total pot 236 | No rake
Board: [3d Ts Jd]
Seat 3: _SKR (small blind) (button) won 236


Winamax Poker - Tournament "Expresso Nitro" buyIn: 0.93€ + 0.07€ level: 3 - HandId: #2729121291889016833-15-1676901834 - Holdem no limit (20/40) - 2023/02/20 14:03:54 UTC
Table: 'Expresso Nitro(635423067)#0' 3-max (real money) Seat #1 is the button
Seat 1: lutece92 (385)
Seat 3: _SKR (515)
*** ANTE/BLINDS ***
lutece92 posts small blind 20
_SKR posts big blind 40
Dealt to _SKR [Kd Jd]
*** PRE-FLOP *** 
lutece92 folds
_SKR collected 60 from pot
*** SUMMARY ***
Total pot 60 | No rake
Seat 3: _SKR (big blind) won 60


Winamax Poker - Tournament "Expresso Nitro" buyIn: 0.93€ + 0.07€ level: 4 - HandId: #2729121291889016833-16-1676901837 - Holdem no limit (30/60) - 2023/02/20 14:03:57 UTC
Table: 'Expresso Nitro(635423067)#0' 3-max (real money) Seat #3 is the button
Seat 1: lutece92 (365)
Seat 3: _SKR (535)
*** ANTE/BLINDS ***
_SKR posts small blind 30
lutece92 posts big blind 60
Dealt to _SKR [Tc 3s]
*** PRE-FLOP *** 
_SKR folds
lutece92 collected 90 from pot
*** SUMMARY ***
Total pot 90 | No rake
Seat 1: lutece92 (big blind) won 90


Winamax Poker - Tournament "Expresso Nitro" buyIn: 0.93€ + 0.07€ level: 4 - HandId: #2729121291889016833-17-1676901843 - Holdem no limit (30/60) - 2023/02/20 14:04:03 UTC
Table: 'Expresso Nitro(635423067)#0' 3-max (real money) Seat #1 is the button
Seat 1: lutece92 (395)
Seat 3: _SKR (505)
*** ANTE/BLINDS ***
lutece92 posts small blind 30
_SKR posts big blind 60
Dealt to _SKR [6d As]
*** PRE-FLOP *** 
lutece92 folds
_SKR collected 90 from pot
*** SUMMARY ***
Total pot 90 | No rake
Seat 3: _SKR (big blind) won 90


Winamax Poker - Tournament "Expresso Nitro" buyIn: 0.93€ + 0.07€ level: 4 - HandId: #2729121291889016833-18-1676901846 - Holdem no limit (30/60) - 2023/02/20 14:04:06 UTC
Table: 'Expresso Nitro(635423067)#0' 3-max (real money) Seat #3 is the button
Seat 1: lutece92 (365)
Seat 3: _SKR (535)
*** ANTE/BLINDS ***
_SKR posts small blind 30
lutece92 posts big blind 60
Dealt to _SKR [Jh Ac]
*** PRE-FLOP *** 
_SKR raises 475 to 535 and is all-in
lutece92 calls 305 and is all-in
*** FLOP *** [7d 8d 9d]
*** TURN *** [7d 8d 9d][Ts]
*** RIVER *** [7d 8d 9d Ts][Jd]
*** SHOW DOWN ***
lutece92 shows [9s Qs] (Straight Queen high)
_SKR shows [Jh Ac] (Straight Jack high)
_SKR collected 170 from side pot 1
lutece92 collected 730 from main pot
*** SUMMARY ***
Total pot 900 | No rake
Board: [7d 8d 9d Ts Jd]
Seat 1: lutece92 (big blind) showed [9s Qs] and won 730 with Straight Queen high
Seat 3: _SKR (small blind) (button) showed [Jh Ac] and won 170 with Straight Jack high


Winamax Poker - Tournament "Expresso Nitro" buyIn: 0.93€ + 0.07€ level: 4 - HandId: #2729121291889016833-19-1676901857 - Holdem no limit (30/60) - 2023/02/20 14:04:17 UTC
Table: 'Expresso Nitro(635423067)#0' 3-max (real money) Seat #1 is the button
Seat 1: lutece92 (730)
Seat 3: _SKR (170)
*** ANTE/BLINDS ***
lutece92 posts small blind 30
_SKR posts big blind 60
Dealt to _SKR [Jc 6c]
*** PRE-FLOP *** 
lutece92 raises 670 to 730 and is all-in
_SKR calls 110 and is all-in
*** FLOP *** [Ah Ad Kh]
*** TURN *** [Ah Ad Kh][9d]
*** RIVER *** [Ah Ad Kh 9d][9s]
*** SHOW DOWN ***
_SKR shows [Jc 6c] (Two pairs : Aces and 9)
lutece92 shows [As 4h] (Full of Aces and 9)
lutece92 collected 900 from pot
*** SUMMARY ***
Total pot 900 | No rake
Board: [Ah Ad Kh 9d 9s]
Seat 1: lutece92 (small blind) (button) showed [As 4h] and won 900 with Full of Aces and 9
Seat 3: _SKR (big blind) showed [Jc 6c] and lost with Two pairs : Aces and 9


