Winamax Poker - Tournament "Expresso Nitro" buyIn: 0.93€ + 0.07€ level: 1 - HandId: #2717302851855450113-1-1676216582 - Holdem no limit (10/20) - 2023/02/12 15:43:02 UTC
Table: 'Expresso Nitro(632671372)#0' 3-max (real money) Seat #3 is the button
Seat 1: ThaliAS (300)
Seat 2: _SKR (300)
Seat 3: Cyrbobysnoop (300)
*** ANTE/BLINDS ***
ThaliAS posts small blind 10
_SKR posts big blind 20
Dealt to _SKR [Ah Jh]
*** PRE-FLOP *** 
Cyrbobysnoop raises 20 to 40
ThaliAS folds
_SKR raises 260 to 300 and is all-in
Cyrbobysnoop calls 260 and is all-in
*** FLOP *** [6d 5h Ts]
*** TURN *** [6d 5h Ts][Th]
*** RIVER *** [6d 5h Ts Th][9h]
*** SHOW DOWN ***
Cyrbobysnoop shows [Td Js] (Trips of Tens)
_SKR shows [Ah Jh] (Flush Ace high)
_SKR collected 610 from pot
*** SUMMARY ***
Total pot 610 | No rake
Board: [6d 5h Ts Th 9h]
Seat 2: _SKR (big blind) showed [Ah Jh] and won 610 with Flush Ace high
Seat 3: Cyrbobysnoop (button) showed [Td Js] and lost with Trips of Tens


Winamax Poker - Tournament "Expresso Nitro" buyIn: 0.93€ + 0.07€ level: 1 - HandId: #2717302851855450113-2-1676216600 - Holdem no limit (10/20) - 2023/02/12 15:43:20 UTC
Table: 'Expresso Nitro(632671372)#0' 3-max (real money) Seat #2 is the button
Seat 1: ThaliAS (290)
Seat 2: _SKR (610)
*** ANTE/BLINDS ***
_SKR posts small blind 10
ThaliAS posts big blind 20
Dealt to _SKR [9s 5d]
*** PRE-FLOP *** 
_SKR folds
ThaliAS collected 30 from pot
*** SUMMARY ***
Total pot 30 | No rake
Seat 1: ThaliAS (big blind) won 30


Winamax Poker - Tournament "Expresso Nitro" buyIn: 0.93€ + 0.07€ level: 1 - HandId: #2717302851855450113-3-1676216606 - Holdem no limit (10/20) - 2023/02/12 15:43:26 UTC
Table: 'Expresso Nitro(632671372)#0' 3-max (real money) Seat #1 is the button
Seat 1: ThaliAS (300)
Seat 2: _SKR (600)
*** ANTE/BLINDS ***
ThaliAS posts small blind 10
_SKR posts big blind 20
Dealt to _SKR [Ts 7h]
*** PRE-FLOP *** 
ThaliAS folds
_SKR collected 30 from pot
*** SUMMARY ***
Total pot 30 | No rake
Seat 2: _SKR (big blind) won 30


Winamax Poker - Tournament "Expresso Nitro" buyIn: 0.93€ + 0.07€ level: 1 - HandId: #2717302851855450113-4-1676216610 - Holdem no limit (10/20) - 2023/02/12 15:43:30 UTC
Table: 'Expresso Nitro(632671372)#0' 3-max (real money) Seat #2 is the button
Seat 1: ThaliAS (290)
Seat 2: _SKR (610)
*** ANTE/BLINDS ***
_SKR posts small blind 10
ThaliAS posts big blind 20
Dealt to _SKR [7h 5s]
*** PRE-FLOP *** 
_SKR folds
ThaliAS collected 30 from pot
*** SUMMARY ***
Total pot 30 | No rake
Seat 1: ThaliAS (big blind) won 30


Winamax Poker - Tournament "Expresso Nitro" buyIn: 0.93€ + 0.07€ level: 1 - HandId: #2717302851855450113-5-1676216615 - Holdem no limit (10/20) - 2023/02/12 15:43:35 UTC
Table: 'Expresso Nitro(632671372)#0' 3-max (real money) Seat #1 is the button
Seat 1: ThaliAS (300)
Seat 2: _SKR (600)
*** ANTE/BLINDS ***
ThaliAS posts small blind 10
_SKR posts big blind 20
Dealt to _SKR [Td 7s]
*** PRE-FLOP *** 
ThaliAS calls 10
_SKR checks
*** FLOP *** [4d 2h 9d]
_SKR checks
ThaliAS checks
*** TURN *** [4d 2h 9d][6c]
_SKR checks
ThaliAS checks
*** RIVER *** [4d 2h 9d 6c][Ah]
_SKR checks
ThaliAS checks
*** SHOW DOWN ***
_SKR shows [Td 7s] (High card : Ace)
ThaliAS shows [Ks 3s] (High card : Ace)
ThaliAS collected 40 from pot
*** SUMMARY ***
Total pot 40 | No rake
Board: [4d 2h 9d 6c Ah]
Seat 1: ThaliAS (small blind) (button) showed [Ks 3s] and won 40 with High card : Ace
Seat 2: _SKR (big blind) showed [Td 7s] and lost with High card : Ace


Winamax Poker - Tournament "Expresso Nitro" buyIn: 0.93€ + 0.07€ level: 2 - HandId: #2717302851855450113-6-1676216640 - Holdem no limit (15/30) - 2023/02/12 15:44:00 UTC
Table: 'Expresso Nitro(632671372)#0' 3-max (real money) Seat #2 is the button
Seat 1: ThaliAS (320)
Seat 2: _SKR (580)
*** ANTE/BLINDS ***
_SKR posts small blind 15
ThaliAS posts big blind 30
Dealt to _SKR [Th Jh]
*** PRE-FLOP *** 
_SKR raises 550 to 580 and is all-in
ThaliAS folds
_SKR collected 610 from pot
*** SUMMARY ***
Total pot 610 | No rake
Seat 2: _SKR (small blind) (button) won 610


Winamax Poker - Tournament "Expresso Nitro" buyIn: 0.93€ + 0.07€ level: 2 - HandId: #2717302851855450113-7-1676216653 - Holdem no limit (15/30) - 2023/02/12 15:44:13 UTC
Table: 'Expresso Nitro(632671372)#0' 3-max (real money) Seat #1 is the button
Seat 1: ThaliAS (290)
Seat 2: _SKR (610)
*** ANTE/BLINDS ***
ThaliAS posts small blind 15
_SKR posts big blind 30
Dealt to _SKR [7c 8s]
*** PRE-FLOP *** 
ThaliAS folds
_SKR collected 45 from pot
*** SUMMARY ***
Total pot 45 | No rake
Seat 2: _SKR (big blind) won 45


Winamax Poker - Tournament "Expresso Nitro" buyIn: 0.93€ + 0.07€ level: 2 - HandId: #2717302851855450113-8-1676216661 - Holdem no limit (15/30) - 2023/02/12 15:44:21 UTC
Table: 'Expresso Nitro(632671372)#0' 3-max (real money) Seat #2 is the button
Seat 1: ThaliAS (275)
Seat 2: _SKR (625)
*** ANTE/BLINDS ***
_SKR posts small blind 15
ThaliAS posts big blind 30
Dealt to _SKR [7h Qs]
*** PRE-FLOP *** 
_SKR raises 595 to 625 and is all-in
ThaliAS folds
_SKR collected 655 from pot
*** SUMMARY ***
Total pot 655 | No rake
Seat 2: _SKR (small blind) (button) won 655


Winamax Poker - Tournament "Expresso Nitro" buyIn: 0.93€ + 0.07€ level: 2 - HandId: #2717302851855450113-9-1676216676 - Holdem no limit (15/30) - 2023/02/12 15:44:36 UTC
Table: 'Expresso Nitro(632671372)#0' 3-max (real money) Seat #1 is the button
Seat 1: ThaliAS (245)
Seat 2: _SKR (655)
*** ANTE/BLINDS ***
ThaliAS posts small blind 15
_SKR posts big blind 30
Dealt to _SKR [7h Tc]
*** PRE-FLOP *** 
ThaliAS folds
_SKR collected 45 from pot
*** SUMMARY ***
Total pot 45 | No rake
Seat 2: _SKR (big blind) won 45


Winamax Poker - Tournament "Expresso Nitro" buyIn: 0.93€ + 0.07€ level: 2 - HandId: #2717302851855450113-10-1676216696 - Holdem no limit (15/30) - 2023/02/12 15:44:56 UTC
Table: 'Expresso Nitro(632671372)#0' 3-max (real money) Seat #2 is the button
Seat 1: ThaliAS (230)
Seat 2: _SKR (670)
*** ANTE/BLINDS ***
_SKR posts small blind 15
ThaliAS posts big blind 30
Dealt to _SKR [Ah Qd]
*** PRE-FLOP *** 
_SKR raises 640 to 670 and is all-in
ThaliAS folds
_SKR collected 700 from pot
*** SUMMARY ***
Total pot 700 | No rake
Seat 2: _SKR (small blind) (button) won 700


Winamax Poker - Tournament "Expresso Nitro" buyIn: 0.93€ + 0.07€ level: 3 - HandId: #2717302851855450113-11-1676216707 - Holdem no limit (20/40) - 2023/02/12 15:45:07 UTC
Table: 'Expresso Nitro(632671372)#0' 3-max (real money) Seat #1 is the button
Seat 1: ThaliAS (200)
Seat 2: _SKR (700)
*** ANTE/BLINDS ***
ThaliAS posts small blind 20
_SKR posts big blind 40
Dealt to _SKR [6h As]
*** PRE-FLOP *** 
ThaliAS raises 160 to 200 and is all-in
_SKR calls 160
*** FLOP *** [Ac 8s 7s]
*** TURN *** [Ac 8s 7s][Kh]
*** RIVER *** [Ac 8s 7s Kh][Jd]
*** SHOW DOWN ***
_SKR shows [6h As] (One pair : Aces)
ThaliAS shows [Kd 7h] (Two pairs : Kings and 7)
ThaliAS collected 400 from pot
*** SUMMARY ***
Total pot 400 | No rake
Board: [Ac 8s 7s Kh Jd]
Seat 1: ThaliAS (small blind) (button) showed [Kd 7h] and won 400 with Two pairs : Kings and 7
Seat 2: _SKR (big blind) showed [6h As] and lost with One pair : Aces


Winamax Poker - Tournament "Expresso Nitro" buyIn: 0.93€ + 0.07€ level: 3 - HandId: #2717302851855450113-12-1676216721 - Holdem no limit (20/40) - 2023/02/12 15:45:21 UTC
Table: 'Expresso Nitro(632671372)#0' 3-max (real money) Seat #2 is the button
Seat 1: ThaliAS (400)
Seat 2: _SKR (500)
*** ANTE/BLINDS ***
_SKR posts small blind 20
ThaliAS posts big blind 40
Dealt to _SKR [Kc Th]
*** PRE-FLOP *** 
_SKR raises 460 to 500 and is all-in
ThaliAS folds
_SKR collected 540 from pot
*** SUMMARY ***
Total pot 540 | No rake
Seat 2: _SKR (small blind) (button) won 540


Winamax Poker - Tournament "Expresso Nitro" buyIn: 0.93€ + 0.07€ level: 3 - HandId: #2717302851855450113-13-1676216727 - Holdem no limit (20/40) - 2023/02/12 15:45:27 UTC
Table: 'Expresso Nitro(632671372)#0' 3-max (real money) Seat #1 is the button
Seat 1: ThaliAS (360)
Seat 2: _SKR (540)
*** ANTE/BLINDS ***
ThaliAS posts small blind 20
_SKR posts big blind 40
Dealt to _SKR [Jc 2d]
*** PRE-FLOP *** 
ThaliAS calls 20
_SKR checks
*** FLOP *** [Qs 7c Ts]
_SKR checks
ThaliAS checks
*** TURN *** [Qs 7c Ts][8s]
_SKR checks
ThaliAS checks
*** RIVER *** [Qs 7c Ts 8s][6d]
_SKR checks
ThaliAS checks
*** SHOW DOWN ***
_SKR shows [Jc 2d] (High card : Queen)
ThaliAS shows [Ac Jh] (High card : Ace)
ThaliAS collected 80 from pot
*** SUMMARY ***
Total pot 80 | No rake
Board: [Qs 7c Ts 8s 6d]
Seat 1: ThaliAS (small blind) (button) showed [Ac Jh] and won 80 with High card : Ace
Seat 2: _SKR (big blind) showed [Jc 2d] and lost with High card : Queen


Winamax Poker - Tournament "Expresso Nitro" buyIn: 0.93€ + 0.07€ level: 4 - HandId: #2717302851855450113-14-1676216759 - Holdem no limit (30/60) - 2023/02/12 15:45:59 UTC
Table: 'Expresso Nitro(632671372)#0' 3-max (real money) Seat #2 is the button
Seat 1: ThaliAS (400)
Seat 2: _SKR (500)
*** ANTE/BLINDS ***
_SKR posts small blind 30
ThaliAS posts big blind 60
Dealt to _SKR [5c 6s]
*** PRE-FLOP *** 
_SKR folds
ThaliAS collected 90 from pot
*** SUMMARY ***
Total pot 90 | No rake
Seat 1: ThaliAS (big blind) won 90


Winamax Poker - Tournament "Expresso Nitro" buyIn: 0.93€ + 0.07€ level: 4 - HandId: #2717302851855450113-15-1676216763 - Holdem no limit (30/60) - 2023/02/12 15:46:03 UTC
Table: 'Expresso Nitro(632671372)#0' 3-max (real money) Seat #1 is the button
Seat 1: ThaliAS (430)
Seat 2: _SKR (470)
*** ANTE/BLINDS ***
ThaliAS posts small blind 30
_SKR posts big blind 60
Dealt to _SKR [5c Qd]
*** PRE-FLOP *** 
ThaliAS folds
_SKR collected 90 from pot
*** SUMMARY ***
Total pot 90 | No rake
Seat 2: _SKR (big blind) won 90


Winamax Poker - Tournament "Expresso Nitro" buyIn: 0.93€ + 0.07€ level: 4 - HandId: #2717302851855450113-16-1676216767 - Holdem no limit (30/60) - 2023/02/12 15:46:07 UTC
Table: 'Expresso Nitro(632671372)#0' 3-max (real money) Seat #2 is the button
Seat 1: ThaliAS (400)
Seat 2: _SKR (500)
*** ANTE/BLINDS ***
_SKR posts small blind 30
ThaliAS posts big blind 60
Dealt to _SKR [Qc 5c]
*** PRE-FLOP *** 
_SKR raises 440 to 500 and is all-in
ThaliAS folds
_SKR collected 560 from pot
*** SUMMARY ***
Total pot 560 | No rake
Seat 2: _SKR (small blind) (button) won 560


Winamax Poker - Tournament "Expresso Nitro" buyIn: 0.93€ + 0.07€ level: 4 - HandId: #2717302851855450113-17-1676216772 - Holdem no limit (30/60) - 2023/02/12 15:46:12 UTC
Table: 'Expresso Nitro(632671372)#0' 3-max (real money) Seat #1 is the button
Seat 1: ThaliAS (340)
Seat 2: _SKR (560)
*** ANTE/BLINDS ***
ThaliAS posts small blind 30
_SKR posts big blind 60
Dealt to _SKR [2s 9s]
*** PRE-FLOP *** 
ThaliAS calls 30
_SKR checks
*** FLOP *** [5d Ac 9c]
_SKR bets 60
ThaliAS folds
_SKR collected 180 from pot
*** SUMMARY ***
Total pot 180 | No rake
Board: [5d Ac 9c]
Seat 2: _SKR (big blind) won 180


Winamax Poker - Tournament "Expresso Nitro" buyIn: 0.93€ + 0.07€ level: 4 - HandId: #2717302851855450113-18-1676216784 - Holdem no limit (30/60) - 2023/02/12 15:46:24 UTC
Table: 'Expresso Nitro(632671372)#0' 3-max (real money) Seat #2 is the button
Seat 1: ThaliAS (280)
Seat 2: _SKR (620)
*** ANTE/BLINDS ***
_SKR posts small blind 30
ThaliAS posts big blind 60
Dealt to _SKR [Ts 5h]
*** PRE-FLOP *** 
_SKR folds
ThaliAS collected 90 from pot
*** SUMMARY ***
Total pot 90 | No rake
Seat 1: ThaliAS (big blind) won 90


Winamax Poker - Tournament "Expresso Nitro" buyIn: 0.93€ + 0.07€ level: 4 - HandId: #2717302851855450113-19-1676216790 - Holdem no limit (30/60) - 2023/02/12 15:46:30 UTC
Table: 'Expresso Nitro(632671372)#0' 3-max (real money) Seat #1 is the button
Seat 1: ThaliAS (310)
Seat 2: _SKR (590)
*** ANTE/BLINDS ***
ThaliAS posts small blind 30
_SKR posts big blind 60
Dealt to _SKR [Tc 6h]
*** PRE-FLOP *** 
ThaliAS raises 250 to 310 and is all-in
_SKR folds
ThaliAS shows [4d Kd] (High card : King)
ThaliAS collected 370 from pot
*** SUMMARY ***
Total pot 370 | No rake
Seat 1: ThaliAS (small blind) (button) showed [4d Kd] and won 370 with High card : King


Winamax Poker - Tournament "Expresso Nitro" buyIn: 0.93€ + 0.07€ level: 4 - HandId: #2717302851855450113-20-1676216798 - Holdem no limit (30/60) - 2023/02/12 15:46:38 UTC
Table: 'Expresso Nitro(632671372)#0' 3-max (real money) Seat #2 is the button
Seat 1: ThaliAS (370)
Seat 2: _SKR (530)
*** ANTE/BLINDS ***
_SKR posts small blind 30
ThaliAS posts big blind 60
Dealt to _SKR [4c 9d]
*** PRE-FLOP *** 
_SKR folds
ThaliAS collected 90 from pot
*** SUMMARY ***
Total pot 90 | No rake
Seat 1: ThaliAS (big blind) won 90


Winamax Poker - Tournament "Expresso Nitro" buyIn: 0.93€ + 0.07€ level: 4 - HandId: #2717302851855450113-21-1676216802 - Holdem no limit (30/60) - 2023/02/12 15:46:42 UTC
Table: 'Expresso Nitro(632671372)#0' 3-max (real money) Seat #1 is the button
Seat 1: ThaliAS (400)
Seat 2: _SKR (500)
*** ANTE/BLINDS ***
ThaliAS posts small blind 30
_SKR posts big blind 60
Dealt to _SKR [6d 9h]
*** PRE-FLOP *** 
ThaliAS calls 30
_SKR checks
*** FLOP *** [8c Ks 5d]
_SKR checks
ThaliAS bets 60
_SKR folds
ThaliAS collected 180 from pot
*** SUMMARY ***
Total pot 180 | No rake
Board: [8c Ks 5d]
Seat 1: ThaliAS (small blind) (button) won 180


Winamax Poker - Tournament "Expresso Nitro" buyIn: 0.93€ + 0.07€ level: 4 - HandId: #2717302851855450113-22-1676216817 - Holdem no limit (30/60) - 2023/02/12 15:46:57 UTC
Table: 'Expresso Nitro(632671372)#0' 3-max (real money) Seat #2 is the button
Seat 1: ThaliAS (460)
Seat 2: _SKR (440)
*** ANTE/BLINDS ***
_SKR posts small blind 30
ThaliAS posts big blind 60
Dealt to _SKR [7h 2c]
*** PRE-FLOP *** 
_SKR folds
ThaliAS collected 90 from pot
*** SUMMARY ***
Total pot 90 | No rake
Seat 1: ThaliAS (big blind) won 90


Winamax Poker - Tournament "Expresso Nitro" buyIn: 0.93€ + 0.07€ level: 5 - HandId: #2717302851855450113-23-1676216822 - Holdem no limit (40/80) - 2023/02/12 15:47:02 UTC
Table: 'Expresso Nitro(632671372)#0' 3-max (real money) Seat #1 is the button
Seat 1: ThaliAS (490)
Seat 2: _SKR (410)
*** ANTE/BLINDS ***
ThaliAS posts small blind 40
_SKR posts big blind 80
Dealt to _SKR [7h Qd]
*** PRE-FLOP *** 
ThaliAS folds
_SKR collected 120 from pot
*** SUMMARY ***
Total pot 120 | No rake
Seat 2: _SKR (big blind) won 120


Winamax Poker - Tournament "Expresso Nitro" buyIn: 0.93€ + 0.07€ level: 5 - HandId: #2717302851855450113-24-1676216825 - Holdem no limit (40/80) - 2023/02/12 15:47:05 UTC
Table: 'Expresso Nitro(632671372)#0' 3-max (real money) Seat #2 is the button
Seat 1: ThaliAS (450)
Seat 2: _SKR (450)
*** ANTE/BLINDS ***
_SKR posts small blind 40
ThaliAS posts big blind 80
Dealt to _SKR [2d 9h]
*** PRE-FLOP *** 
_SKR folds
ThaliAS collected 120 from pot
*** SUMMARY ***
Total pot 120 | No rake
Seat 1: ThaliAS (big blind) won 120


Winamax Poker - Tournament "Expresso Nitro" buyIn: 0.93€ + 0.07€ level: 5 - HandId: #2717302851855450113-25-1676216831 - Holdem no limit (40/80) - 2023/02/12 15:47:11 UTC
Table: 'Expresso Nitro(632671372)#0' 3-max (real money) Seat #1 is the button
Seat 1: ThaliAS (490)
Seat 2: _SKR (410)
*** ANTE/BLINDS ***
ThaliAS posts small blind 40
_SKR posts big blind 80
Dealt to _SKR [5d 9d]
*** PRE-FLOP *** 
ThaliAS raises 410 to 490 and is all-in
_SKR folds
ThaliAS collected 570 from pot
*** SUMMARY ***
Total pot 570 | No rake
Seat 1: ThaliAS (small blind) (button) won 570


Winamax Poker - Tournament "Expresso Nitro" buyIn: 0.93€ + 0.07€ level: 5 - HandId: #2717302851855450113-26-1676216837 - Holdem no limit (40/80) - 2023/02/12 15:47:17 UTC
Table: 'Expresso Nitro(632671372)#0' 3-max (real money) Seat #2 is the button
Seat 1: ThaliAS (570)
Seat 2: _SKR (330)
*** ANTE/BLINDS ***
_SKR posts small blind 40
ThaliAS posts big blind 80
Dealt to _SKR [Qh Jh]
*** PRE-FLOP *** 
_SKR raises 250 to 330 and is all-in
ThaliAS calls 250
*** FLOP *** [6c 3c 5c]
*** TURN *** [6c 3c 5c][Ks]
*** RIVER *** [6c 3c 5c Ks][2c]
*** SHOW DOWN ***
_SKR shows [Qh Jh] (High card : King)
ThaliAS shows [Th Kc] (Flush King high)
ThaliAS collected 660 from pot
*** SUMMARY ***
Total pot 660 | No rake
Board: [6c 3c 5c Ks 2c]
Seat 1: ThaliAS (big blind) showed [Th Kc] and won 660 with Flush King high
Seat 2: _SKR (small blind) (button) showed [Qh Jh] and lost with High card : King


