Winamax Poker - Tournament "Expresso Nitro" buyIn: 1.86€ + 0.14€ level: 1 - HandId: #2698084698566950913-1-1675179825 - Holdem no limit (10/20) - 2023/01/31 15:43:45 UTC
Table: 'Expresso Nitro(628196797)#0' 3-max (real money) Seat #1 is the button
Seat 1: Chabine972.. (300)
Seat 2: _SKR (300)
Seat 3: 0nlyluck (300)
*** ANTE/BLINDS ***
_SKR posts small blind 10
0nlyluck posts big blind 20
Dealt to _SKR [Ah 4h]
*** PRE-FLOP *** 
Chabine972.. calls 20
_SKR raises 280 to 300 and is all-in
0nlyluck folds
Chabine972.. folds
_SKR collected 340 from pot
*** SUMMARY ***
Total pot 340 | No rake
Seat 2: _SKR (small blind) won 340


Winamax Poker - Tournament "Expresso Nitro" buyIn: 1.86€ + 0.14€ level: 1 - HandId: #2698084698566950913-2-1675179847 - Holdem no limit (10/20) - 2023/01/31 15:44:07 UTC
Table: 'Expresso Nitro(628196797)#0' 3-max (real money) Seat #2 is the button
Seat 1: Chabine972.. (280)
Seat 2: _SKR (340)
Seat 3: 0nlyluck (280)
*** ANTE/BLINDS ***
0nlyluck posts small blind 10
Chabine972.. posts big blind 20
Dealt to _SKR [6c Jh]
*** PRE-FLOP *** 
_SKR folds
0nlyluck raises 260 to 280 and is all-in
Chabine972.. calls 260 and is all-in
*** FLOP *** [Ac Th Qd]
*** TURN *** [Ac Th Qd][9c]
*** RIVER *** [Ac Th Qd 9c][9h]
*** SHOW DOWN ***
Chabine972.. shows [Js Ts] (Two pairs : Tens and 9)
0nlyluck shows [2d As] (Two pairs : Aces and 9)
0nlyluck collected 560 from pot
*** SUMMARY ***
Total pot 560 | No rake
Board: [Ac Th Qd 9c 9h]
Seat 1: Chabine972.. (big blind) showed [Js Ts] and lost with Two pairs : Tens and 9
Seat 3: 0nlyluck (small blind) showed [2d As] and won 560 with Two pairs : Aces and 9


Winamax Poker - Tournament "Expresso Nitro" buyIn: 1.86€ + 0.14€ level: 1 - HandId: #2698084698566950913-3-1675179877 - Holdem no limit (10/20) - 2023/01/31 15:44:37 UTC
Table: 'Expresso Nitro(628196797)#0' 3-max (real money) Seat #2 is the button
Seat 2: _SKR (340)
Seat 3: 0nlyluck (560)
*** ANTE/BLINDS ***
_SKR posts small blind 10
0nlyluck posts big blind 20
Dealt to _SKR [6s Kc]
*** PRE-FLOP *** 
_SKR calls 10
0nlyluck raises 40 to 60
_SKR folds
0nlyluck collected 80 from pot
*** SUMMARY ***
Total pot 80 | No rake
Seat 3: 0nlyluck (big blind) won 80


Winamax Poker - Tournament "Expresso Nitro" buyIn: 1.86€ + 0.14€ level: 2 - HandId: #2698084698566950913-4-1675179890 - Holdem no limit (15/30) - 2023/01/31 15:44:50 UTC
Table: 'Expresso Nitro(628196797)#0' 3-max (real money) Seat #3 is the button
Seat 2: _SKR (320)
Seat 3: 0nlyluck (580)
*** ANTE/BLINDS ***
0nlyluck posts small blind 15
_SKR posts big blind 30
Dealt to _SKR [Qd 6d]
*** PRE-FLOP *** 
0nlyluck calls 15
_SKR raises 290 to 320 and is all-in
0nlyluck folds
_SKR collected 350 from pot
*** SUMMARY ***
Total pot 350 | No rake
Seat 2: _SKR (big blind) won 350


Winamax Poker - Tournament "Expresso Nitro" buyIn: 1.86€ + 0.14€ level: 2 - HandId: #2698084698566950913-5-1675179901 - Holdem no limit (15/30) - 2023/01/31 15:45:01 UTC
Table: 'Expresso Nitro(628196797)#0' 3-max (real money) Seat #2 is the button
Seat 2: _SKR (350)
Seat 3: 0nlyluck (550)
*** ANTE/BLINDS ***
_SKR posts small blind 15
0nlyluck posts big blind 30
Dealt to _SKR [5c 7c]
*** PRE-FLOP *** 
_SKR calls 15
0nlyluck raises 60 to 90
_SKR folds
0nlyluck collected 120 from pot
*** SUMMARY ***
Total pot 120 | No rake
Seat 3: 0nlyluck (big blind) won 120


Winamax Poker - Tournament "Expresso Nitro" buyIn: 1.86€ + 0.14€ level: 2 - HandId: #2698084698566950913-6-1675179915 - Holdem no limit (15/30) - 2023/01/31 15:45:15 UTC
Table: 'Expresso Nitro(628196797)#0' 3-max (real money) Seat #3 is the button
Seat 2: _SKR (320)
Seat 3: 0nlyluck (580)
*** ANTE/BLINDS ***
0nlyluck posts small blind 15
_SKR posts big blind 30
Dealt to _SKR [Jc 4c]
*** PRE-FLOP *** 
0nlyluck calls 15
_SKR raises 290 to 320 and is all-in
0nlyluck folds
_SKR collected 350 from pot
*** SUMMARY ***
Total pot 350 | No rake
Seat 2: _SKR (big blind) won 350


Winamax Poker - Tournament "Expresso Nitro" buyIn: 1.86€ + 0.14€ level: 2 - HandId: #2698084698566950913-7-1675179927 - Holdem no limit (15/30) - 2023/01/31 15:45:27 UTC
Table: 'Expresso Nitro(628196797)#0' 3-max (real money) Seat #2 is the button
Seat 2: _SKR (350)
Seat 3: 0nlyluck (550)
*** ANTE/BLINDS ***
_SKR posts small blind 15
0nlyluck posts big blind 30
Dealt to _SKR [9c As]
*** PRE-FLOP *** 
_SKR raises 320 to 350 and is all-in
0nlyluck folds
_SKR collected 380 from pot
*** SUMMARY ***
Total pot 380 | No rake
Seat 2: _SKR (small blind) (button) won 380


Winamax Poker - Tournament "Expresso Nitro" buyIn: 1.86€ + 0.14€ level: 2 - HandId: #2698084698566950913-8-1675179936 - Holdem no limit (15/30) - 2023/01/31 15:45:36 UTC
Table: 'Expresso Nitro(628196797)#0' 3-max (real money) Seat #3 is the button
Seat 2: _SKR (380)
Seat 3: 0nlyluck (520)
*** ANTE/BLINDS ***
0nlyluck posts small blind 15
_SKR posts big blind 30
Dealt to _SKR [8s Tc]
*** PRE-FLOP *** 
0nlyluck folds
_SKR collected 45 from pot
*** SUMMARY ***
Total pot 45 | No rake
Seat 2: _SKR (big blind) won 45


Winamax Poker - Tournament "Expresso Nitro" buyIn: 1.86€ + 0.14€ level: 2 - HandId: #2698084698566950913-9-1675179940 - Holdem no limit (15/30) - 2023/01/31 15:45:40 UTC
Table: 'Expresso Nitro(628196797)#0' 3-max (real money) Seat #2 is the button
Seat 2: _SKR (395)
Seat 3: 0nlyluck (505)
*** ANTE/BLINDS ***
_SKR posts small blind 15
0nlyluck posts big blind 30
Dealt to _SKR [8c 8s]
*** PRE-FLOP *** 
_SKR raises 365 to 395 and is all-in
0nlyluck folds
_SKR collected 425 from pot
*** SUMMARY ***
Total pot 425 | No rake
Seat 2: _SKR (small blind) (button) won 425


Winamax Poker - Tournament "Expresso Nitro" buyIn: 1.86€ + 0.14€ level: 3 - HandId: #2698084698566950913-10-1675179948 - Holdem no limit (20/40) - 2023/01/31 15:45:48 UTC
Table: 'Expresso Nitro(628196797)#0' 3-max (real money) Seat #3 is the button
Seat 2: _SKR (425)
Seat 3: 0nlyluck (475)
*** ANTE/BLINDS ***
0nlyluck posts small blind 20
_SKR posts big blind 40
Dealt to _SKR [Ad Jc]
*** PRE-FLOP *** 
0nlyluck calls 20
_SKR raises 385 to 425 and is all-in
0nlyluck folds
_SKR collected 465 from pot
*** SUMMARY ***
Total pot 465 | No rake
Seat 2: _SKR (big blind) won 465


Winamax Poker - Tournament "Expresso Nitro" buyIn: 1.86€ + 0.14€ level: 3 - HandId: #2698084698566950913-11-1675179957 - Holdem no limit (20/40) - 2023/01/31 15:45:57 UTC
Table: 'Expresso Nitro(628196797)#0' 3-max (real money) Seat #2 is the button
Seat 2: _SKR (465)
Seat 3: 0nlyluck (435)
*** ANTE/BLINDS ***
_SKR posts small blind 20
0nlyluck posts big blind 40
Dealt to _SKR [5c Jh]
*** PRE-FLOP *** 
_SKR folds
0nlyluck collected 60 from pot
*** SUMMARY ***
Total pot 60 | No rake
Seat 3: 0nlyluck (big blind) won 60


Winamax Poker - Tournament "Expresso Nitro" buyIn: 1.86€ + 0.14€ level: 3 - HandId: #2698084698566950913-12-1675179961 - Holdem no limit (20/40) - 2023/01/31 15:46:01 UTC
Table: 'Expresso Nitro(628196797)#0' 3-max (real money) Seat #3 is the button
Seat 2: _SKR (445)
Seat 3: 0nlyluck (455)
*** ANTE/BLINDS ***
0nlyluck posts small blind 20
_SKR posts big blind 40
Dealt to _SKR [8d As]
*** PRE-FLOP *** 
0nlyluck raises 415 to 455 and is all-in
_SKR calls 405 and is all-in
*** FLOP *** [8s 4d 9s]
*** TURN *** [8s 4d 9s][Ac]
*** RIVER *** [8s 4d 9s Ac][7d]
*** SHOW DOWN ***
_SKR shows [8d As] (Two pairs : Aces and 8)
0nlyluck shows [Kh Qc] (High card : Ace)
0nlyluck collected 10 from side pot 1
_SKR collected 890 from main pot
*** SUMMARY ***
Total pot 900 | No rake
Board: [8s 4d 9s Ac 7d]
Seat 2: _SKR (big blind) showed [8d As] and won 890 with Two pairs : Aces and 8
Seat 3: 0nlyluck (small blind) (button) showed [Kh Qc] and won 10 with High card : Ace


Winamax Poker - Tournament "Expresso Nitro" buyIn: 1.86€ + 0.14€ level: 3 - HandId: #2698084698566950913-13-1675179973 - Holdem no limit (20/40) - 2023/01/31 15:46:13 UTC
Table: 'Expresso Nitro(628196797)#0' 3-max (real money) Seat #2 is the button
Seat 2: _SKR (890)
Seat 3: 0nlyluck (10)
*** ANTE/BLINDS ***
_SKR posts small blind 20
0nlyluck posts big blind 10 and is all-in
Dealt to _SKR [Ks Kh]
*** PRE-FLOP *** 
*** FLOP *** [5s Jc 3h]
*** TURN *** [5s Jc 3h][7s]
*** RIVER *** [5s Jc 3h 7s][5c]
*** SHOW DOWN ***
0nlyluck shows [Js 3c] (Two pairs : Jacks and 5)
_SKR shows [Ks Kh] (Two pairs : Kings and 5)
_SKR collected 30 from pot
*** SUMMARY ***
Total pot 30 | No rake
Board: [5s Jc 3h 7s 5c]
Seat 2: _SKR (small blind) (button) showed [Ks Kh] and won 30 with Two pairs : Kings and 5
Seat 3: 0nlyluck (big blind) showed [Js 3c] and lost with Two pairs : Jacks and 5


