Winamax Poker - Tournament "Expresso Nitro" buyIn: 1.86€ + 0.14€ level: 1 - HandId: #2698075099315044353-1-1675179337 - Holdem no limit (10/20) - 2023/01/31 15:35:37 UTC
Table: 'Expresso Nitro(628194562)#0' 3-max (real money) Seat #3 is the button
Seat 1: _SKR (300)
Seat 2: TelestLaVoie (300)
Seat 3: Actif.897554 (300)
*** ANTE/BLINDS ***
_SKR posts small blind 10
TelestLaVoie posts big blind 20
Dealt to _SKR [Qs Ks]
*** PRE-FLOP *** 
Actif.897554 folds
_SKR raises 280 to 300 and is all-in
TelestLaVoie folds
_SKR collected 320 from pot
*** SUMMARY ***
Total pot 320 | No rake
Seat 1: _SKR (small blind) won 320


Winamax Poker - Tournament "Expresso Nitro" buyIn: 1.86€ + 0.14€ level: 1 - HandId: #2698075099315044353-2-1675179344 - Holdem no limit (10/20) - 2023/01/31 15:35:44 UTC
Table: 'Expresso Nitro(628194562)#0' 3-max (real money) Seat #1 is the button
Seat 1: _SKR (320)
Seat 2: TelestLaVoie (280)
Seat 3: Actif.897554 (300)
*** ANTE/BLINDS ***
TelestLaVoie posts small blind 10
Actif.897554 posts big blind 20
Dealt to _SKR [Ah 3c]
*** PRE-FLOP *** 
_SKR raises 300 to 320 and is all-in
TelestLaVoie folds
Actif.897554 folds
_SKR collected 350 from pot
*** SUMMARY ***
Total pot 350 | No rake
Seat 1: _SKR (button) won 350


Winamax Poker - Tournament "Expresso Nitro" buyIn: 1.86€ + 0.14€ level: 1 - HandId: #2698075099315044353-3-1675179350 - Holdem no limit (10/20) - 2023/01/31 15:35:50 UTC
Table: 'Expresso Nitro(628194562)#0' 3-max (real money) Seat #2 is the button
Seat 1: _SKR (350)
Seat 2: TelestLaVoie (270)
Seat 3: Actif.897554 (280)
*** ANTE/BLINDS ***
Actif.897554 posts small blind 10
_SKR posts big blind 20
Dealt to _SKR [8c 4d]
*** PRE-FLOP *** 
TelestLaVoie folds
Actif.897554 folds
_SKR collected 30 from pot
*** SUMMARY ***
Total pot 30 | No rake
Seat 1: _SKR (big blind) won 30


Winamax Poker - Tournament "Expresso Nitro" buyIn: 1.86€ + 0.14€ level: 1 - HandId: #2698075099315044353-4-1675179354 - Holdem no limit (10/20) - 2023/01/31 15:35:54 UTC
Table: 'Expresso Nitro(628194562)#0' 3-max (real money) Seat #3 is the button
Seat 1: _SKR (360)
Seat 2: TelestLaVoie (270)
Seat 3: Actif.897554 (270)
*** ANTE/BLINDS ***
_SKR posts small blind 10
TelestLaVoie posts big blind 20
Dealt to _SKR [4c 3h]
*** PRE-FLOP *** 
Actif.897554 raises 40 to 60
_SKR folds
TelestLaVoie calls 40
*** FLOP *** [4h 4d 3s]
TelestLaVoie checks
Actif.897554 bets 85
TelestLaVoie folds
Actif.897554 collected 215 from pot
*** SUMMARY ***
Total pot 215 | No rake
Board: [4h 4d 3s]
Seat 3: Actif.897554 (button) won 215


Winamax Poker - Tournament "Expresso Nitro" buyIn: 1.86€ + 0.14€ level: 1 - HandId: #2698075099315044353-5-1675179366 - Holdem no limit (10/20) - 2023/01/31 15:36:06 UTC
Table: 'Expresso Nitro(628194562)#0' 3-max (real money) Seat #1 is the button
Seat 1: _SKR (350)
Seat 2: TelestLaVoie (210)
Seat 3: Actif.897554 (340)
*** ANTE/BLINDS ***
TelestLaVoie posts small blind 10
Actif.897554 posts big blind 20
Dealt to _SKR [Ah 2h]
*** PRE-FLOP *** 
_SKR raises 330 to 350 and is all-in
TelestLaVoie calls 200 and is all-in
Actif.897554 folds
*** FLOP *** [4c 6h As]
*** TURN *** [4c 6h As][Tc]
*** RIVER *** [4c 6h As Tc][9s]
*** SHOW DOWN ***
TelestLaVoie shows [Kc 9d] (One pair : 9)
_SKR shows [Ah 2h] (One pair : Aces)
_SKR collected 580 from pot
*** SUMMARY ***
Total pot 580 | No rake
Board: [4c 6h As Tc 9s]
Seat 1: _SKR (button) showed [Ah 2h] and won 580 with One pair : Aces
Seat 2: TelestLaVoie (small blind) showed [Kc 9d] and lost with One pair : 9


Winamax Poker - Tournament "Expresso Nitro" buyIn: 1.86€ + 0.14€ level: 1 - HandId: #2698075099315044353-6-1675179381 - Holdem no limit (10/20) - 2023/01/31 15:36:21 UTC
Table: 'Expresso Nitro(628194562)#0' 3-max (real money) Seat #3 is the button
Seat 1: _SKR (580)
Seat 3: Actif.897554 (320)
*** ANTE/BLINDS ***
Actif.897554 posts small blind 10
_SKR posts big blind 20
Dealt to _SKR [4s 5s]
*** PRE-FLOP *** 
Actif.897554 raises 300 to 320 and is all-in
_SKR folds
Actif.897554 collected 340 from pot
*** SUMMARY ***
Total pot 340 | No rake
Seat 3: Actif.897554 (small blind) (button) won 340


Winamax Poker - Tournament "Expresso Nitro" buyIn: 1.86€ + 0.14€ level: 1 - HandId: #2698075099315044353-7-1675179386 - Holdem no limit (10/20) - 2023/01/31 15:36:26 UTC
Table: 'Expresso Nitro(628194562)#0' 3-max (real money) Seat #1 is the button
Seat 1: _SKR (560)
Seat 3: Actif.897554 (340)
*** ANTE/BLINDS ***
_SKR posts small blind 10
Actif.897554 posts big blind 20
Dealt to _SKR [6s 8d]
*** PRE-FLOP *** 
_SKR folds
Actif.897554 collected 30 from pot
*** SUMMARY ***
Total pot 30 | No rake
Seat 3: Actif.897554 (big blind) won 30


Winamax Poker - Tournament "Expresso Nitro" buyIn: 1.86€ + 0.14€ level: 1 - HandId: #2698075099315044353-8-1675179389 - Holdem no limit (10/20) - 2023/01/31 15:36:29 UTC
Table: 'Expresso Nitro(628194562)#0' 3-max (real money) Seat #3 is the button
Seat 1: _SKR (550)
Seat 3: Actif.897554 (350)
*** ANTE/BLINDS ***
Actif.897554 posts small blind 10
_SKR posts big blind 20
Dealt to _SKR [Td 9h]
*** PRE-FLOP *** 
Actif.897554 calls 10
_SKR checks
*** FLOP *** [Ts 4h 7c]
_SKR checks
Actif.897554 bets 26
_SKR calls 26
*** TURN *** [Ts 4h 7c][7d]
_SKR checks
Actif.897554 bets 60
_SKR calls 60
*** RIVER *** [Ts 4h 7c 7d][2s]
_SKR checks
Actif.897554 checks
*** SHOW DOWN ***
Actif.897554 shows [3h Qc] (One pair : 7)
_SKR shows [Td 9h] (Two pairs : Tens and 7)
_SKR collected 212 from pot
*** SUMMARY ***
Total pot 212 | No rake
Board: [Ts 4h 7c 7d 2s]
Seat 1: _SKR (big blind) showed [Td 9h] and won 212 with Two pairs : Tens and 7
Seat 3: Actif.897554 (small blind) (button) showed [3h Qc] and lost with One pair : 7


Winamax Poker - Tournament "Expresso Nitro" buyIn: 1.86€ + 0.14€ level: 2 - HandId: #2698075099315044353-9-1675179417 - Holdem no limit (15/30) - 2023/01/31 15:36:57 UTC
Table: 'Expresso Nitro(628194562)#0' 3-max (real money) Seat #1 is the button
Seat 1: _SKR (656)
Seat 3: Actif.897554 (244)
*** ANTE/BLINDS ***
_SKR posts small blind 15
Actif.897554 posts big blind 30
Dealt to _SKR [Kd 2d]
*** PRE-FLOP *** 
_SKR raises 626 to 656 and is all-in
Actif.897554 calls 214 and is all-in
*** FLOP *** [Ts Jh 3c]
*** TURN *** [Ts Jh 3c][9h]
*** RIVER *** [Ts Jh 3c 9h][Kh]
*** SHOW DOWN ***
Actif.897554 shows [7s 6s] (High card : King)
_SKR shows [Kd 2d] (One pair : Kings)
_SKR collected 900 from pot
*** SUMMARY ***
Total pot 900 | No rake
Board: [Ts Jh 3c 9h Kh]
Seat 1: _SKR (small blind) (button) showed [Kd 2d] and won 900 with One pair : Kings
Seat 3: Actif.897554 (big blind) showed [7s 6s] and lost with High card : King


