Winamax Poker - Tournament "Expresso Nitro" buyIn: 0.93€ + 0.07€ level: 1 - HandId: #2689765669037146113-1-1674650518 - Holdem no limit (10/20) - 2023/01/25 12:41:58 UTC
Table: 'Expresso Nitro(626259872)#0' 3-max (real money) Seat #1 is the button
Seat 1: blas1709 (300)
Seat 2: TIPIEGE 91 (300)
Seat 3: _SKR (300)
*** ANTE/BLINDS ***
TIPIEGE 91 posts small blind 10
_SKR posts big blind 20
Dealt to _SKR [8c 5c]
*** PRE-FLOP *** 
blas1709 folds
TIPIEGE 91 raises 280 to 300 and is all-in
_SKR folds
TIPIEGE 91 collected 320 from pot
*** SUMMARY ***
Total pot 320 | No rake
Seat 2: TIPIEGE 91 (small blind) won 320


Winamax Poker - Tournament "Expresso Nitro" buyIn: 0.93€ + 0.07€ level: 1 - HandId: #2689765669037146113-2-1674650532 - Holdem no limit (10/20) - 2023/01/25 12:42:12 UTC
Table: 'Expresso Nitro(626259872)#0' 3-max (real money) Seat #2 is the button
Seat 1: blas1709 (300)
Seat 2: TIPIEGE 91 (320)
Seat 3: _SKR (280)
*** ANTE/BLINDS ***
_SKR posts small blind 10
blas1709 posts big blind 20
Dealt to _SKR [Th 5d]
*** PRE-FLOP *** 
TIPIEGE 91 calls 20
_SKR folds
blas1709 raises 280 to 300 and is all-in
TIPIEGE 91 calls 280
*** FLOP *** [Ac Jc Td]
*** TURN *** [Ac Jc Td][8s]
*** RIVER *** [Ac Jc Td 8s][2c]
*** SHOW DOWN ***
TIPIEGE 91 shows [8d 7s] (One pair : 8)
blas1709 shows [Kh Tc] (One pair : Tens)
blas1709 collected 610 from pot
*** SUMMARY ***
Total pot 610 | No rake
Board: [Ac Jc Td 8s 2c]
Seat 1: blas1709 (big blind) showed [Kh Tc] and won 610 with One pair : Tens
Seat 2: TIPIEGE 91 (button) showed [8d 7s] and lost with One pair : 8


Winamax Poker - Tournament "Expresso Nitro" buyIn: 0.93€ + 0.07€ level: 1 - HandId: #2689765669037146113-3-1674650559 - Holdem no limit (10/20) - 2023/01/25 12:42:39 UTC
Table: 'Expresso Nitro(626259872)#0' 3-max (real money) Seat #3 is the button
Seat 1: blas1709 (610)
Seat 2: TIPIEGE 91 (20)
Seat 3: _SKR (270)
*** ANTE/BLINDS ***
blas1709 posts small blind 10
TIPIEGE 91 posts big blind 20 and is all-in
Dealt to _SKR [Jd 2d]
*** PRE-FLOP *** 
_SKR folds
blas1709 calls 10
*** FLOP *** [Td 7c Qd]
*** TURN *** [Td 7c Qd][4d]
*** RIVER *** [Td 7c Qd 4d][2h]
*** SHOW DOWN ***
TIPIEGE 91 shows [5c Jc] (High card : Queen)
blas1709 shows [3s Th] (One pair : Tens)
blas1709 collected 40 from pot
*** SUMMARY ***
Total pot 40 | No rake
Board: [Td 7c Qd 4d 2h]
Seat 1: blas1709 (small blind) showed [3s Th] and won 40 with One pair : Tens
Seat 2: TIPIEGE 91 (big blind) showed [5c Jc] and lost with High card : Queen


Winamax Poker - Tournament "Expresso Nitro" buyIn: 0.93€ + 0.07€ level: 1 - HandId: #2689765669037146113-4-1674650571 - Holdem no limit (10/20) - 2023/01/25 12:42:51 UTC
Table: 'Expresso Nitro(626259872)#0' 3-max (real money) Seat #3 is the button
Seat 1: blas1709 (630)
Seat 3: _SKR (270)
*** ANTE/BLINDS ***
_SKR posts small blind 10
blas1709 posts big blind 20
Dealt to _SKR [Qc 4c]
*** PRE-FLOP *** 
_SKR calls 10
blas1709 checks
*** FLOP *** [Td 4h 8c]
blas1709 checks
_SKR checks
*** TURN *** [Td 4h 8c][4d]
blas1709 checks
_SKR checks
*** RIVER *** [Td 4h 8c 4d][3h]
blas1709 checks
_SKR bets 32
blas1709 folds
_SKR collected 72 from pot
*** SUMMARY ***
Total pot 72 | No rake
Board: [Td 4h 8c 4d 3h]
Seat 3: _SKR (small blind) (button) won 72


Winamax Poker - Tournament "Expresso Nitro" buyIn: 0.93€ + 0.07€ level: 2 - HandId: #2689765669037146113-5-1674650595 - Holdem no limit (15/30) - 2023/01/25 12:43:15 UTC
Table: 'Expresso Nitro(626259872)#0' 3-max (real money) Seat #1 is the button
Seat 1: blas1709 (610)
Seat 3: _SKR (290)
*** ANTE/BLINDS ***
blas1709 posts small blind 15
_SKR posts big blind 30
Dealt to _SKR [9c 4h]
*** PRE-FLOP *** 
blas1709 raises 580 to 610 and is all-in
_SKR folds
blas1709 collected 640 from pot
*** SUMMARY ***
Total pot 640 | No rake
Seat 1: blas1709 (small blind) (button) won 640


Winamax Poker - Tournament "Expresso Nitro" buyIn: 0.93€ + 0.07€ level: 2 - HandId: #2689765669037146113-6-1674650602 - Holdem no limit (15/30) - 2023/01/25 12:43:22 UTC
Table: 'Expresso Nitro(626259872)#0' 3-max (real money) Seat #3 is the button
Seat 1: blas1709 (640)
Seat 3: _SKR (260)
*** ANTE/BLINDS ***
_SKR posts small blind 15
blas1709 posts big blind 30
Dealt to _SKR [Ad 4d]
*** PRE-FLOP *** 
_SKR raises 230 to 260 and is all-in
blas1709 folds
_SKR collected 290 from pot
*** SUMMARY ***
Total pot 290 | No rake
Seat 3: _SKR (small blind) (button) won 290


Winamax Poker - Tournament "Expresso Nitro" buyIn: 0.93€ + 0.07€ level: 2 - HandId: #2689765669037146113-7-1674650607 - Holdem no limit (15/30) - 2023/01/25 12:43:27 UTC
Table: 'Expresso Nitro(626259872)#0' 3-max (real money) Seat #1 is the button
Seat 1: blas1709 (610)
Seat 3: _SKR (290)
*** ANTE/BLINDS ***
blas1709 posts small blind 15
_SKR posts big blind 30
Dealt to _SKR [8s Kc]
*** PRE-FLOP *** 
blas1709 calls 15
_SKR raises 260 to 290 and is all-in
blas1709 folds
_SKR collected 320 from pot
*** SUMMARY ***
Total pot 320 | No rake
Seat 3: _SKR (big blind) won 320


Winamax Poker - Tournament "Expresso Nitro" buyIn: 0.93€ + 0.07€ level: 2 - HandId: #2689765669037146113-8-1674650613 - Holdem no limit (15/30) - 2023/01/25 12:43:33 UTC
Table: 'Expresso Nitro(626259872)#0' 3-max (real money) Seat #3 is the button
Seat 1: blas1709 (580)
Seat 3: _SKR (320)
*** ANTE/BLINDS ***
_SKR posts small blind 15
blas1709 posts big blind 30
Dealt to _SKR [6h 4c]
*** PRE-FLOP *** 
_SKR folds
blas1709 collected 45 from pot
*** SUMMARY ***
Total pot 45 | No rake
Seat 1: blas1709 (big blind) won 45


Winamax Poker - Tournament "Expresso Nitro" buyIn: 0.93€ + 0.07€ level: 2 - HandId: #2689765669037146113-9-1674650616 - Holdem no limit (15/30) - 2023/01/25 12:43:36 UTC
Table: 'Expresso Nitro(626259872)#0' 3-max (real money) Seat #1 is the button
Seat 1: blas1709 (595)
Seat 3: _SKR (305)
*** ANTE/BLINDS ***
blas1709 posts small blind 15
_SKR posts big blind 30
Dealt to _SKR [4c Ts]
*** PRE-FLOP *** 
blas1709 folds
_SKR collected 45 from pot
*** SUMMARY ***
Total pot 45 | No rake
Seat 3: _SKR (big blind) won 45


Winamax Poker - Tournament "Expresso Nitro" buyIn: 0.93€ + 0.07€ level: 2 - HandId: #2689765669037146113-10-1674650620 - Holdem no limit (15/30) - 2023/01/25 12:43:40 UTC
Table: 'Expresso Nitro(626259872)#0' 3-max (real money) Seat #3 is the button
Seat 1: blas1709 (580)
Seat 3: _SKR (320)
*** ANTE/BLINDS ***
_SKR posts small blind 15
blas1709 posts big blind 30
Dealt to _SKR [2h 2s]
*** PRE-FLOP *** 
_SKR raises 290 to 320 and is all-in
blas1709 folds
_SKR collected 350 from pot
*** SUMMARY ***
Total pot 350 | No rake
Seat 3: _SKR (small blind) (button) won 350


Winamax Poker - Tournament "Expresso Nitro" buyIn: 0.93€ + 0.07€ level: 2 - HandId: #2689765669037146113-11-1674650625 - Holdem no limit (15/30) - 2023/01/25 12:43:45 UTC
Table: 'Expresso Nitro(626259872)#0' 3-max (real money) Seat #1 is the button
Seat 1: blas1709 (550)
Seat 3: _SKR (350)
*** ANTE/BLINDS ***
blas1709 posts small blind 15
_SKR posts big blind 30
Dealt to _SKR [9d 6d]
*** PRE-FLOP *** 
blas1709 raises 520 to 550 and is all-in
_SKR folds
blas1709 collected 580 from pot
*** SUMMARY ***
Total pot 580 | No rake
Seat 1: blas1709 (small blind) (button) won 580


Winamax Poker - Tournament "Expresso Nitro" buyIn: 0.93€ + 0.07€ level: 2 - HandId: #2689765669037146113-12-1674650629 - Holdem no limit (15/30) - 2023/01/25 12:43:49 UTC
Table: 'Expresso Nitro(626259872)#0' 3-max (real money) Seat #3 is the button
Seat 1: blas1709 (580)
Seat 3: _SKR (320)
*** ANTE/BLINDS ***
_SKR posts small blind 15
blas1709 posts big blind 30
Dealt to _SKR [2c 6d]
*** PRE-FLOP *** 
_SKR folds
blas1709 collected 45 from pot
*** SUMMARY ***
Total pot 45 | No rake
Seat 1: blas1709 (big blind) won 45


Winamax Poker - Tournament "Expresso Nitro" buyIn: 0.93€ + 0.07€ level: 2 - HandId: #2689765669037146113-13-1674650633 - Holdem no limit (15/30) - 2023/01/25 12:43:53 UTC
Table: 'Expresso Nitro(626259872)#0' 3-max (real money) Seat #1 is the button
Seat 1: blas1709 (595)
Seat 3: _SKR (305)
*** ANTE/BLINDS ***
blas1709 posts small blind 15
_SKR posts big blind 30
Dealt to _SKR [6h Ah]
*** PRE-FLOP *** 
blas1709 raises 565 to 595 and is all-in
_SKR calls 275 and is all-in
*** FLOP *** [9h 3h 4d]
*** TURN *** [9h 3h 4d][2s]
*** RIVER *** [9h 3h 4d 2s][9c]
*** SHOW DOWN ***
blas1709 shows [Ks Qh] (One pair : 9)
_SKR shows [6h Ah] (One pair : 9)
_SKR collected 610 from main pot
blas1709 collected 290 from side pot 1
*** SUMMARY ***
Total pot 900 | No rake
Board: [9h 3h 4d 2s 9c]
Seat 1: blas1709 (small blind) (button) showed [Ks Qh] and won 290 with One pair : 9
Seat 3: _SKR (big blind) showed [6h Ah] and won 610 with One pair : 9


Winamax Poker - Tournament "Expresso Nitro" buyIn: 0.93€ + 0.07€ level: 3 - HandId: #2689765669037146113-14-1674650644 - Holdem no limit (20/40) - 2023/01/25 12:44:04 UTC
Table: 'Expresso Nitro(626259872)#0' 3-max (real money) Seat #3 is the button
Seat 1: blas1709 (290)
Seat 3: _SKR (610)
*** ANTE/BLINDS ***
_SKR posts small blind 20
blas1709 posts big blind 40
Dealt to _SKR [Js Qs]
*** PRE-FLOP *** 
_SKR raises 570 to 610 and is all-in
blas1709 calls 250 and is all-in
*** FLOP *** [3c Ad 2s]
*** TURN *** [3c Ad 2s][4h]
*** RIVER *** [3c Ad 2s 4h][3d]
*** SHOW DOWN ***
blas1709 shows [9c Qc] (One pair : 3)
_SKR shows [Js Qs] (One pair : 3)
_SKR collected 900 from pot
*** SUMMARY ***
Total pot 900 | No rake
Board: [3c Ad 2s 4h 3d]
Seat 1: blas1709 (big blind) showed [9c Qc] and lost with One pair : 3
Seat 3: _SKR (small blind) (button) showed [Js Qs] and won 900 with One pair : 3


