Winamax Poker - Tournament "Expresso Nitro" buyIn: 0.93€ + 0.07€ level: 1 - HandId: #2717886722594570241-1-1676238879 - Holdem no limit (10/20) - 2023/02/12 21:54:39 UTC
Table: 'Expresso Nitro(632807315)#0' 3-max (real money) Seat #1 is the button
Seat 1: Samuel2655 (300)
Seat 2: Sliiimy411 (300)
Seat 3: _SKR (300)
*** ANTE/BLINDS ***
Sliiimy411 posts small blind 10
_SKR posts big blind 20
Dealt to _SKR [6d 4c]
*** PRE-FLOP *** 
Samuel2655 raises 280 to 300 and is all-in
Sliiimy411 folds
_SKR folds
Samuel2655 collected 330 from pot
*** SUMMARY ***
Total pot 330 | No rake
Seat 1: Samuel2655 (button) won 330


Winamax Poker - Tournament "Expresso Nitro" buyIn: 0.93€ + 0.07€ level: 1 - HandId: #2717886722594570241-2-1676238886 - Holdem no limit (10/20) - 2023/02/12 21:54:46 UTC
Table: 'Expresso Nitro(632807315)#0' 3-max (real money) Seat #2 is the button
Seat 1: Samuel2655 (330)
Seat 2: Sliiimy411 (290)
Seat 3: _SKR (280)
*** ANTE/BLINDS ***
_SKR posts small blind 10
Samuel2655 posts big blind 20
Dealt to _SKR [Js Ac]
*** PRE-FLOP *** 
Sliiimy411 folds
_SKR raises 260 to 280 and is all-in
Samuel2655 raises 50 to 330 and is all-in
*** FLOP *** [8c Jh Jd]
*** TURN *** [8c Jh Jd][2c]
*** RIVER *** [8c Jh Jd 2c][8h]
*** SHOW DOWN ***
Samuel2655 shows [Td Ah] (Two pairs : Jacks and 8)
_SKR shows [Js Ac] (Full of Jacks and 8)
_SKR collected 560 from main pot
Samuel2655 collected 50 from side pot 1
*** SUMMARY ***
Total pot 610 | No rake
Board: [8c Jh Jd 2c 8h]
Seat 1: Samuel2655 (big blind) showed [Td Ah] and won 50 with Two pairs : Jacks and 8
Seat 3: _SKR (small blind) showed [Js Ac] and won 560 with Full of Jacks and 8


Winamax Poker - Tournament "Expresso Nitro" buyIn: 0.93€ + 0.07€ level: 1 - HandId: #2717886722594570241-3-1676238898 - Holdem no limit (10/20) - 2023/02/12 21:54:58 UTC
Table: 'Expresso Nitro(632807315)#0' 3-max (real money) Seat #3 is the button
Seat 1: Samuel2655 (50)
Seat 2: Sliiimy411 (290)
Seat 3: _SKR (560)
*** ANTE/BLINDS ***
Samuel2655 posts small blind 10
Sliiimy411 posts big blind 20
Dealt to _SKR [9c 8c]
*** PRE-FLOP *** 
_SKR folds
Samuel2655 raises 30 to 50 and is all-in
Sliiimy411 calls 30
*** FLOP *** [2d 4d 5s]
*** TURN *** [2d 4d 5s][5d]
*** RIVER *** [2d 4d 5s 5d][Ad]
*** SHOW DOWN ***
Sliiimy411 shows [9s 6s] (One pair : 5)
Samuel2655 shows [Kc 2h] (Two pairs : 5 and 2)
Samuel2655 collected 100 from pot
*** SUMMARY ***
Total pot 100 | No rake
Board: [2d 4d 5s 5d Ad]
Seat 1: Samuel2655 (small blind) showed [Kc 2h] and won 100 with Two pairs : 5 and 2
Seat 2: Sliiimy411 (big blind) showed [9s 6s] and lost with One pair : 5


Winamax Poker - Tournament "Expresso Nitro" buyIn: 0.93€ + 0.07€ level: 1 - HandId: #2717886722594570241-4-1676238914 - Holdem no limit (10/20) - 2023/02/12 21:55:14 UTC
Table: 'Expresso Nitro(632807315)#0' 3-max (real money) Seat #1 is the button
Seat 1: Samuel2655 (100)
Seat 2: Sliiimy411 (240)
Seat 3: _SKR (560)
*** ANTE/BLINDS ***
Sliiimy411 posts small blind 10
_SKR posts big blind 20
Dealt to _SKR [6s 7d]
*** PRE-FLOP *** 
Samuel2655 folds
Sliiimy411 folds
_SKR collected 30 from pot
*** SUMMARY ***
Total pot 30 | No rake
Seat 3: _SKR (big blind) won 30


Winamax Poker - Tournament "Expresso Nitro" buyIn: 0.93€ + 0.07€ level: 1 - HandId: #2717886722594570241-5-1676238919 - Holdem no limit (10/20) - 2023/02/12 21:55:19 UTC
Table: 'Expresso Nitro(632807315)#0' 3-max (real money) Seat #2 is the button
Seat 1: Samuel2655 (100)
Seat 2: Sliiimy411 (230)
Seat 3: _SKR (570)
*** ANTE/BLINDS ***
_SKR posts small blind 10
Samuel2655 posts big blind 20
Dealt to _SKR [Qs As]
*** PRE-FLOP *** 
Sliiimy411 folds
_SKR raises 550 to 570 and is all-in
Samuel2655 calls 80 and is all-in
*** FLOP *** [5d 3h 7s]
*** TURN *** [5d 3h 7s][3s]
*** RIVER *** [5d 3h 7s 3s][2s]
*** SHOW DOWN ***
Samuel2655 shows [5c Kh] (Two pairs : 5 and 3)
_SKR shows [Qs As] (Flush Ace high)
_SKR collected 670 from pot
*** SUMMARY ***
Total pot 670 | No rake
Board: [5d 3h 7s 3s 2s]
Seat 1: Samuel2655 (big blind) showed [5c Kh] and lost with Two pairs : 5 and 3
Seat 3: _SKR (small blind) showed [Qs As] and won 670 with Flush Ace high


Winamax Poker - Tournament "Expresso Nitro" buyIn: 0.93€ + 0.07€ level: 2 - HandId: #2717886722594570241-6-1676238935 - Holdem no limit (15/30) - 2023/02/12 21:55:35 UTC
Table: 'Expresso Nitro(632807315)#0' 3-max (real money) Seat #2 is the button
Seat 2: Sliiimy411 (230)
Seat 3: _SKR (670)
*** ANTE/BLINDS ***
Sliiimy411 posts small blind 15
_SKR posts big blind 30
Dealt to _SKR [2h 9d]
*** PRE-FLOP *** 
Sliiimy411 folds
_SKR collected 45 from pot
*** SUMMARY ***
Total pot 45 | No rake
Seat 3: _SKR (big blind) won 45


Winamax Poker - Tournament "Expresso Nitro" buyIn: 0.93€ + 0.07€ level: 2 - HandId: #2717886722594570241-7-1676238939 - Holdem no limit (15/30) - 2023/02/12 21:55:39 UTC
Table: 'Expresso Nitro(632807315)#0' 3-max (real money) Seat #3 is the button
Seat 2: Sliiimy411 (215)
Seat 3: _SKR (685)
*** ANTE/BLINDS ***
_SKR posts small blind 15
Sliiimy411 posts big blind 30
Dealt to _SKR [Kd 8d]
*** PRE-FLOP *** 
_SKR raises 655 to 685 and is all-in
Sliiimy411 calls 185 and is all-in
*** FLOP *** [2h Ah Qs]
*** TURN *** [2h Ah Qs][2c]
*** RIVER *** [2h Ah Qs 2c][Qh]
*** SHOW DOWN ***
Sliiimy411 shows [Js Qd] (Full of Queens and 2)
_SKR shows [Kd 8d] (Two pairs : Queens and 2)
_SKR collected 470 from side pot 1
Sliiimy411 collected 430 from main pot
*** SUMMARY ***
Total pot 900 | No rake
Board: [2h Ah Qs 2c Qh]
Seat 2: Sliiimy411 (big blind) showed [Js Qd] and won 430 with Full of Queens and 2
Seat 3: _SKR (small blind) (button) showed [Kd 8d] and won 470 with Two pairs : Queens and 2


Winamax Poker - Tournament "Expresso Nitro" buyIn: 0.93€ + 0.07€ level: 2 - HandId: #2717886722594570241-8-1676238950 - Holdem no limit (15/30) - 2023/02/12 21:55:50 UTC
Table: 'Expresso Nitro(632807315)#0' 3-max (real money) Seat #2 is the button
Seat 2: Sliiimy411 (430)
Seat 3: _SKR (470)
*** ANTE/BLINDS ***
Sliiimy411 posts small blind 15
_SKR posts big blind 30
Dealt to _SKR [Jd 6h]
*** PRE-FLOP *** 
Sliiimy411 folds
_SKR collected 45 from pot
*** SUMMARY ***
Total pot 45 | No rake
Seat 3: _SKR (big blind) won 45


Winamax Poker - Tournament "Expresso Nitro" buyIn: 0.93€ + 0.07€ level: 2 - HandId: #2717886722594570241-9-1676238953 - Holdem no limit (15/30) - 2023/02/12 21:55:53 UTC
Table: 'Expresso Nitro(632807315)#0' 3-max (real money) Seat #3 is the button
Seat 2: Sliiimy411 (415)
Seat 3: _SKR (485)
*** ANTE/BLINDS ***
_SKR posts small blind 15
Sliiimy411 posts big blind 30
Dealt to _SKR [Jh 3c]
*** PRE-FLOP *** 
_SKR folds
Sliiimy411 collected 45 from pot
*** SUMMARY ***
Total pot 45 | No rake
Seat 2: Sliiimy411 (big blind) won 45


Winamax Poker - Tournament "Expresso Nitro" buyIn: 0.93€ + 0.07€ level: 2 - HandId: #2717886722594570241-10-1676238957 - Holdem no limit (15/30) - 2023/02/12 21:55:57 UTC
Table: 'Expresso Nitro(632807315)#0' 3-max (real money) Seat #2 is the button
Seat 2: Sliiimy411 (430)
Seat 3: _SKR (470)
*** ANTE/BLINDS ***
Sliiimy411 posts small blind 15
_SKR posts big blind 30
Dealt to _SKR [Ts Qd]
*** PRE-FLOP *** 
Sliiimy411 calls 15
_SKR checks
*** FLOP *** [7d Tc 3s]
_SKR checks
Sliiimy411 bets 39
_SKR calls 39
*** TURN *** [7d Tc 3s][Th]
_SKR checks
Sliiimy411 bets 48
_SKR calls 48
*** RIVER *** [7d Tc 3s Th][6c]
_SKR checks
Sliiimy411 bets 313 and is all-in
_SKR calls 313
*** SHOW DOWN ***
Sliiimy411 shows [9h Td] (Trips of Tens)
_SKR shows [Ts Qd] (Trips of Tens)
_SKR collected 860 from pot
*** SUMMARY ***
Total pot 860 | No rake
Board: [7d Tc 3s Th 6c]
Seat 2: Sliiimy411 (small blind) (button) showed [9h Td] and lost with Trips of Tens
Seat 3: _SKR (big blind) showed [Ts Qd] and won 860 with Trips of Tens


