Winamax Poker - Tournament "Expresso Nitro" buyIn: 0.93€ + 0.07€ level: 1 - HandId: #2675038449517461505-1-1673741233 - Holdem no limit (10/20) - 2023/01/15 00:07:13 UTC
Table: 'Expresso Nitro(622830924)#0' 3-max (real money) Seat #3 is the button
Seat 1: -zynga- (300)
Seat 2: Dz357i (300)
Seat 3: _SKR (300)
*** ANTE/BLINDS ***
-zynga- posts small blind 10
Dz357i posts big blind 20
Dealt to _SKR [9d 3c]
*** PRE-FLOP *** 
_SKR folds
-zynga- folds
Dz357i collected 30 from pot
*** SUMMARY ***
Total pot 30 | No rake
Seat 2: Dz357i (big blind) won 30


Winamax Poker - Tournament "Expresso Nitro" buyIn: 0.93€ + 0.07€ level: 1 - HandId: #2675038449517461505-2-1673741243 - Holdem no limit (10/20) - 2023/01/15 00:07:23 UTC
Table: 'Expresso Nitro(622830924)#0' 3-max (real money) Seat #1 is the button
Seat 1: -zynga- (290)
Seat 2: Dz357i (310)
Seat 3: _SKR (300)
*** ANTE/BLINDS ***
Dz357i posts small blind 10
_SKR posts big blind 20
Dealt to _SKR [As 2s]
*** PRE-FLOP *** 
-zynga- folds
Dz357i raises 290 to 310 and is all-in
_SKR folds
Dz357i collected 330 from pot
*** SUMMARY ***
Total pot 330 | No rake
Seat 2: Dz357i (small blind) won 330


Winamax Poker - Tournament "Expresso Nitro" buyIn: 0.93€ + 0.07€ level: 1 - HandId: #2675038449517461505-3-1673741250 - Holdem no limit (10/20) - 2023/01/15 00:07:30 UTC
Table: 'Expresso Nitro(622830924)#0' 3-max (real money) Seat #2 is the button
Seat 1: -zynga- (290)
Seat 2: Dz357i (330)
Seat 3: _SKR (280)
*** ANTE/BLINDS ***
_SKR posts small blind 10
-zynga- posts big blind 20
Dealt to _SKR [Kh 5h]
*** PRE-FLOP *** 
Dz357i folds
_SKR raises 20 to 40
-zynga- calls 20
*** FLOP *** [Qd 7s 6c]
_SKR checks
-zynga- checks
*** TURN *** [Qd 7s 6c][8c]
_SKR checks
-zynga- bets 40
_SKR folds
-zynga- collected 120 from pot
*** SUMMARY ***
Total pot 120 | No rake
Board: [Qd 7s 6c 8c]
Seat 1: -zynga- (big blind) won 120


Winamax Poker - Tournament "Expresso Nitro" buyIn: 0.93€ + 0.07€ level: 1 - HandId: #2675038449517461505-4-1673741272 - Holdem no limit (10/20) - 2023/01/15 00:07:52 UTC
Table: 'Expresso Nitro(622830924)#0' 3-max (real money) Seat #3 is the button
Seat 1: -zynga- (330)
Seat 2: Dz357i (330)
Seat 3: _SKR (240)
*** ANTE/BLINDS ***
-zynga- posts small blind 10
Dz357i posts big blind 20
Dealt to _SKR [6c Tc]
*** PRE-FLOP *** 
_SKR folds
-zynga- folds
Dz357i collected 30 from pot
*** SUMMARY ***
Total pot 30 | No rake
Seat 2: Dz357i (big blind) won 30


Winamax Poker - Tournament "Expresso Nitro" buyIn: 0.93€ + 0.07€ level: 1 - HandId: #2675038449517461505-5-1673741277 - Holdem no limit (10/20) - 2023/01/15 00:07:57 UTC
Table: 'Expresso Nitro(622830924)#0' 3-max (real money) Seat #1 is the button
Seat 1: -zynga- (320)
Seat 2: Dz357i (340)
Seat 3: _SKR (240)
*** ANTE/BLINDS ***
Dz357i posts small blind 10
_SKR posts big blind 20
Dealt to _SKR [As 9d]
*** PRE-FLOP *** 
-zynga- folds
Dz357i raises 40 to 60
_SKR folds
Dz357i collected 80 from pot
*** SUMMARY ***
Total pot 80 | No rake
Seat 2: Dz357i (small blind) won 80


Winamax Poker - Tournament "Expresso Nitro" buyIn: 0.93€ + 0.07€ level: 2 - HandId: #2675038449517461505-6-1673741309 - Holdem no limit (15/30) - 2023/01/15 00:08:29 UTC
Table: 'Expresso Nitro(622830924)#0' 3-max (real money) Seat #2 is the button
Seat 1: -zynga- (320)
Seat 2: Dz357i (360)
Seat 3: _SKR (220)
*** ANTE/BLINDS ***
_SKR posts small blind 15
-zynga- posts big blind 30
Dealt to _SKR [2c Qd]
*** PRE-FLOP *** 
Dz357i calls 30
_SKR folds
-zynga- checks
*** FLOP *** [Th 3c Ah]
-zynga- checks
Dz357i bets 75
-zynga- folds
Dz357i collected 150 from pot
*** SUMMARY ***
Total pot 150 | No rake
Board: [Th 3c Ah]
Seat 2: Dz357i (button) won 150


Winamax Poker - Tournament "Expresso Nitro" buyIn: 0.93€ + 0.07€ level: 2 - HandId: #2675038449517461505-7-1673741341 - Holdem no limit (15/30) - 2023/01/15 00:09:01 UTC
Table: 'Expresso Nitro(622830924)#0' 3-max (real money) Seat #3 is the button
Seat 1: -zynga- (290)
Seat 2: Dz357i (405)
Seat 3: _SKR (205)
*** ANTE/BLINDS ***
-zynga- posts small blind 15
Dz357i posts big blind 30
Dealt to _SKR [4h Qc]
*** PRE-FLOP *** 
_SKR folds
-zynga- folds
Dz357i collected 45 from pot
*** SUMMARY ***
Total pot 45 | No rake
Seat 2: Dz357i (big blind) won 45


Winamax Poker - Tournament "Expresso Nitro" buyIn: 0.93€ + 0.07€ level: 3 - HandId: #2675038449517461505-8-1673741349 - Holdem no limit (20/40) - 2023/01/15 00:09:09 UTC
Table: 'Expresso Nitro(622830924)#0' 3-max (real money) Seat #1 is the button
Seat 1: -zynga- (275)
Seat 2: Dz357i (420)
Seat 3: _SKR (205)
*** ANTE/BLINDS ***
Dz357i posts small blind 20
_SKR posts big blind 40
Dealt to _SKR [Jh Qh]
*** PRE-FLOP *** 
-zynga- raises 235 to 275 and is all-in
Dz357i raises 145 to 420 and is all-in
_SKR calls 165 and is all-in
*** FLOP *** [Kc 2h 3s]
*** TURN *** [Kc 2h 3s][9h]
*** RIVER *** [Kc 2h 3s 9h][Ks]
*** SHOW DOWN ***
_SKR shows [Jh Qh] (One pair : Kings)
-zynga- shows [Kd 9d] (Full of Kings and 9)
Dz357i shows [5d Jc] (One pair : Kings)
Dz357i collected 145 from side pot 1
-zynga- collected 755 from main pot
*** SUMMARY ***
Total pot 900 | No rake
Board: [Kc 2h 3s 9h Ks]
Seat 1: -zynga- (button) showed [Kd 9d] and won 755 with Full of Kings and 9
Seat 2: Dz357i (small blind) showed [5d Jc] and won 145 with One pair : Kings
Seat 3: _SKR (big blind) showed [Jh Qh] and lost with One pair : Kings


