Winamax Poker - Tournament "Expresso Nitro" buyIn: 1.86€ + 0.14€ level: 1 - HandId: #2695156157936304129-1-1674996961 - Holdem no limit (10/20) - 2023/01/29 12:56:01 UTC
Table: 'Expresso Nitro(627514943)#0' 3-max (real money) Seat #3 is the button
Seat 1: _SKR (300)
Seat 2: Kariello (300)
Seat 3: miminou13009 (300)
*** ANTE/BLINDS ***
_SKR posts small blind 10
Kariello posts big blind 20
Dealt to _SKR [Th 4h]
*** PRE-FLOP *** 
miminou13009 raises 20 to 40
_SKR folds
Kariello folds
miminou13009 collected 70 from pot
*** SUMMARY ***
Total pot 70 | No rake
Seat 3: miminou13009 (button) won 70


Winamax Poker - Tournament "Expresso Nitro" buyIn: 1.86€ + 0.14€ level: 1 - HandId: #2695156157936304129-2-1674996969 - Holdem no limit (10/20) - 2023/01/29 12:56:09 UTC
Table: 'Expresso Nitro(627514943)#0' 3-max (real money) Seat #1 is the button
Seat 1: _SKR (290)
Seat 2: Kariello (280)
Seat 3: miminou13009 (330)
*** ANTE/BLINDS ***
Kariello posts small blind 10
miminou13009 posts big blind 20
Dealt to _SKR [Th 4h]
*** PRE-FLOP *** 
_SKR folds
Kariello calls 10
miminou13009 raises 40 to 60
Kariello calls 40
*** FLOP *** [6s 9h 3c]
Kariello checks
miminou13009 bets 60
Kariello raises 160 to 220 and is all-in
miminou13009 folds
Kariello collected 400 from pot
*** SUMMARY ***
Total pot 400 | No rake
Board: [6s 9h 3c]
Seat 2: Kariello (small blind) won 400


Winamax Poker - Tournament "Expresso Nitro" buyIn: 1.86€ + 0.14€ level: 1 - HandId: #2695156157936304129-3-1674997001 - Holdem no limit (10/20) - 2023/01/29 12:56:41 UTC
Table: 'Expresso Nitro(627514943)#0' 3-max (real money) Seat #2 is the button
Seat 1: _SKR (290)
Seat 2: Kariello (400)
Seat 3: miminou13009 (210)
*** ANTE/BLINDS ***
miminou13009 posts small blind 10
_SKR posts big blind 20
Dealt to _SKR [Js Kc]
*** PRE-FLOP *** 
Kariello folds
miminou13009 raises 190 to 210 and is all-in
_SKR calls 190
*** FLOP *** [9h 9c Qd]
*** TURN *** [9h 9c Qd][Kd]
*** RIVER *** [9h 9c Qd Kd][2c]
*** SHOW DOWN ***
miminou13009 shows [Ac 6s] (One pair : 9)
_SKR shows [Js Kc] (Two pairs : Kings and 9)
_SKR collected 420 from pot
*** SUMMARY ***
Total pot 420 | No rake
Board: [9h 9c Qd Kd 2c]
Seat 1: _SKR (big blind) showed [Js Kc] and won 420 with Two pairs : Kings and 9
Seat 3: miminou13009 (small blind) showed [Ac 6s] and lost with One pair : 9


Winamax Poker - Tournament "Expresso Nitro" buyIn: 1.86€ + 0.14€ level: 2 - HandId: #2695156157936304129-4-1674997024 - Holdem no limit (15/30) - 2023/01/29 12:57:04 UTC
Table: 'Expresso Nitro(627514943)#0' 3-max (real money) Seat #1 is the button
Seat 1: _SKR (500)
Seat 2: Kariello (400)
*** ANTE/BLINDS ***
_SKR posts small blind 15
Kariello posts big blind 30
Dealt to _SKR [2d 7c]
*** PRE-FLOP *** 
_SKR folds
Kariello collected 45 from pot
*** SUMMARY ***
Total pot 45 | No rake
Seat 2: Kariello (big blind) won 45


Winamax Poker - Tournament "Expresso Nitro" buyIn: 1.86€ + 0.14€ level: 2 - HandId: #2695156157936304129-5-1674997031 - Holdem no limit (15/30) - 2023/01/29 12:57:11 UTC
Table: 'Expresso Nitro(627514943)#0' 3-max (real money) Seat #2 is the button
Seat 1: _SKR (485)
Seat 2: Kariello (415)
*** ANTE/BLINDS ***
Kariello posts small blind 15
_SKR posts big blind 30
Dealt to _SKR [Qh 3s]
*** PRE-FLOP *** 
Kariello raises 30 to 60
_SKR folds
Kariello collected 90 from pot
*** SUMMARY ***
Total pot 90 | No rake
Seat 2: Kariello (small blind) (button) won 90


Winamax Poker - Tournament "Expresso Nitro" buyIn: 1.86€ + 0.14€ level: 2 - HandId: #2695156157936304129-6-1674997038 - Holdem no limit (15/30) - 2023/01/29 12:57:18 UTC
Table: 'Expresso Nitro(627514943)#0' 3-max (real money) Seat #1 is the button
Seat 1: _SKR (455)
Seat 2: Kariello (445)
*** ANTE/BLINDS ***
_SKR posts small blind 15
Kariello posts big blind 30
Dealt to _SKR [9h Ac]
*** PRE-FLOP *** 
_SKR raises 425 to 455 and is all-in
Kariello folds
_SKR collected 485 from pot
*** SUMMARY ***
Total pot 485 | No rake
Seat 1: _SKR (small blind) (button) won 485


Winamax Poker - Tournament "Expresso Nitro" buyIn: 1.86€ + 0.14€ level: 2 - HandId: #2695156157936304129-7-1674997048 - Holdem no limit (15/30) - 2023/01/29 12:57:28 UTC
Table: 'Expresso Nitro(627514943)#0' 3-max (real money) Seat #2 is the button
Seat 1: _SKR (485)
Seat 2: Kariello (415)
*** ANTE/BLINDS ***
Kariello posts small blind 15
_SKR posts big blind 30
Dealt to _SKR [Kd 8c]
*** PRE-FLOP *** 
Kariello folds
_SKR collected 45 from pot
*** SUMMARY ***
Total pot 45 | No rake
Seat 1: _SKR (big blind) won 45


Winamax Poker - Tournament "Expresso Nitro" buyIn: 1.86€ + 0.14€ level: 2 - HandId: #2695156157936304129-8-1674997051 - Holdem no limit (15/30) - 2023/01/29 12:57:31 UTC
Table: 'Expresso Nitro(627514943)#0' 3-max (real money) Seat #1 is the button
Seat 1: _SKR (500)
Seat 2: Kariello (400)
*** ANTE/BLINDS ***
_SKR posts small blind 15
Kariello posts big blind 30
Dealt to _SKR [5h Ks]
*** PRE-FLOP *** 
_SKR calls 15
Kariello checks
*** FLOP *** [8c 5d Ac]
Kariello checks
_SKR checks
*** TURN *** [8c 5d Ac][8s]
Kariello checks
_SKR checks
*** RIVER *** [8c 5d Ac 8s][Ad]
Kariello bets 60
_SKR calls 60
*** SHOW DOWN ***
Kariello shows [2d 7c] (Two pairs : Aces and 8)
_SKR shows [5h Ks] (Two pairs : Aces and 8)
_SKR collected 180 from pot
*** SUMMARY ***
Total pot 180 | No rake
Board: [8c 5d Ac 8s Ad]
Seat 1: _SKR (small blind) (button) showed [5h Ks] and won 180 with Two pairs : Aces and 8
Seat 2: Kariello (big blind) showed [2d 7c] and lost with Two pairs : Aces and 8


Winamax Poker - Tournament "Expresso Nitro" buyIn: 1.86€ + 0.14€ level: 3 - HandId: #2695156157936304129-9-1674997110 - Holdem no limit (20/40) - 2023/01/29 12:58:30 UTC
Table: 'Expresso Nitro(627514943)#0' 3-max (real money) Seat #2 is the button
Seat 1: _SKR (590)
Seat 2: Kariello (310)
*** ANTE/BLINDS ***
Kariello posts small blind 20
_SKR posts big blind 40
Dealt to _SKR [Qc 2s]
*** PRE-FLOP *** 
Kariello folds
_SKR collected 60 from pot
*** SUMMARY ***
Total pot 60 | No rake
Seat 1: _SKR (big blind) won 60


Winamax Poker - Tournament "Expresso Nitro" buyIn: 1.86€ + 0.14€ level: 3 - HandId: #2695156157936304129-10-1674997113 - Holdem no limit (20/40) - 2023/01/29 12:58:33 UTC
Table: 'Expresso Nitro(627514943)#0' 3-max (real money) Seat #1 is the button
Seat 1: _SKR (610)
Seat 2: Kariello (290)
*** ANTE/BLINDS ***
_SKR posts small blind 20
Kariello posts big blind 40
Dealt to _SKR [6d Kh]
*** PRE-FLOP *** 
_SKR raises 570 to 610 and is all-in
Kariello folds
_SKR collected 650 from pot
*** SUMMARY ***
Total pot 650 | No rake
Seat 1: _SKR (small blind) (button) won 650


Winamax Poker - Tournament "Expresso Nitro" buyIn: 1.86€ + 0.14€ level: 3 - HandId: #2695156157936304129-11-1674997129 - Holdem no limit (20/40) - 2023/01/29 12:58:49 UTC
Table: 'Expresso Nitro(627514943)#0' 3-max (real money) Seat #2 is the button
Seat 1: _SKR (650)
Seat 2: Kariello (250)
*** ANTE/BLINDS ***
Kariello posts small blind 20
_SKR posts big blind 40
Dealt to _SKR [6c 5c]
*** PRE-FLOP *** 
Kariello raises 210 to 250 and is all-in
_SKR folds
Kariello collected 290 from pot
*** SUMMARY ***
Total pot 290 | No rake
Seat 2: Kariello (small blind) (button) won 290


Winamax Poker - Tournament "Expresso Nitro" buyIn: 1.86€ + 0.14€ level: 3 - HandId: #2695156157936304129-12-1674997136 - Holdem no limit (20/40) - 2023/01/29 12:58:56 UTC
Table: 'Expresso Nitro(627514943)#0' 3-max (real money) Seat #1 is the button
Seat 1: _SKR (610)
Seat 2: Kariello (290)
*** ANTE/BLINDS ***
_SKR posts small blind 20
Kariello posts big blind 40
Dealt to _SKR [5s 8s]
*** PRE-FLOP *** 
_SKR folds
Kariello collected 60 from pot
*** SUMMARY ***
Total pot 60 | No rake
Seat 2: Kariello (big blind) won 60


Winamax Poker - Tournament "Expresso Nitro" buyIn: 1.86€ + 0.14€ level: 4 - HandId: #2695156157936304129-13-1674997141 - Holdem no limit (30/60) - 2023/01/29 12:59:01 UTC
Table: 'Expresso Nitro(627514943)#0' 3-max (real money) Seat #2 is the button
Seat 1: _SKR (590)
Seat 2: Kariello (310)
*** ANTE/BLINDS ***
Kariello posts small blind 30
_SKR posts big blind 60
Dealt to _SKR [4h Kd]
*** PRE-FLOP *** 
Kariello folds
_SKR collected 90 from pot
*** SUMMARY ***
Total pot 90 | No rake
Seat 1: _SKR (big blind) won 90


Winamax Poker - Tournament "Expresso Nitro" buyIn: 1.86€ + 0.14€ level: 4 - HandId: #2695156157936304129-14-1674997147 - Holdem no limit (30/60) - 2023/01/29 12:59:07 UTC
Table: 'Expresso Nitro(627514943)#0' 3-max (real money) Seat #1 is the button
Seat 1: _SKR (620)
Seat 2: Kariello (280)
*** ANTE/BLINDS ***
_SKR posts small blind 30
Kariello posts big blind 60
Dealt to _SKR [7h 9c]
*** PRE-FLOP *** 
_SKR raises 560 to 620 and is all-in
Kariello calls 220 and is all-in
*** FLOP *** [Ks 7s Qs]
*** TURN *** [Ks 7s Qs][As]
*** RIVER *** [Ks 7s Qs As][5s]
*** SHOW DOWN ***
_SKR shows [7h 9c] (Flush Ace high)
Kariello shows [2h Qh] (Flush Ace high)
Kariello collected 280 from main pot
_SKR collected 620 from side pot 1
*** SUMMARY ***
Total pot 900 | No rake
Board: [Ks 7s Qs As 5s]
Seat 1: _SKR (small blind) (button) showed [7h 9c] and won 620 with Flush Ace high
Seat 2: Kariello (big blind) showed [2h Qh] and won 280 with Flush Ace high


Winamax Poker - Tournament "Expresso Nitro" buyIn: 1.86€ + 0.14€ level: 4 - HandId: #2695156157936304129-15-1674997174 - Holdem no limit (30/60) - 2023/01/29 12:59:34 UTC
Table: 'Expresso Nitro(627514943)#0' 3-max (real money) Seat #2 is the button
Seat 1: _SKR (620)
Seat 2: Kariello (280)
*** ANTE/BLINDS ***
Kariello posts small blind 30
_SKR posts big blind 60
Dealt to _SKR [8c Jh]
*** PRE-FLOP *** 
Kariello folds
_SKR collected 90 from pot
*** SUMMARY ***
Total pot 90 | No rake
Seat 1: _SKR (big blind) won 90


Winamax Poker - Tournament "Expresso Nitro" buyIn: 1.86€ + 0.14€ level: 4 - HandId: #2695156157936304129-16-1674997185 - Holdem no limit (30/60) - 2023/01/29 12:59:45 UTC
Table: 'Expresso Nitro(627514943)#0' 3-max (real money) Seat #1 is the button
Seat 1: _SKR (650)
Seat 2: Kariello (250)
*** ANTE/BLINDS ***
_SKR posts small blind 30
Kariello posts big blind 60
Dealt to _SKR [Qh Kh]
*** PRE-FLOP *** 
_SKR raises 590 to 650 and is all-in
Kariello calls 190 and is all-in
*** FLOP *** [Ah 3h 8c]
*** TURN *** [Ah 3h 8c][2c]
*** RIVER *** [Ah 3h 8c 2c][5c]
*** SHOW DOWN ***
_SKR shows [Qh Kh] (High card : Ace)
Kariello shows [5d Qd] (One pair : 5)
Kariello collected 500 from main pot
_SKR collected 400 from side pot 1
*** SUMMARY ***
Total pot 900 | No rake
Board: [Ah 3h 8c 2c 5c]
Seat 1: _SKR (small blind) (button) showed [Qh Kh] and won 400 with High card : Ace
Seat 2: Kariello (big blind) showed [5d Qd] and won 500 with One pair : 5


Winamax Poker - Tournament "Expresso Nitro" buyIn: 1.86€ + 0.14€ level: 5 - HandId: #2695156157936304129-17-1674997204 - Holdem no limit (40/80) - 2023/01/29 13:00:04 UTC
Table: 'Expresso Nitro(627514943)#0' 3-max (real money) Seat #2 is the button
Seat 1: _SKR (400)
Seat 2: Kariello (500)
*** ANTE/BLINDS ***
Kariello posts small blind 40
_SKR posts big blind 80
Dealt to _SKR [5h Ts]
*** PRE-FLOP *** 
Kariello folds
_SKR collected 120 from pot
*** SUMMARY ***
Total pot 120 | No rake
Seat 1: _SKR (big blind) won 120


Winamax Poker - Tournament "Expresso Nitro" buyIn: 1.86€ + 0.14€ level: 5 - HandId: #2695156157936304129-18-1674997216 - Holdem no limit (40/80) - 2023/01/29 13:00:16 UTC
Table: 'Expresso Nitro(627514943)#0' 3-max (real money) Seat #1 is the button
Seat 1: _SKR (440)
Seat 2: Kariello (460)
*** ANTE/BLINDS ***
_SKR posts small blind 40
Kariello posts big blind 80
Dealt to _SKR [Ts Tc]
*** PRE-FLOP *** 
_SKR raises 360 to 440 and is all-in
Kariello raises 20 to 460 and is all-in
*** FLOP *** [Jh 6d 6c]
*** TURN *** [Jh 6d 6c][8s]
*** RIVER *** [Jh 6d 6c 8s][Kc]
*** SHOW DOWN ***
_SKR shows [Ts Tc] (Two pairs : Tens and 6)
Kariello shows [4d Ac] (One pair : 6)
Kariello collected 20 from side pot 1
_SKR collected 880 from main pot
*** SUMMARY ***
Total pot 900 | No rake
Board: [Jh 6d 6c 8s Kc]
Seat 1: _SKR (small blind) (button) showed [Ts Tc] and won 880 with Two pairs : Tens and 6
Seat 2: Kariello (big blind) showed [4d Ac] and won 20 with One pair : 6


Winamax Poker - Tournament "Expresso Nitro" buyIn: 1.86€ + 0.14€ level: 5 - HandId: #2695156157936304129-19-1674997236 - Holdem no limit (40/80) - 2023/01/29 13:00:36 UTC
Table: 'Expresso Nitro(627514943)#0' 3-max (real money) Seat #2 is the button
Seat 1: _SKR (880)
Seat 2: Kariello (20)
*** ANTE/BLINDS ***
Kariello posts small blind 20 and is all-in
_SKR posts big blind 80
Dealt to _SKR [Kd Qd]
*** PRE-FLOP *** 
*** FLOP *** [Qs 2h 2s]
*** TURN *** [Qs 2h 2s][8c]
*** RIVER *** [Qs 2h 2s 8c][Qh]
*** SHOW DOWN ***
Kariello shows [6c 9c] (Two pairs : Queens and 2)
_SKR shows [Kd Qd] (Full of Queens and 2)
_SKR collected 100 from pot
*** SUMMARY ***
Total pot 100 | No rake
Board: [Qs 2h 2s 8c Qh]
Seat 1: _SKR (big blind) showed [Kd Qd] and won 100 with Full of Queens and 2
Seat 2: Kariello (small blind) (button) showed [6c 9c] and lost with Two pairs : Queens and 2


