Winamax Poker - Tournament "Expresso Nitro" buyIn: 0.93€ + 0.07€ level: 1 - HandId: #2717869508365647873-1-1676238285 - Holdem no limit (10/20) - 2023/02/12 21:44:45 UTC
Table: 'Expresso Nitro(632803307)#0' 3-max (real money) Seat #1 is the button
Seat 1: _SKR (300)
Seat 2: Nora-06 (300)
Seat 3: Milhan77 (300)
*** ANTE/BLINDS ***
Nora-06 posts small blind 10
Milhan77 posts big blind 20
Dealt to _SKR [2h 9s]
*** PRE-FLOP *** 
_SKR folds
Nora-06 calls 10
Milhan77 checks
*** FLOP *** [8h Qh 5s]
Nora-06 checks
Milhan77 bets 40
Nora-06 calls 40
*** TURN *** [8h Qh 5s][8d]
Nora-06 checks
Milhan77 bets 120
Nora-06 folds
Milhan77 collected 240 from pot
*** SUMMARY ***
Total pot 240 | No rake
Board: [8h Qh 5s 8d]
Seat 3: Milhan77 (big blind) won 240


Winamax Poker - Tournament "Expresso Nitro" buyIn: 0.93€ + 0.07€ level: 1 - HandId: #2717869508365647873-2-1676238309 - Holdem no limit (10/20) - 2023/02/12 21:45:09 UTC
Table: 'Expresso Nitro(632803307)#0' 3-max (real money) Seat #2 is the button
Seat 1: _SKR (300)
Seat 2: Nora-06 (240)
Seat 3: Milhan77 (360)
*** ANTE/BLINDS ***
Milhan77 posts small blind 10
_SKR posts big blind 20
Dealt to _SKR [9s 7s]
*** PRE-FLOP *** 
Nora-06 calls 20
Milhan77 folds
_SKR checks
*** FLOP *** [6d 7h 9c]
_SKR checks
Nora-06 checks
*** TURN *** [6d 7h 9c][4d]
_SKR bets 33
Nora-06 folds
_SKR collected 83 from pot
*** SUMMARY ***
Total pot 83 | No rake
Board: [6d 7h 9c 4d]
Seat 1: _SKR (big blind) won 83


Winamax Poker - Tournament "Expresso Nitro" buyIn: 0.93€ + 0.07€ level: 1 - HandId: #2717869508365647873-3-1676238332 - Holdem no limit (10/20) - 2023/02/12 21:45:32 UTC
Table: 'Expresso Nitro(632803307)#0' 3-max (real money) Seat #3 is the button
Seat 1: _SKR (330)
Seat 2: Nora-06 (220)
Seat 3: Milhan77 (350)
*** ANTE/BLINDS ***
_SKR posts small blind 10
Nora-06 posts big blind 20
Dealt to _SKR [Ac Ks]
*** PRE-FLOP *** 
Milhan77 folds
_SKR raises 20 to 40
Nora-06 calls 20
*** FLOP *** [9d 3s 9c]
_SKR bets 28
Nora-06 calls 28
*** TURN *** [9d 3s 9c][2h]
_SKR checks
Nora-06 bets 136
_SKR folds
Nora-06 collected 272 from pot
*** SUMMARY ***
Total pot 272 | No rake
Board: [9d 3s 9c 2h]
Seat 2: Nora-06 (big blind) won 272


Winamax Poker - Tournament "Expresso Nitro" buyIn: 0.93€ + 0.07€ level: 2 - HandId: #2717869508365647873-4-1676238359 - Holdem no limit (15/30) - 2023/02/12 21:45:59 UTC
Table: 'Expresso Nitro(632803307)#0' 3-max (real money) Seat #1 is the button
Seat 1: _SKR (262)
Seat 2: Nora-06 (288)
Seat 3: Milhan77 (350)
*** ANTE/BLINDS ***
Nora-06 posts small blind 15
Milhan77 posts big blind 30
Dealt to _SKR [Jc 4d]
*** PRE-FLOP *** 
_SKR folds
Nora-06 calls 15
Milhan77 checks
*** FLOP *** [4s Kd 7d]
Nora-06 checks
Milhan77 checks
*** TURN *** [4s Kd 7d][Qd]
Nora-06 bets 39
Milhan77 calls 39
*** RIVER *** [4s Kd 7d Qd][Th]
Nora-06 bets 48
Milhan77 raises 135 to 183
Nora-06 folds
Milhan77 collected 369 from pot
*** SUMMARY ***
Total pot 369 | No rake
Board: [4s Kd 7d Qd Th]
Seat 3: Milhan77 (big blind) won 369


Winamax Poker - Tournament "Expresso Nitro" buyIn: 0.93€ + 0.07€ level: 2 - HandId: #2717869508365647873-5-1676238389 - Holdem no limit (15/30) - 2023/02/12 21:46:29 UTC
Table: 'Expresso Nitro(632803307)#0' 3-max (real money) Seat #2 is the button
Seat 1: _SKR (262)
Seat 2: Nora-06 (171)
Seat 3: Milhan77 (467)
*** ANTE/BLINDS ***
Milhan77 posts small blind 15
_SKR posts big blind 30
Dealt to _SKR [Td 3s]
*** PRE-FLOP *** 
Nora-06 calls 30
Milhan77 calls 15
_SKR checks
*** FLOP *** [Jc Kh 4s]
Milhan77 checks
_SKR checks
Nora-06 bets 90
Milhan77 folds
_SKR folds
Nora-06 collected 180 from pot
*** SUMMARY ***
Total pot 180 | No rake
Board: [Jc Kh 4s]
Seat 2: Nora-06 (button) won 180


Winamax Poker - Tournament "Expresso Nitro" buyIn: 0.93€ + 0.07€ level: 3 - HandId: #2717869508365647873-6-1676238407 - Holdem no limit (20/40) - 2023/02/12 21:46:47 UTC
Table: 'Expresso Nitro(632803307)#0' 3-max (real money) Seat #3 is the button
Seat 1: _SKR (232)
Seat 2: Nora-06 (231)
Seat 3: Milhan77 (437)
*** ANTE/BLINDS ***
_SKR posts small blind 20
Nora-06 posts big blind 40
Dealt to _SKR [4h 7c]
*** PRE-FLOP *** 
Milhan77 folds
_SKR folds
Nora-06 collected 60 from pot
*** SUMMARY ***
Total pot 60 | No rake
Seat 2: Nora-06 (big blind) won 60


Winamax Poker - Tournament "Expresso Nitro" buyIn: 0.93€ + 0.07€ level: 3 - HandId: #2717869508365647873-7-1676238414 - Holdem no limit (20/40) - 2023/02/12 21:46:54 UTC
Table: 'Expresso Nitro(632803307)#0' 3-max (real money) Seat #1 is the button
Seat 1: _SKR (212)
Seat 2: Nora-06 (251)
Seat 3: Milhan77 (437)
*** ANTE/BLINDS ***
Nora-06 posts small blind 20
Milhan77 posts big blind 40
Dealt to _SKR [3c Ah]
*** PRE-FLOP *** 
_SKR raises 172 to 212 and is all-in
Nora-06 calls 192
Milhan77 calls 172
*** FLOP *** [5d 7s 4c]
Nora-06 checks
Milhan77 bets 225 and is all-in
Nora-06 calls 39 and is all-in
*** TURN *** [5d 7s 4c][2d]
*** RIVER *** [5d 7s 4c 2d][2c]
*** SHOW DOWN ***
_SKR shows [3c Ah] (Straight 5 high)
Nora-06 shows [Kc 7c] (Two pairs : 7 and 2)
Milhan77 shows [Kh As] (One pair : 2)
Milhan77 collected 186 from side pot 2
Nora-06 collected 78 from side pot 1
_SKR collected 636 from main pot
*** SUMMARY ***
Total pot 900 | No rake
Board: [5d 7s 4c 2d 2c]
Seat 1: _SKR (button) showed [3c Ah] and won 636 with Straight 5 high
Seat 2: Nora-06 (small blind) showed [Kc 7c] and won 78 with Two pairs : 7 and 2
Seat 3: Milhan77 (big blind) showed [Kh As] and won 186 with One pair : 2


Winamax Poker - Tournament "Expresso Nitro" buyIn: 0.93€ + 0.07€ level: 3 - HandId: #2717869508365647873-8-1676238433 - Holdem no limit (20/40) - 2023/02/12 21:47:13 UTC
Table: 'Expresso Nitro(632803307)#0' 3-max (real money) Seat #2 is the button
Seat 1: _SKR (636)
Seat 2: Nora-06 (78)
Seat 3: Milhan77 (186)
*** ANTE/BLINDS ***
Milhan77 posts small blind 20
_SKR posts big blind 40
Dealt to _SKR [2c Ts]
*** PRE-FLOP *** 
Nora-06 folds
Milhan77 folds
_SKR collected 60 from pot
*** SUMMARY ***
Total pot 60 | No rake
Seat 1: _SKR (big blind) won 60


Winamax Poker - Tournament "Expresso Nitro" buyIn: 0.93€ + 0.07€ level: 3 - HandId: #2717869508365647873-9-1676238439 - Holdem no limit (20/40) - 2023/02/12 21:47:19 UTC
Table: 'Expresso Nitro(632803307)#0' 3-max (real money) Seat #3 is the button
Seat 1: _SKR (656)
Seat 2: Nora-06 (78)
Seat 3: Milhan77 (166)
*** ANTE/BLINDS ***
_SKR posts small blind 20
Nora-06 posts big blind 40
Dealt to _SKR [2s Qh]
*** PRE-FLOP *** 
Milhan77 folds
_SKR folds
Nora-06 collected 60 from pot
*** SUMMARY ***
Total pot 60 | No rake
Seat 2: Nora-06 (big blind) won 60


Winamax Poker - Tournament "Expresso Nitro" buyIn: 0.93€ + 0.07€ level: 3 - HandId: #2717869508365647873-10-1676238446 - Holdem no limit (20/40) - 2023/02/12 21:47:26 UTC
Table: 'Expresso Nitro(632803307)#0' 3-max (real money) Seat #1 is the button
Seat 1: _SKR (636)
Seat 2: Nora-06 (98)
Seat 3: Milhan77 (166)
*** ANTE/BLINDS ***
Nora-06 posts small blind 20
Milhan77 posts big blind 40
Dealt to _SKR [4d Tc]
*** PRE-FLOP *** 
_SKR folds
Nora-06 calls 20
Milhan77 checks
*** FLOP *** [4s 9d Jd]
Nora-06 checks
Milhan77 bets 126 and is all-in
Nora-06 calls 58 and is all-in
*** TURN *** [4s 9d Jd][Qs]
*** RIVER *** [4s 9d Jd Qs][9h]
*** SHOW DOWN ***
Nora-06 shows [9c 3d] (Trips of 9)
Milhan77 shows [2h 8d] (One pair : 9)
Milhan77 collected 68 from side pot 1
Nora-06 collected 196 from main pot
*** SUMMARY ***
Total pot 264 | No rake
Board: [4s 9d Jd Qs 9h]
Seat 2: Nora-06 (small blind) showed [9c 3d] and won 196 with Trips of 9
Seat 3: Milhan77 (big blind) showed [2h 8d] and won 68 with One pair : 9


Winamax Poker - Tournament "Expresso Nitro" buyIn: 0.93€ + 0.07€ level: 4 - HandId: #2717869508365647873-11-1676238467 - Holdem no limit (30/60) - 2023/02/12 21:47:47 UTC
Table: 'Expresso Nitro(632803307)#0' 3-max (real money) Seat #2 is the button
Seat 1: _SKR (636)
Seat 2: Nora-06 (196)
Seat 3: Milhan77 (68)
*** ANTE/BLINDS ***
Milhan77 posts small blind 30
_SKR posts big blind 60
Dealt to _SKR [6d Qc]
*** PRE-FLOP *** 
Nora-06 folds
Milhan77 raises 8 to 68 and is all-in
_SKR calls 8
*** FLOP *** [Kc 3c 3d]
*** TURN *** [Kc 3c 3d][8c]
*** RIVER *** [Kc 3c 3d 8c][Jc]
*** SHOW DOWN ***
Milhan77 shows [9c 5d] (Flush King high)
_SKR shows [6d Qc] (Flush King high)
_SKR collected 136 from pot
*** SUMMARY ***
Total pot 136 | No rake
Board: [Kc 3c 3d 8c Jc]
Seat 1: _SKR (big blind) showed [6d Qc] and won 136 with Flush King high
Seat 3: Milhan77 (small blind) showed [9c 5d] and lost with Flush King high


Winamax Poker - Tournament "Expresso Nitro" buyIn: 0.93€ + 0.07€ level: 4 - HandId: #2717869508365647873-12-1676238486 - Holdem no limit (30/60) - 2023/02/12 21:48:06 UTC
Table: 'Expresso Nitro(632803307)#0' 3-max (real money) Seat #1 is the button
Seat 1: _SKR (704)
Seat 2: Nora-06 (196)
*** ANTE/BLINDS ***
_SKR posts small blind 30
Nora-06 posts big blind 60
Dealt to _SKR [5s 7s]
*** PRE-FLOP *** 
_SKR raises 644 to 704 and is all-in
Nora-06 folds
_SKR collected 764 from pot
*** SUMMARY ***
Total pot 764 | No rake
Seat 1: _SKR (small blind) (button) won 764


Winamax Poker - Tournament "Expresso Nitro" buyIn: 0.93€ + 0.07€ level: 4 - HandId: #2717869508365647873-13-1676238496 - Holdem no limit (30/60) - 2023/02/12 21:48:16 UTC
Table: 'Expresso Nitro(632803307)#0' 3-max (real money) Seat #2 is the button
Seat 1: _SKR (764)
Seat 2: Nora-06 (136)
*** ANTE/BLINDS ***
Nora-06 posts small blind 30
_SKR posts big blind 60
Dealt to _SKR [3s Jd]
*** PRE-FLOP *** 
Nora-06 calls 30
_SKR checks
*** FLOP *** [9c Qd 5h]
_SKR checks
Nora-06 checks
*** TURN *** [9c Qd 5h][Qc]
_SKR bets 78
Nora-06 calls 76 and is all-in
*** RIVER *** [9c Qd 5h Qc][Kc]
*** SHOW DOWN ***
_SKR shows [3s Jd] (One pair : Queens)
Nora-06 shows [Ah 6h] (One pair : Queens)
Nora-06 collected 272 from main pot
_SKR collected 2 from side pot 1
*** SUMMARY ***
Total pot 274 | No rake
Board: [9c Qd 5h Qc Kc]
Seat 1: _SKR (big blind) showed [3s Jd] and won 2 with One pair : Queens
Seat 2: Nora-06 (small blind) (button) showed [Ah 6h] and won 272 with One pair : Queens


Winamax Poker - Tournament "Expresso Nitro" buyIn: 0.93€ + 0.07€ level: 4 - HandId: #2717869508365647873-14-1676238513 - Holdem no limit (30/60) - 2023/02/12 21:48:33 UTC
Table: 'Expresso Nitro(632803307)#0' 3-max (real money) Seat #1 is the button
Seat 1: _SKR (628)
Seat 2: Nora-06 (272)
*** ANTE/BLINDS ***
_SKR posts small blind 30
Nora-06 posts big blind 60
Dealt to _SKR [9h Kh]
*** PRE-FLOP *** 
_SKR raises 568 to 628 and is all-in
Nora-06 calls 212 and is all-in
*** FLOP *** [7d 8d 3c]
*** TURN *** [7d 8d 3c][As]
*** RIVER *** [7d 8d 3c As][3h]
*** SHOW DOWN ***
Nora-06 shows [9c 4d] (One pair : 3)
_SKR shows [9h Kh] (One pair : 3)
_SKR collected 900 from pot
*** SUMMARY ***
Total pot 900 | No rake
Board: [7d 8d 3c As 3h]
Seat 1: _SKR (small blind) (button) showed [9h Kh] and won 900 with One pair : 3
Seat 2: Nora-06 (big blind) showed [9c 4d] and lost with One pair : 3


