Winamax Poker - Tournament "Expresso Nitro" buyIn: 1.86€ + 0.14€ level: 1 - HandId: #2696842954802200577-1-1675100284 - Holdem no limit (10/20) - 2023/01/30 17:38:04 UTC
Table: 'Expresso Nitro(627907681)#0' 3-max (real money) Seat #1 is the button
Seat 1: Guessmymind (300)
Seat 2: _SKR (300)
Seat 3: pacman78 (300)
*** ANTE/BLINDS ***
_SKR posts small blind 10
pacman78 posts big blind 20
Dealt to _SKR [2s 4d]
*** PRE-FLOP *** 
Guessmymind folds
_SKR folds
pacman78 collected 30 from pot
*** SUMMARY ***
Total pot 30 | No rake
Seat 3: pacman78 (big blind) won 30


Winamax Poker - Tournament "Expresso Nitro" buyIn: 1.86€ + 0.14€ level: 1 - HandId: #2696842954802200577-2-1675100292 - Holdem no limit (10/20) - 2023/01/30 17:38:12 UTC
Table: 'Expresso Nitro(627907681)#0' 3-max (real money) Seat #2 is the button
Seat 1: Guessmymind (300)
Seat 2: _SKR (290)
Seat 3: pacman78 (310)
*** ANTE/BLINDS ***
pacman78 posts small blind 10
Guessmymind posts big blind 20
Dealt to _SKR [9d 3h]
*** PRE-FLOP *** 
_SKR folds
pacman78 folds
Guessmymind collected 30 from pot
*** SUMMARY ***
Total pot 30 | No rake
Seat 1: Guessmymind (big blind) won 30


Winamax Poker - Tournament "Expresso Nitro" buyIn: 1.86€ + 0.14€ level: 1 - HandId: #2696842954802200577-3-1675100298 - Holdem no limit (10/20) - 2023/01/30 17:38:18 UTC
Table: 'Expresso Nitro(627907681)#0' 3-max (real money) Seat #3 is the button
Seat 1: Guessmymind (310)
Seat 2: _SKR (290)
Seat 3: pacman78 (300)
*** ANTE/BLINDS ***
Guessmymind posts small blind 10
_SKR posts big blind 20
Dealt to _SKR [3h 2s]
*** PRE-FLOP *** 
pacman78 raises 40 to 60
Guessmymind folds
_SKR folds
pacman78 collected 90 from pot
*** SUMMARY ***
Total pot 90 | No rake
Seat 3: pacman78 (button) won 90


Winamax Poker - Tournament "Expresso Nitro" buyIn: 1.86€ + 0.14€ level: 1 - HandId: #2696842954802200577-4-1675100307 - Holdem no limit (10/20) - 2023/01/30 17:38:27 UTC
Table: 'Expresso Nitro(627907681)#0' 3-max (real money) Seat #1 is the button
Seat 1: Guessmymind (300)
Seat 2: _SKR (270)
Seat 3: pacman78 (330)
*** ANTE/BLINDS ***
_SKR posts small blind 10
pacman78 posts big blind 20
Dealt to _SKR [2s 7s]
*** PRE-FLOP *** 
Guessmymind folds
_SKR folds
pacman78 collected 30 from pot
*** SUMMARY ***
Total pot 30 | No rake
Seat 3: pacman78 (big blind) won 30


Winamax Poker - Tournament "Expresso Nitro" buyIn: 1.86€ + 0.14€ level: 1 - HandId: #2696842954802200577-5-1675100314 - Holdem no limit (10/20) - 2023/01/30 17:38:34 UTC
Table: 'Expresso Nitro(627907681)#0' 3-max (real money) Seat #2 is the button
Seat 1: Guessmymind (300)
Seat 2: _SKR (260)
Seat 3: pacman78 (340)
*** ANTE/BLINDS ***
pacman78 posts small blind 10
Guessmymind posts big blind 20
Dealt to _SKR [Jh Kd]
*** PRE-FLOP *** 
_SKR raises 20 to 40
pacman78 calls 30
Guessmymind calls 20
*** FLOP *** [7h 3s 8h]
pacman78 checks
Guessmymind checks
_SKR bets 42
pacman78 calls 42
Guessmymind folds
*** TURN *** [7h 3s 8h][9s]
pacman78 checks
_SKR checks
*** RIVER *** [7h 3s 8h 9s][2d]
pacman78 bets 258 and is all-in
_SKR folds
pacman78 collected 462 from pot
*** SUMMARY ***
Total pot 462 | No rake
Board: [7h 3s 8h 9s 2d]
Seat 3: pacman78 (small blind) won 462


Winamax Poker - Tournament "Expresso Nitro" buyIn: 1.86€ + 0.14€ level: 1 - HandId: #2696842954802200577-6-1675100338 - Holdem no limit (10/20) - 2023/01/30 17:38:58 UTC
Table: 'Expresso Nitro(627907681)#0' 3-max (real money) Seat #3 is the button
Seat 1: Guessmymind (260)
Seat 2: _SKR (178)
Seat 3: pacman78 (462)
*** ANTE/BLINDS ***
Guessmymind posts small blind 10
_SKR posts big blind 20
Dealt to _SKR [7s 7h]
*** PRE-FLOP *** 
pacman78 folds
Guessmymind raises 20 to 40
_SKR raises 138 to 178 and is all-in
Guessmymind calls 138
*** FLOP *** [Kd 5c Th]
*** TURN *** [Kd 5c Th][2h]
*** RIVER *** [Kd 5c Th 2h][Tc]
*** SHOW DOWN ***
Guessmymind shows [3h Qh] (One pair : Tens)
_SKR shows [7s 7h] (Two pairs : Tens and 7)
_SKR collected 356 from pot
*** SUMMARY ***
Total pot 356 | No rake
Board: [Kd 5c Th 2h Tc]
Seat 1: Guessmymind (small blind) showed [3h Qh] and lost with One pair : Tens
Seat 2: _SKR (big blind) showed [7s 7h] and won 356 with Two pairs : Tens and 7


Winamax Poker - Tournament "Expresso Nitro" buyIn: 1.86€ + 0.14€ level: 2 - HandId: #2696842954802200577-7-1675100355 - Holdem no limit (15/30) - 2023/01/30 17:39:15 UTC
Table: 'Expresso Nitro(627907681)#0' 3-max (real money) Seat #1 is the button
Seat 1: Guessmymind (82)
Seat 2: _SKR (356)
Seat 3: pacman78 (462)
*** ANTE/BLINDS ***
_SKR posts small blind 15
pacman78 posts big blind 30
Dealt to _SKR [8s Ad]
*** PRE-FLOP *** 
Guessmymind raises 52 to 82 and is all-in
_SKR raises 274 to 356 and is all-in
pacman78 folds
*** FLOP *** [8d Jh As]
*** TURN *** [8d Jh As][Jd]
*** RIVER *** [8d Jh As Jd][5s]
*** SHOW DOWN ***
Guessmymind shows [Ts 4c] (One pair : Jacks)
_SKR shows [8s Ad] (Two pairs : Aces and Jacks)
_SKR collected 468 from pot
*** SUMMARY ***
Total pot 468 | No rake
Board: [8d Jh As Jd 5s]
Seat 1: Guessmymind (button) showed [Ts 4c] and lost with One pair : Jacks
Seat 2: _SKR (small blind) showed [8s Ad] and won 468 with Two pairs : Aces and Jacks


Winamax Poker - Tournament "Expresso Nitro" buyIn: 1.86€ + 0.14€ level: 2 - HandId: #2696842954802200577-8-1675100369 - Holdem no limit (15/30) - 2023/01/30 17:39:29 UTC
Table: 'Expresso Nitro(627907681)#0' 3-max (real money) Seat #3 is the button
Seat 2: _SKR (468)
Seat 3: pacman78 (432)
*** ANTE/BLINDS ***
pacman78 posts small blind 15
_SKR posts big blind 30
Dealt to _SKR [Qc 2d]
*** PRE-FLOP *** 
pacman78 raises 30 to 60
_SKR folds
pacman78 collected 90 from pot
*** SUMMARY ***
Total pot 90 | No rake
Seat 3: pacman78 (small blind) (button) won 90


Winamax Poker - Tournament "Expresso Nitro" buyIn: 1.86€ + 0.14€ level: 2 - HandId: #2696842954802200577-9-1675100376 - Holdem no limit (15/30) - 2023/01/30 17:39:36 UTC
Table: 'Expresso Nitro(627907681)#0' 3-max (real money) Seat #2 is the button
Seat 2: _SKR (438)
Seat 3: pacman78 (462)
*** ANTE/BLINDS ***
_SKR posts small blind 15
pacman78 posts big blind 30
Dealt to _SKR [2h 3d]
*** PRE-FLOP *** 
_SKR folds
pacman78 collected 45 from pot
*** SUMMARY ***
Total pot 45 | No rake
Seat 3: pacman78 (big blind) won 45


Winamax Poker - Tournament "Expresso Nitro" buyIn: 1.86€ + 0.14€ level: 2 - HandId: #2696842954802200577-10-1675100379 - Holdem no limit (15/30) - 2023/01/30 17:39:39 UTC
Table: 'Expresso Nitro(627907681)#0' 3-max (real money) Seat #3 is the button
Seat 2: _SKR (423)
Seat 3: pacman78 (477)
*** ANTE/BLINDS ***
pacman78 posts small blind 15
_SKR posts big blind 30
Dealt to _SKR [4h 2d]
*** PRE-FLOP *** 
pacman78 raises 30 to 60
_SKR folds
pacman78 collected 90 from pot
*** SUMMARY ***
Total pot 90 | No rake
Seat 3: pacman78 (small blind) (button) won 90


Winamax Poker - Tournament "Expresso Nitro" buyIn: 1.86€ + 0.14€ level: 2 - HandId: #2696842954802200577-11-1675100386 - Holdem no limit (15/30) - 2023/01/30 17:39:46 UTC
Table: 'Expresso Nitro(627907681)#0' 3-max (real money) Seat #2 is the button
Seat 2: _SKR (393)
Seat 3: pacman78 (507)
*** ANTE/BLINDS ***
_SKR posts small blind 15
pacman78 posts big blind 30
Dealt to _SKR [Td Kh]
*** PRE-FLOP *** 
_SKR raises 363 to 393 and is all-in
pacman78 folds
_SKR collected 423 from pot
*** SUMMARY ***
Total pot 423 | No rake
Seat 2: _SKR (small blind) (button) won 423


Winamax Poker - Tournament "Expresso Nitro" buyIn: 1.86€ + 0.14€ level: 2 - HandId: #2696842954802200577-12-1675100396 - Holdem no limit (15/30) - 2023/01/30 17:39:56 UTC
Table: 'Expresso Nitro(627907681)#0' 3-max (real money) Seat #3 is the button
Seat 2: _SKR (423)
Seat 3: pacman78 (477)
*** ANTE/BLINDS ***
pacman78 posts small blind 15
_SKR posts big blind 30
Dealt to _SKR [Jd Kd]
*** PRE-FLOP *** 
pacman78 folds
_SKR collected 45 from pot
*** SUMMARY ***
Total pot 45 | No rake
Seat 2: _SKR (big blind) won 45


Winamax Poker - Tournament "Expresso Nitro" buyIn: 1.86€ + 0.14€ level: 3 - HandId: #2696842954802200577-13-1675100400 - Holdem no limit (20/40) - 2023/01/30 17:40:00 UTC
Table: 'Expresso Nitro(627907681)#0' 3-max (real money) Seat #2 is the button
Seat 2: _SKR (438)
Seat 3: pacman78 (462)
*** ANTE/BLINDS ***
_SKR posts small blind 20
pacman78 posts big blind 40
Dealt to _SKR [5h Kd]
*** PRE-FLOP *** 
_SKR folds
pacman78 collected 60 from pot
*** SUMMARY ***
Total pot 60 | No rake
Seat 3: pacman78 (big blind) won 60


Winamax Poker - Tournament "Expresso Nitro" buyIn: 1.86€ + 0.14€ level: 3 - HandId: #2696842954802200577-14-1675100405 - Holdem no limit (20/40) - 2023/01/30 17:40:05 UTC
Table: 'Expresso Nitro(627907681)#0' 3-max (real money) Seat #3 is the button
Seat 2: _SKR (418)
Seat 3: pacman78 (482)
*** ANTE/BLINDS ***
pacman78 posts small blind 20
_SKR posts big blind 40
Dealt to _SKR [Ks 4h]
*** PRE-FLOP *** 
pacman78 raises 40 to 80
_SKR folds
pacman78 collected 120 from pot
*** SUMMARY ***
Total pot 120 | No rake
Seat 3: pacman78 (small blind) (button) won 120


Winamax Poker - Tournament "Expresso Nitro" buyIn: 1.86€ + 0.14€ level: 3 - HandId: #2696842954802200577-15-1675100411 - Holdem no limit (20/40) - 2023/01/30 17:40:11 UTC
Table: 'Expresso Nitro(627907681)#0' 3-max (real money) Seat #2 is the button
Seat 2: _SKR (378)
Seat 3: pacman78 (522)
*** ANTE/BLINDS ***
_SKR posts small blind 20
pacman78 posts big blind 40
Dealt to _SKR [5h Ad]
*** PRE-FLOP *** 
_SKR raises 338 to 378 and is all-in
pacman78 folds
_SKR collected 418 from pot
*** SUMMARY ***
Total pot 418 | No rake
Seat 2: _SKR (small blind) (button) won 418


Winamax Poker - Tournament "Expresso Nitro" buyIn: 1.86€ + 0.14€ level: 3 - HandId: #2696842954802200577-16-1675100419 - Holdem no limit (20/40) - 2023/01/30 17:40:19 UTC
Table: 'Expresso Nitro(627907681)#0' 3-max (real money) Seat #3 is the button
Seat 2: _SKR (418)
Seat 3: pacman78 (482)
*** ANTE/BLINDS ***
pacman78 posts small blind 20
_SKR posts big blind 40
Dealt to _SKR [2d 8c]
*** PRE-FLOP *** 
pacman78 raises 60 to 100
_SKR folds
pacman78 collected 140 from pot
*** SUMMARY ***
Total pot 140 | No rake
Seat 3: pacman78 (small blind) (button) won 140


Winamax Poker - Tournament "Expresso Nitro" buyIn: 1.86€ + 0.14€ level: 3 - HandId: #2696842954802200577-17-1675100431 - Holdem no limit (20/40) - 2023/01/30 17:40:31 UTC
Table: 'Expresso Nitro(627907681)#0' 3-max (real money) Seat #2 is the button
Seat 2: _SKR (378)
Seat 3: pacman78 (522)
*** ANTE/BLINDS ***
_SKR posts small blind 20
pacman78 posts big blind 40
Dealt to _SKR [9d 5d]
*** PRE-FLOP *** 
_SKR folds
pacman78 collected 60 from pot
*** SUMMARY ***
Total pot 60 | No rake
Seat 3: pacman78 (big blind) won 60


Winamax Poker - Tournament "Expresso Nitro" buyIn: 1.86€ + 0.14€ level: 3 - HandId: #2696842954802200577-18-1675100435 - Holdem no limit (20/40) - 2023/01/30 17:40:35 UTC
Table: 'Expresso Nitro(627907681)#0' 3-max (real money) Seat #3 is the button
Seat 2: _SKR (358)
Seat 3: pacman78 (542)
*** ANTE/BLINDS ***
pacman78 posts small blind 20
_SKR posts big blind 40
Dealt to _SKR [Ad 6c]
*** PRE-FLOP *** 
pacman78 raises 60 to 100
_SKR raises 258 to 358 and is all-in
pacman78 calls 258
*** FLOP *** [6s 7c 5c]
*** TURN *** [6s 7c 5c][Qd]
*** RIVER *** [6s 7c 5c Qd][5h]
*** SHOW DOWN ***
_SKR shows [Ad 6c] (Two pairs : 6 and 5)
pacman78 shows [8d 8c] (Two pairs : 8 and 5)
pacman78 collected 716 from pot
*** SUMMARY ***
Total pot 716 | No rake
Board: [6s 7c 5c Qd 5h]
Seat 2: _SKR (big blind) showed [Ad 6c] and lost with Two pairs : 6 and 5
Seat 3: pacman78 (small blind) (button) showed [8d 8c] and won 716 with Two pairs : 8 and 5


