Winamax Poker - Tournament "Expresso Nitro" buyIn: 0.93€ + 0.07€ level: 1 - HandId: #2671035041781383169-1-1673527745 - Holdem no limit (10/20) - 2023/01/12 12:49:05 UTC
Table: 'Expresso Nitro(621898808)#0' 3-max (real money) Seat #1 is the button
Seat 1: -HOTSAUCE- (300)
Seat 2: Escorpio8 (300)
Seat 3: _SKR (300)
*** ANTE/BLINDS ***
Escorpio8 posts small blind 10
_SKR posts big blind 20
Dealt to _SKR [Qh 8c]
*** PRE-FLOP *** 
-HOTSAUCE- calls 20
Escorpio8 folds
_SKR checks
*** FLOP *** [Kd Jc 4d]
_SKR checks
-HOTSAUCE- bets 33
_SKR folds
-HOTSAUCE- collected 83 from pot
*** SUMMARY ***
Total pot 83 | No rake
Board: [Kd Jc 4d]
Seat 1: -HOTSAUCE- (button) won 83


Winamax Poker - Tournament "Expresso Nitro" buyIn: 0.93€ + 0.07€ level: 1 - HandId: #2671035041781383169-2-1673527766 - Holdem no limit (10/20) - 2023/01/12 12:49:26 UTC
Table: 'Expresso Nitro(621898808)#0' 3-max (real money) Seat #2 is the button
Seat 1: -HOTSAUCE- (330)
Seat 2: Escorpio8 (290)
Seat 3: _SKR (280)
*** ANTE/BLINDS ***
_SKR posts small blind 10
-HOTSAUCE- posts big blind 20
Dealt to _SKR [Js 3c]
*** PRE-FLOP *** 
Escorpio8 raises 20 to 40
_SKR folds
-HOTSAUCE- calls 20
*** FLOP *** [Kc 3h 6d]
-HOTSAUCE- checks
Escorpio8 bets 90
-HOTSAUCE- raises 200 to 290 and is all-in
Escorpio8 folds
-HOTSAUCE- collected 470 from pot
*** SUMMARY ***
Total pot 470 | No rake
Board: [Kc 3h 6d]
Seat 1: -HOTSAUCE- (big blind) won 470


Winamax Poker - Tournament "Expresso Nitro" buyIn: 0.93€ + 0.07€ level: 1 - HandId: #2671035041781383169-3-1673527796 - Holdem no limit (10/20) - 2023/01/12 12:49:56 UTC
Table: 'Expresso Nitro(621898808)#0' 3-max (real money) Seat #3 is the button
Seat 1: -HOTSAUCE- (470)
Seat 2: Escorpio8 (160)
Seat 3: _SKR (270)
*** ANTE/BLINDS ***
-HOTSAUCE- posts small blind 10
Escorpio8 posts big blind 20
Dealt to _SKR [6c 7s]
*** PRE-FLOP *** 
_SKR folds
-HOTSAUCE- raises 40 to 60
Escorpio8 raises 100 to 160 and is all-in
-HOTSAUCE- calls 100
*** FLOP *** [5d 3c Th]
*** TURN *** [5d 3c Th][7c]
*** RIVER *** [5d 3c Th 7c][6s]
*** SHOW DOWN ***
Escorpio8 shows [Jh 9d] (High card : Jack)
-HOTSAUCE- shows [5h 5s] (Trips of 5)
-HOTSAUCE- collected 320 from pot
*** SUMMARY ***
Total pot 320 | No rake
Board: [5d 3c Th 7c 6s]
Seat 1: -HOTSAUCE- (small blind) showed [5h 5s] and won 320 with Trips of 5
Seat 2: Escorpio8 (big blind) showed [Jh 9d] and lost with High card : Jack


Winamax Poker - Tournament "Expresso Nitro" buyIn: 0.93€ + 0.07€ level: 2 - HandId: #2671035041781383169-4-1673527817 - Holdem no limit (15/30) - 2023/01/12 12:50:17 UTC
Table: 'Expresso Nitro(621898808)#0' 3-max (real money) Seat #3 is the button
Seat 1: -HOTSAUCE- (630)
Seat 3: _SKR (270)
*** ANTE/BLINDS ***
_SKR posts small blind 15
-HOTSAUCE- posts big blind 30
Dealt to _SKR [4h Ts]
*** PRE-FLOP *** 
_SKR folds
-HOTSAUCE- collected 45 from pot
*** SUMMARY ***
Total pot 45 | No rake
Seat 1: -HOTSAUCE- (big blind) won 45


Winamax Poker - Tournament "Expresso Nitro" buyIn: 0.93€ + 0.07€ level: 2 - HandId: #2671035041781383169-5-1673527820 - Holdem no limit (15/30) - 2023/01/12 12:50:20 UTC
Table: 'Expresso Nitro(621898808)#0' 3-max (real money) Seat #1 is the button
Seat 1: -HOTSAUCE- (645)
Seat 3: _SKR (255)
*** ANTE/BLINDS ***
-HOTSAUCE- posts small blind 15
_SKR posts big blind 30
Dealt to _SKR [7h Jc]
*** PRE-FLOP *** 
-HOTSAUCE- folds
_SKR collected 45 from pot
*** SUMMARY ***
Total pot 45 | No rake
Seat 3: _SKR (big blind) won 45


Winamax Poker - Tournament "Expresso Nitro" buyIn: 0.93€ + 0.07€ level: 2 - HandId: #2671035041781383169-6-1673527827 - Holdem no limit (15/30) - 2023/01/12 12:50:27 UTC
Table: 'Expresso Nitro(621898808)#0' 3-max (real money) Seat #3 is the button
Seat 1: -HOTSAUCE- (630)
Seat 3: _SKR (270)
*** ANTE/BLINDS ***
_SKR posts small blind 15
-HOTSAUCE- posts big blind 30
Dealt to _SKR [6h 7c]
*** PRE-FLOP *** 
_SKR calls 15
-HOTSAUCE- raises 45 to 75
_SKR folds
-HOTSAUCE- collected 105 from pot
*** SUMMARY ***
Total pot 105 | No rake
Seat 1: -HOTSAUCE- (big blind) won 105


Winamax Poker - Tournament "Expresso Nitro" buyIn: 0.93€ + 0.07€ level: 2 - HandId: #2671035041781383169-7-1673527847 - Holdem no limit (15/30) - 2023/01/12 12:50:47 UTC
Table: 'Expresso Nitro(621898808)#0' 3-max (real money) Seat #1 is the button
Seat 1: -HOTSAUCE- (660)
Seat 3: _SKR (240)
*** ANTE/BLINDS ***
-HOTSAUCE- posts small blind 15
_SKR posts big blind 30
Dealt to _SKR [9h 9c]
*** PRE-FLOP *** 
-HOTSAUCE- calls 15
_SKR raises 210 to 240 and is all-in
-HOTSAUCE- folds
_SKR collected 270 from pot
*** SUMMARY ***
Total pot 270 | No rake
Seat 3: _SKR (big blind) won 270


Winamax Poker - Tournament "Expresso Nitro" buyIn: 0.93€ + 0.07€ level: 2 - HandId: #2671035041781383169-8-1673527857 - Holdem no limit (15/30) - 2023/01/12 12:50:57 UTC
Table: 'Expresso Nitro(621898808)#0' 3-max (real money) Seat #3 is the button
Seat 1: -HOTSAUCE- (630)
Seat 3: _SKR (270)
*** ANTE/BLINDS ***
_SKR posts small blind 15
-HOTSAUCE- posts big blind 30
Dealt to _SKR [5s 3h]
*** PRE-FLOP *** 
_SKR folds
-HOTSAUCE- collected 45 from pot
*** SUMMARY ***
Total pot 45 | No rake
Seat 1: -HOTSAUCE- (big blind) won 45


Winamax Poker - Tournament "Expresso Nitro" buyIn: 0.93€ + 0.07€ level: 3 - HandId: #2671035041781383169-9-1673527862 - Holdem no limit (20/40) - 2023/01/12 12:51:02 UTC
Table: 'Expresso Nitro(621898808)#0' 3-max (real money) Seat #1 is the button
Seat 1: -HOTSAUCE- (645)
Seat 3: _SKR (255)
*** ANTE/BLINDS ***
-HOTSAUCE- posts small blind 20
_SKR posts big blind 40
Dealt to _SKR [8d As]
*** PRE-FLOP *** 
-HOTSAUCE- raises 60 to 100
_SKR raises 155 to 255 and is all-in
-HOTSAUCE- calls 155
*** FLOP *** [3h Kh Ah]
*** TURN *** [3h Kh Ah][Kd]
*** RIVER *** [3h Kh Ah Kd][Tc]
*** SHOW DOWN ***
_SKR shows [8d As] (Two pairs : Aces and Kings)
-HOTSAUCE- shows [Qc Ac] (Two pairs : Aces and Kings)
-HOTSAUCE- collected 510 from pot
*** SUMMARY ***
Total pot 510 | No rake
Board: [3h Kh Ah Kd Tc]
Seat 1: -HOTSAUCE- (small blind) (button) showed [Qc Ac] and won 510 with Two pairs : Aces and Kings
Seat 3: _SKR (big blind) showed [8d As] and lost with Two pairs : Aces and Kings


