Winamax Poker - Tournament "Expresso Nitro" buyIn: 0.93€ + 0.07€ level: 1 - HandId: #2717880391812775937-1-1676238664 - Holdem no limit (10/20) - 2023/02/12 21:51:04 UTC
Table: 'Expresso Nitro(632805841)#0' 3-max (real money) Seat #1 is the button
Seat 1: _SKR (300)
Seat 2: -Swampy06- (300)
Seat 3: Ianfish (300)
*** ANTE/BLINDS ***
-Swampy06- posts small blind 10
Ianfish posts big blind 20
Dealt to _SKR [6h Kc]
*** PRE-FLOP *** 
_SKR folds
-Swampy06- calls 10
Ianfish raises 280 to 300 and is all-in
-Swampy06- folds
Ianfish collected 320 from pot
*** SUMMARY ***
Total pot 320 | No rake
Seat 3: Ianfish (big blind) won 320


Winamax Poker - Tournament "Expresso Nitro" buyIn: 0.93€ + 0.07€ level: 1 - HandId: #2717880391812775937-2-1676238676 - Holdem no limit (10/20) - 2023/02/12 21:51:16 UTC
Table: 'Expresso Nitro(632805841)#0' 3-max (real money) Seat #2 is the button
Seat 1: _SKR (300)
Seat 2: -Swampy06- (280)
Seat 3: Ianfish (320)
*** ANTE/BLINDS ***
Ianfish posts small blind 10
_SKR posts big blind 20
Dealt to _SKR [2c 2d]
*** PRE-FLOP *** 
-Swampy06- folds
Ianfish raises 20 to 40
_SKR raises 260 to 300 and is all-in
Ianfish folds
_SKR collected 340 from pot
*** SUMMARY ***
Total pot 340 | No rake
Seat 1: _SKR (big blind) won 340


Winamax Poker - Tournament "Expresso Nitro" buyIn: 0.93€ + 0.07€ level: 1 - HandId: #2717880391812775937-3-1676238684 - Holdem no limit (10/20) - 2023/02/12 21:51:24 UTC
Table: 'Expresso Nitro(632805841)#0' 3-max (real money) Seat #3 is the button
Seat 1: _SKR (340)
Seat 2: -Swampy06- (280)
Seat 3: Ianfish (280)
*** ANTE/BLINDS ***
_SKR posts small blind 10
-Swampy06- posts big blind 20
Dealt to _SKR [Qc 9c]
*** PRE-FLOP *** 
Ianfish raises 260 to 280 and is all-in
_SKR folds
-Swampy06- folds
Ianfish collected 310 from pot
*** SUMMARY ***
Total pot 310 | No rake
Seat 3: Ianfish (button) won 310


Winamax Poker - Tournament "Expresso Nitro" buyIn: 0.93€ + 0.07€ level: 1 - HandId: #2717880391812775937-4-1676238694 - Holdem no limit (10/20) - 2023/02/12 21:51:34 UTC
Table: 'Expresso Nitro(632805841)#0' 3-max (real money) Seat #1 is the button
Seat 1: _SKR (330)
Seat 2: -Swampy06- (260)
Seat 3: Ianfish (310)
*** ANTE/BLINDS ***
-Swampy06- posts small blind 10
Ianfish posts big blind 20
Dealt to _SKR [2c 3d]
*** PRE-FLOP *** 
_SKR folds
-Swampy06- raises 240 to 260 and is all-in
Ianfish folds
-Swampy06- collected 280 from pot
*** SUMMARY ***
Total pot 280 | No rake
Seat 2: -Swampy06- (small blind) won 280


Winamax Poker - Tournament "Expresso Nitro" buyIn: 0.93€ + 0.07€ level: 1 - HandId: #2717880391812775937-5-1676238705 - Holdem no limit (10/20) - 2023/02/12 21:51:45 UTC
Table: 'Expresso Nitro(632805841)#0' 3-max (real money) Seat #2 is the button
Seat 1: _SKR (330)
Seat 2: -Swampy06- (280)
Seat 3: Ianfish (290)
*** ANTE/BLINDS ***
Ianfish posts small blind 10
_SKR posts big blind 20
Dealt to _SKR [8c 3c]
*** PRE-FLOP *** 
-Swampy06- raises 20 to 40
Ianfish folds
_SKR folds
-Swampy06- collected 70 from pot
*** SUMMARY ***
Total pot 70 | No rake
Seat 2: -Swampy06- (button) won 70


Winamax Poker - Tournament "Expresso Nitro" buyIn: 0.93€ + 0.07€ level: 1 - HandId: #2717880391812775937-6-1676238712 - Holdem no limit (10/20) - 2023/02/12 21:51:52 UTC
Table: 'Expresso Nitro(632805841)#0' 3-max (real money) Seat #3 is the button
Seat 1: _SKR (310)
Seat 2: -Swampy06- (310)
Seat 3: Ianfish (280)
*** ANTE/BLINDS ***
_SKR posts small blind 10
-Swampy06- posts big blind 20
Dealt to _SKR [3h 7h]
*** PRE-FLOP *** 
Ianfish folds
_SKR folds
-Swampy06- collected 30 from pot
*** SUMMARY ***
Total pot 30 | No rake
Seat 2: -Swampy06- (big blind) won 30


Winamax Poker - Tournament "Expresso Nitro" buyIn: 0.93€ + 0.07€ level: 1 - HandId: #2717880391812775937-7-1676238717 - Holdem no limit (10/20) - 2023/02/12 21:51:57 UTC
Table: 'Expresso Nitro(632805841)#0' 3-max (real money) Seat #1 is the button
Seat 1: _SKR (300)
Seat 2: -Swampy06- (320)
Seat 3: Ianfish (280)
*** ANTE/BLINDS ***
-Swampy06- posts small blind 10
Ianfish posts big blind 20
Dealt to _SKR [Qs 6h]
*** PRE-FLOP *** 
_SKR folds
-Swampy06- calls 10
Ianfish checks
*** FLOP *** [5d Ts Ah]
-Swampy06- checks
Ianfish checks
*** TURN *** [5d Ts Ah][3c]
-Swampy06- checks
Ianfish checks
*** RIVER *** [5d Ts Ah 3c][5h]
-Swampy06- bets 30
Ianfish folds
-Swampy06- collected 70 from pot
*** SUMMARY ***
Total pot 70 | No rake
Board: [5d Ts Ah 3c 5h]
Seat 2: -Swampy06- (small blind) won 70


Winamax Poker - Tournament "Expresso Nitro" buyIn: 0.93€ + 0.07€ level: 2 - HandId: #2717880391812775937-8-1676238752 - Holdem no limit (15/30) - 2023/02/12 21:52:32 UTC
Table: 'Expresso Nitro(632805841)#0' 3-max (real money) Seat #2 is the button
Seat 1: _SKR (300)
Seat 2: -Swampy06- (340)
Seat 3: Ianfish (260)
*** ANTE/BLINDS ***
Ianfish posts small blind 15
_SKR posts big blind 30
Dealt to _SKR [2d Js]
*** PRE-FLOP *** 
-Swampy06- folds
Ianfish raises 230 to 260 and is all-in
_SKR folds
Ianfish collected 290 from pot
*** SUMMARY ***
Total pot 290 | No rake
Seat 3: Ianfish (small blind) won 290


Winamax Poker - Tournament "Expresso Nitro" buyIn: 0.93€ + 0.07€ level: 2 - HandId: #2717880391812775937-9-1676238759 - Holdem no limit (15/30) - 2023/02/12 21:52:39 UTC
Table: 'Expresso Nitro(632805841)#0' 3-max (real money) Seat #3 is the button
Seat 1: _SKR (270)
Seat 2: -Swampy06- (340)
Seat 3: Ianfish (290)
*** ANTE/BLINDS ***
_SKR posts small blind 15
-Swampy06- posts big blind 30
Dealt to _SKR [5s Jc]
*** PRE-FLOP *** 
Ianfish raises 260 to 290 and is all-in
_SKR folds
-Swampy06- folds
Ianfish collected 335 from pot
*** SUMMARY ***
Total pot 335 | No rake
Seat 3: Ianfish (button) won 335


Winamax Poker - Tournament "Expresso Nitro" buyIn: 0.93€ + 0.07€ level: 2 - HandId: #2717880391812775937-10-1676238768 - Holdem no limit (15/30) - 2023/02/12 21:52:48 UTC
Table: 'Expresso Nitro(632805841)#0' 3-max (real money) Seat #1 is the button
Seat 1: _SKR (255)
Seat 2: -Swampy06- (310)
Seat 3: Ianfish (335)
*** ANTE/BLINDS ***
-Swampy06- posts small blind 15
Ianfish posts big blind 30
Dealt to _SKR [8h Qs]
*** PRE-FLOP *** 
_SKR folds
-Swampy06- folds
Ianfish collected 45 from pot
*** SUMMARY ***
Total pot 45 | No rake
Seat 3: Ianfish (big blind) won 45


Winamax Poker - Tournament "Expresso Nitro" buyIn: 0.93€ + 0.07€ level: 2 - HandId: #2717880391812775937-11-1676238778 - Holdem no limit (15/30) - 2023/02/12 21:52:58 UTC
Table: 'Expresso Nitro(632805841)#0' 3-max (real money) Seat #2 is the button
Seat 1: _SKR (255)
Seat 2: -Swampy06- (295)
Seat 3: Ianfish (350)
*** ANTE/BLINDS ***
Ianfish posts small blind 15
_SKR posts big blind 30
Dealt to _SKR [Jh Td]
*** PRE-FLOP *** 
-Swampy06- raises 265 to 295 and is all-in
Ianfish folds
_SKR folds
-Swampy06- collected 340 from pot
*** SUMMARY ***
Total pot 340 | No rake
Seat 2: -Swampy06- (button) won 340


Winamax Poker - Tournament "Expresso Nitro" buyIn: 0.93€ + 0.07€ level: 3 - HandId: #2717880391812775937-12-1676238805 - Holdem no limit (20/40) - 2023/02/12 21:53:25 UTC
Table: 'Expresso Nitro(632805841)#0' 3-max (real money) Seat #3 is the button
Seat 1: _SKR (225)
Seat 2: -Swampy06- (340)
Seat 3: Ianfish (335)
*** ANTE/BLINDS ***
_SKR posts small blind 20
-Swampy06- posts big blind 40
Dealt to _SKR [Ks Qc]
*** PRE-FLOP *** 
Ianfish raises 295 to 335 and is all-in
_SKR calls 205 and is all-in
-Swampy06- folds
*** FLOP *** [Jc 6h 5c]
*** TURN *** [Jc 6h 5c][5d]
*** RIVER *** [Jc 6h 5c 5d][4d]
*** SHOW DOWN ***
_SKR shows [Ks Qc] (One pair : 5)
Ianfish shows [6s Ad] (Two pairs : 6 and 5)
Ianfish collected 600 from pot
*** SUMMARY ***
Total pot 600 | No rake
Board: [Jc 6h 5c 5d 4d]
Seat 1: _SKR (small blind) showed [Ks Qc] and lost with One pair : 5
Seat 3: Ianfish (button) showed [6s Ad] and won 600 with Two pairs : 6 and 5


