Winamax Poker - Tournament "Expresso Nitro" buyIn: 1.86€ + 0.14€ level: 1 - HandId: #2698080291930505217-1-1675179622 - Holdem no limit (10/20) - 2023/01/31 15:40:22 UTC
Table: 'Expresso Nitro(628195771)#0' 3-max (real money) Seat #1 is the button
Seat 1: _SKR (300)
Seat 2: Tiipii (300)
Seat 3: Scam4win (300)
*** ANTE/BLINDS ***
Tiipii posts small blind 10
Scam4win posts big blind 20
Dealt to _SKR [Js 4c]
*** PRE-FLOP *** 
_SKR folds
Tiipii calls 10
Scam4win checks
*** FLOP *** [Th 5s Jd]
Tiipii checks
Scam4win checks
*** TURN *** [Th 5s Jd][6d]
Tiipii checks
Scam4win checks
*** RIVER *** [Th 5s Jd 6d][Jc]
Tiipii checks
Scam4win checks
*** SHOW DOWN ***
Tiipii shows [4s Qd] (One pair : Jacks)
Scam4win shows [Qh 2h] (One pair : Jacks)
Scam4win collected 20 from pot
Tiipii collected 20 from pot
*** SUMMARY ***
Total pot 40 | No rake
Board: [Th 5s Jd 6d Jc]
Seat 2: Tiipii (small blind) showed [4s Qd] and won 20 with One pair : Jacks
Seat 3: Scam4win (big blind) showed [Qh 2h] and won 20 with One pair : Jacks


Winamax Poker - Tournament "Expresso Nitro" buyIn: 1.86€ + 0.14€ level: 2 - HandId: #2698080291930505217-2-1675179682 - Holdem no limit (15/30) - 2023/01/31 15:41:22 UTC
Table: 'Expresso Nitro(628195771)#0' 3-max (real money) Seat #2 is the button
Seat 1: _SKR (300)
Seat 2: Tiipii (300)
Seat 3: Scam4win (300)
*** ANTE/BLINDS ***
Scam4win posts small blind 15
_SKR posts big blind 30
Dealt to _SKR [3h Qh]
*** PRE-FLOP *** 
Tiipii folds
Scam4win folds
_SKR collected 45 from pot
*** SUMMARY ***
Total pot 45 | No rake
Seat 1: _SKR (big blind) won 45


Winamax Poker - Tournament "Expresso Nitro" buyIn: 1.86€ + 0.14€ level: 2 - HandId: #2698080291930505217-3-1675179691 - Holdem no limit (15/30) - 2023/01/31 15:41:31 UTC
Table: 'Expresso Nitro(628195771)#0' 3-max (real money) Seat #3 is the button
Seat 1: _SKR (315)
Seat 2: Tiipii (300)
Seat 3: Scam4win (285)
*** ANTE/BLINDS ***
_SKR posts small blind 15
Tiipii posts big blind 30
Dealt to _SKR [Qc 2s]
*** PRE-FLOP *** 
Scam4win folds
_SKR folds
Tiipii collected 45 from pot
*** SUMMARY ***
Total pot 45 | No rake
Seat 2: Tiipii (big blind) won 45


Winamax Poker - Tournament "Expresso Nitro" buyIn: 1.86€ + 0.14€ level: 2 - HandId: #2698080291930505217-4-1675179703 - Holdem no limit (15/30) - 2023/01/31 15:41:43 UTC
Table: 'Expresso Nitro(628195771)#0' 3-max (real money) Seat #1 is the button
Seat 1: _SKR (300)
Seat 2: Tiipii (315)
Seat 3: Scam4win (285)
*** ANTE/BLINDS ***
Tiipii posts small blind 15
Scam4win posts big blind 30
Dealt to _SKR [2s Tc]
*** PRE-FLOP *** 
_SKR folds
Tiipii calls 15
Scam4win raises 255 to 285 and is all-in
Tiipii folds
Scam4win collected 315 from pot
*** SUMMARY ***
Total pot 315 | No rake
Seat 3: Scam4win (big blind) won 315


Winamax Poker - Tournament "Expresso Nitro" buyIn: 1.86€ + 0.14€ level: 2 - HandId: #2698080291930505217-5-1675179714 - Holdem no limit (15/30) - 2023/01/31 15:41:54 UTC
Table: 'Expresso Nitro(628195771)#0' 3-max (real money) Seat #2 is the button
Seat 1: _SKR (300)
Seat 2: Tiipii (285)
Seat 3: Scam4win (315)
*** ANTE/BLINDS ***
Scam4win posts small blind 15
_SKR posts big blind 30
Dealt to _SKR [3h 3d]
*** PRE-FLOP *** 
Tiipii folds
Scam4win raises 285 to 315 and is all-in
_SKR calls 270 and is all-in
*** FLOP *** [Kc 7c 2c]
*** TURN *** [Kc 7c 2c][6d]
*** RIVER *** [Kc 7c 2c 6d][Qc]
*** SHOW DOWN ***
_SKR shows [3h 3d] (One pair : 3)
Scam4win shows [4h As] (High card : Ace)
Scam4win collected 15 from side pot 1
_SKR collected 600 from main pot
*** SUMMARY ***
Total pot 615 | No rake
Board: [Kc 7c 2c 6d Qc]
Seat 1: _SKR (big blind) showed [3h 3d] and won 600 with One pair : 3
Seat 3: Scam4win (small blind) showed [4h As] and won 15 with High card : Ace


Winamax Poker - Tournament "Expresso Nitro" buyIn: 1.86€ + 0.14€ level: 2 - HandId: #2698080291930505217-6-1675179729 - Holdem no limit (15/30) - 2023/01/31 15:42:09 UTC
Table: 'Expresso Nitro(628195771)#0' 3-max (real money) Seat #3 is the button
Seat 1: _SKR (600)
Seat 2: Tiipii (285)
Seat 3: Scam4win (15)
*** ANTE/BLINDS ***
_SKR posts small blind 15
Tiipii posts big blind 30
Dealt to _SKR [Ac 5c]
*** PRE-FLOP *** 
Scam4win calls 15 and is all-in
_SKR raises 570 to 600 and is all-in
Tiipii folds
*** FLOP *** [9c 5h 4d]
*** TURN *** [9c 5h 4d][Qs]
*** RIVER *** [9c 5h 4d Qs][2h]
*** SHOW DOWN ***
Scam4win shows [2s Jh] (One pair : 2)
_SKR shows [Ac 5c] (One pair : 5)
_SKR collected 645 from pot
*** SUMMARY ***
Total pot 645 | No rake
Board: [9c 5h 4d Qs 2h]
Seat 1: _SKR (small blind) showed [Ac 5c] and won 645 with One pair : 5
Seat 3: Scam4win (button) showed [2s Jh] and lost with One pair : 2


Winamax Poker - Tournament "Expresso Nitro" buyIn: 1.86€ + 0.14€ level: 3 - HandId: #2698080291930505217-7-1675179745 - Holdem no limit (20/40) - 2023/01/31 15:42:25 UTC
Table: 'Expresso Nitro(628195771)#0' 3-max (real money) Seat #2 is the button
Seat 1: _SKR (645)
Seat 2: Tiipii (255)
*** ANTE/BLINDS ***
Tiipii posts small blind 20
_SKR posts big blind 40
Dealt to _SKR [Td 6c]
*** PRE-FLOP *** 
Tiipii raises 215 to 255 and is all-in
_SKR folds
Tiipii collected 295 from pot
*** SUMMARY ***
Total pot 295 | No rake
Seat 2: Tiipii (small blind) (button) won 295


Winamax Poker - Tournament "Expresso Nitro" buyIn: 1.86€ + 0.14€ level: 3 - HandId: #2698080291930505217-8-1675179751 - Holdem no limit (20/40) - 2023/01/31 15:42:31 UTC
Table: 'Expresso Nitro(628195771)#0' 3-max (real money) Seat #1 is the button
Seat 1: _SKR (605)
Seat 2: Tiipii (295)
*** ANTE/BLINDS ***
_SKR posts small blind 20
Tiipii posts big blind 40
Dealt to _SKR [3s Qh]
*** PRE-FLOP *** 
_SKR folds
Tiipii collected 60 from pot
*** SUMMARY ***
Total pot 60 | No rake
Seat 2: Tiipii (big blind) won 60


Winamax Poker - Tournament "Expresso Nitro" buyIn: 1.86€ + 0.14€ level: 3 - HandId: #2698080291930505217-9-1675179755 - Holdem no limit (20/40) - 2023/01/31 15:42:35 UTC
Table: 'Expresso Nitro(628195771)#0' 3-max (real money) Seat #2 is the button
Seat 1: _SKR (585)
Seat 2: Tiipii (315)
*** ANTE/BLINDS ***
Tiipii posts small blind 20
_SKR posts big blind 40
Dealt to _SKR [Qd Jc]
*** PRE-FLOP *** 
Tiipii folds
_SKR collected 60 from pot
*** SUMMARY ***
Total pot 60 | No rake
Seat 1: _SKR (big blind) won 60


Winamax Poker - Tournament "Expresso Nitro" buyIn: 1.86€ + 0.14€ level: 3 - HandId: #2698080291930505217-10-1675179759 - Holdem no limit (20/40) - 2023/01/31 15:42:39 UTC
Table: 'Expresso Nitro(628195771)#0' 3-max (real money) Seat #1 is the button
Seat 1: _SKR (605)
Seat 2: Tiipii (295)
*** ANTE/BLINDS ***
_SKR posts small blind 20
Tiipii posts big blind 40
Dealt to _SKR [4h Qs]
*** PRE-FLOP *** 
_SKR folds
Tiipii collected 60 from pot
*** SUMMARY ***
Total pot 60 | No rake
Seat 2: Tiipii (big blind) won 60


Winamax Poker - Tournament "Expresso Nitro" buyIn: 1.86€ + 0.14€ level: 3 - HandId: #2698080291930505217-11-1675179763 - Holdem no limit (20/40) - 2023/01/31 15:42:43 UTC
Table: 'Expresso Nitro(628195771)#0' 3-max (real money) Seat #2 is the button
Seat 1: _SKR (585)
Seat 2: Tiipii (315)
*** ANTE/BLINDS ***
Tiipii posts small blind 20
_SKR posts big blind 40
Dealt to _SKR [4s Th]
*** PRE-FLOP *** 
Tiipii calls 20
_SKR checks
*** FLOP *** [Kc Ts Ad]
_SKR checks
Tiipii bets 80
_SKR folds
Tiipii collected 160 from pot
*** SUMMARY ***
Total pot 160 | No rake
Board: [Kc Ts Ad]
Seat 2: Tiipii (small blind) (button) won 160


Winamax Poker - Tournament "Expresso Nitro" buyIn: 1.86€ + 0.14€ level: 3 - HandId: #2698080291930505217-12-1675179793 - Holdem no limit (20/40) - 2023/01/31 15:43:13 UTC
Table: 'Expresso Nitro(628195771)#0' 3-max (real money) Seat #1 is the button
Seat 1: _SKR (545)
Seat 2: Tiipii (355)
*** ANTE/BLINDS ***
_SKR posts small blind 20
Tiipii posts big blind 40
Dealt to _SKR [8s 2d]
*** PRE-FLOP *** 
_SKR folds
Tiipii collected 60 from pot
*** SUMMARY ***
Total pot 60 | No rake
Seat 2: Tiipii (big blind) won 60


Winamax Poker - Tournament "Expresso Nitro" buyIn: 1.86€ + 0.14€ level: 3 - HandId: #2698080291930505217-13-1675179796 - Holdem no limit (20/40) - 2023/01/31 15:43:16 UTC
Table: 'Expresso Nitro(628195771)#0' 3-max (real money) Seat #2 is the button
Seat 1: _SKR (525)
Seat 2: Tiipii (375)
*** ANTE/BLINDS ***
Tiipii posts small blind 20
_SKR posts big blind 40
Dealt to _SKR [As 6s]
*** PRE-FLOP *** 
Tiipii calls 20
_SKR raises 485 to 525 and is all-in
Tiipii folds
_SKR collected 565 from pot
*** SUMMARY ***
Total pot 565 | No rake
Seat 1: _SKR (big blind) won 565


Winamax Poker - Tournament "Expresso Nitro" buyIn: 1.86€ + 0.14€ level: 4 - HandId: #2698080291930505217-14-1675179802 - Holdem no limit (30/60) - 2023/01/31 15:43:22 UTC
Table: 'Expresso Nitro(628195771)#0' 3-max (real money) Seat #1 is the button
Seat 1: _SKR (565)
Seat 2: Tiipii (335)
*** ANTE/BLINDS ***
_SKR posts small blind 30
Tiipii posts big blind 60
Dealt to _SKR [5c Qc]
*** PRE-FLOP *** 
_SKR raises 505 to 565 and is all-in
Tiipii folds
_SKR collected 625 from pot
*** SUMMARY ***
Total pot 625 | No rake
Seat 1: _SKR (small blind) (button) won 625


Winamax Poker - Tournament "Expresso Nitro" buyIn: 1.86€ + 0.14€ level: 4 - HandId: #2698080291930505217-15-1675179813 - Holdem no limit (30/60) - 2023/01/31 15:43:33 UTC
Table: 'Expresso Nitro(628195771)#0' 3-max (real money) Seat #2 is the button
Seat 1: _SKR (625)
Seat 2: Tiipii (275)
*** ANTE/BLINDS ***
Tiipii posts small blind 30
_SKR posts big blind 60
Dealt to _SKR [Ah 4s]
*** PRE-FLOP *** 
Tiipii calls 30
_SKR raises 565 to 625 and is all-in
Tiipii calls 215 and is all-in
*** FLOP *** [2c Jc 4d]
*** TURN *** [2c Jc 4d][Kc]
*** RIVER *** [2c Jc 4d Kc][Jh]
*** SHOW DOWN ***
_SKR shows [Ah 4s] (Two pairs : Jacks and 4)
Tiipii shows [Js 7s] (Trips of Jacks)
Tiipii collected 550 from main pot
_SKR collected 350 from side pot 1
*** SUMMARY ***
Total pot 900 | No rake
Board: [2c Jc 4d Kc Jh]
Seat 1: _SKR (big blind) showed [Ah 4s] and won 350 with Two pairs : Jacks and 4
Seat 2: Tiipii (small blind) (button) showed [Js 7s] and won 550 with Trips of Jacks


Winamax Poker - Tournament "Expresso Nitro" buyIn: 1.86€ + 0.14€ level: 4 - HandId: #2698080291930505217-16-1675179829 - Holdem no limit (30/60) - 2023/01/31 15:43:49 UTC
Table: 'Expresso Nitro(628195771)#0' 3-max (real money) Seat #1 is the button
Seat 1: _SKR (350)
Seat 2: Tiipii (550)
*** ANTE/BLINDS ***
_SKR posts small blind 30
Tiipii posts big blind 60
Dealt to _SKR [4s Kd]
*** PRE-FLOP *** 
_SKR raises 290 to 350 and is all-in
Tiipii calls 290
*** FLOP *** [6h Ts 9s]
*** TURN *** [6h Ts 9s][7s]
*** RIVER *** [6h Ts 9s 7s][Qh]
*** SHOW DOWN ***
_SKR shows [4s Kd] (High card : King)
Tiipii shows [9d Ac] (One pair : 9)
Tiipii collected 700 from pot
*** SUMMARY ***
Total pot 700 | No rake
Board: [6h Ts 9s 7s Qh]
Seat 1: _SKR (small blind) (button) showed [4s Kd] and lost with High card : King
Seat 2: Tiipii (big blind) showed [9d Ac] and won 700 with One pair : 9


