Winamax Poker - Tournament "Expresso Nitro" buyIn: 1.86€ + 0.14€ level: 1 - HandId: #2696548633578307585-1-1675086425 - Holdem no limit (10/20) - 2023/01/30 13:47:05 UTC
Table: 'Expresso Nitro(627839154)#0' 3-max (real money) Seat #2 is the button
Seat 1: _SKR (300)
Seat 2: vmax73000 (300)
Seat 3: ronan1313 (300)
*** ANTE/BLINDS ***
ronan1313 posts small blind 10
_SKR posts big blind 20
Dealt to _SKR [8d 3h]
*** PRE-FLOP *** 
vmax73000 calls 20
ronan1313 calls 10
_SKR checks
*** FLOP *** [7c Ad Kd]
ronan1313 bets 39
_SKR folds
vmax73000 folds
ronan1313 collected 99 from pot
*** SUMMARY ***
Total pot 99 | No rake
Board: [7c Ad Kd]
Seat 3: ronan1313 (small blind) won 99


Winamax Poker - Tournament "Expresso Nitro" buyIn: 1.86€ + 0.14€ level: 1 - HandId: #2696548633578307585-2-1675086440 - Holdem no limit (10/20) - 2023/01/30 13:47:20 UTC
Table: 'Expresso Nitro(627839154)#0' 3-max (real money) Seat #3 is the button
Seat 1: _SKR (280)
Seat 2: vmax73000 (280)
Seat 3: ronan1313 (340)
*** ANTE/BLINDS ***
_SKR posts small blind 10
vmax73000 posts big blind 20
Dealt to _SKR [Jh 8c]
*** PRE-FLOP *** 
ronan1313 folds
_SKR calls 10
vmax73000 checks
*** FLOP *** [Kd 6s 6c]
_SKR checks
vmax73000 checks
*** TURN *** [Kd 6s 6c][As]
_SKR checks
vmax73000 checks
*** RIVER *** [Kd 6s 6c As][Ad]
_SKR checks
vmax73000 checks
*** SHOW DOWN ***
_SKR shows [Jh 8c] (Two pairs : Aces and 6)
vmax73000 shows [8d Qd] (Two pairs : Aces and 6)
vmax73000 collected 20 from pot
_SKR collected 20 from pot
*** SUMMARY ***
Total pot 40 | No rake
Board: [Kd 6s 6c As Ad]
Seat 1: _SKR (small blind) showed [Jh 8c] and won 20 with Two pairs : Aces and 6
Seat 2: vmax73000 (big blind) showed [8d Qd] and won 20 with Two pairs : Aces and 6


Winamax Poker - Tournament "Expresso Nitro" buyIn: 1.86€ + 0.14€ level: 1 - HandId: #2696548633578307585-3-1675086458 - Holdem no limit (10/20) - 2023/01/30 13:47:38 UTC
Table: 'Expresso Nitro(627839154)#0' 3-max (real money) Seat #1 is the button
Seat 1: _SKR (280)
Seat 2: vmax73000 (280)
Seat 3: ronan1313 (340)
*** ANTE/BLINDS ***
vmax73000 posts small blind 10
ronan1313 posts big blind 20
Dealt to _SKR [Kc 7c]
*** PRE-FLOP *** 
_SKR raises 20 to 40
vmax73000 folds
ronan1313 calls 20
*** FLOP *** [4c As 8d]
ronan1313 checks
_SKR checks
*** TURN *** [4c As 8d][3s]
ronan1313 bets 59
_SKR folds
ronan1313 collected 149 from pot
*** SUMMARY ***
Total pot 149 | No rake
Board: [4c As 8d 3s]
Seat 3: ronan1313 (big blind) won 149


Winamax Poker - Tournament "Expresso Nitro" buyIn: 1.86€ + 0.14€ level: 2 - HandId: #2696548633578307585-4-1675086491 - Holdem no limit (15/30) - 2023/01/30 13:48:11 UTC
Table: 'Expresso Nitro(627839154)#0' 3-max (real money) Seat #2 is the button
Seat 1: _SKR (240)
Seat 2: vmax73000 (270)
Seat 3: ronan1313 (390)
*** ANTE/BLINDS ***
ronan1313 posts small blind 15
_SKR posts big blind 30
Dealt to _SKR [4c 5d]
*** PRE-FLOP *** 
vmax73000 calls 30
ronan1313 folds
_SKR checks
*** FLOP *** [Qh Ac 9c]
_SKR checks
vmax73000 checks
*** TURN *** [Qh Ac 9c][2h]
_SKR checks
vmax73000 checks
*** RIVER *** [Qh Ac 9c 2h][6d]
_SKR bets 49
vmax73000 folds
_SKR collected 124 from pot
*** SUMMARY ***
Total pot 124 | No rake
Board: [Qh Ac 9c 2h 6d]
Seat 1: _SKR (big blind) won 124


Winamax Poker - Tournament "Expresso Nitro" buyIn: 1.86€ + 0.14€ level: 2 - HandId: #2696548633578307585-5-1675086517 - Holdem no limit (15/30) - 2023/01/30 13:48:37 UTC
Table: 'Expresso Nitro(627839154)#0' 3-max (real money) Seat #3 is the button
Seat 1: _SKR (285)
Seat 2: vmax73000 (240)
Seat 3: ronan1313 (375)
*** ANTE/BLINDS ***
_SKR posts small blind 15
vmax73000 posts big blind 30
Dealt to _SKR [6c Kc]
*** PRE-FLOP *** 
ronan1313 folds
_SKR raises 255 to 285 and is all-in
vmax73000 folds
_SKR collected 315 from pot
*** SUMMARY ***
Total pot 315 | No rake
Seat 1: _SKR (small blind) won 315


Winamax Poker - Tournament "Expresso Nitro" buyIn: 1.86€ + 0.14€ level: 2 - HandId: #2696548633578307585-6-1675086524 - Holdem no limit (15/30) - 2023/01/30 13:48:44 UTC
Table: 'Expresso Nitro(627839154)#0' 3-max (real money) Seat #1 is the button
Seat 1: _SKR (315)
Seat 2: vmax73000 (210)
Seat 3: ronan1313 (375)
*** ANTE/BLINDS ***
vmax73000 posts small blind 15
ronan1313 posts big blind 30
Dealt to _SKR [Qc 2s]
*** PRE-FLOP *** 
_SKR folds
vmax73000 calls 15
ronan1313 checks
*** FLOP *** [8s Th 2c]
vmax73000 bets 39
ronan1313 calls 39
*** TURN *** [8s Th 2c][7h]
vmax73000 bets 141 and is all-in
ronan1313 calls 141
*** RIVER *** [8s Th 2c 7h][3h]
*** SHOW DOWN ***
ronan1313 shows [Js 8d] (One pair : 8)
vmax73000 shows [Ah As] (One pair : Aces)
vmax73000 collected 420 from pot
*** SUMMARY ***
Total pot 420 | No rake
Board: [8s Th 2c 7h 3h]
Seat 2: vmax73000 (small blind) showed [Ah As] and won 420 with One pair : Aces
Seat 3: ronan1313 (big blind) showed [Js 8d] and lost with One pair : 8


Winamax Poker - Tournament "Expresso Nitro" buyIn: 1.86€ + 0.14€ level: 3 - HandId: #2696548633578307585-7-1675086542 - Holdem no limit (20/40) - 2023/01/30 13:49:02 UTC
Table: 'Expresso Nitro(627839154)#0' 3-max (real money) Seat #2 is the button
Seat 1: _SKR (315)
Seat 2: vmax73000 (420)
Seat 3: ronan1313 (165)
*** ANTE/BLINDS ***
ronan1313 posts small blind 20
_SKR posts big blind 40
Dealt to _SKR [Ts Kc]
*** PRE-FLOP *** 
vmax73000 folds
ronan1313 raises 125 to 165 and is all-in
_SKR raises 125 to 290
*** FLOP *** [8c Ad 8h]
*** TURN *** [8c Ad 8h][2s]
*** RIVER *** [8c Ad 8h 2s][Kd]
*** SHOW DOWN ***
ronan1313 shows [6s Qh] (One pair : 8)
_SKR shows [Ts Kc] (Two pairs : Kings and 8)
_SKR collected 455 from pot
*** SUMMARY ***
Total pot 455 | No rake
Board: [8c Ad 8h 2s Kd]
Seat 1: _SKR (big blind) showed [Ts Kc] and won 455 with Two pairs : Kings and 8
Seat 3: ronan1313 (small blind) showed [6s Qh] and lost with One pair : 8


Winamax Poker - Tournament "Expresso Nitro" buyIn: 1.86€ + 0.14€ level: 3 - HandId: #2696548633578307585-8-1675086556 - Holdem no limit (20/40) - 2023/01/30 13:49:16 UTC
Table: 'Expresso Nitro(627839154)#0' 3-max (real money) Seat #1 is the button
Seat 1: _SKR (480)
Seat 2: vmax73000 (420)
*** ANTE/BLINDS ***
_SKR posts small blind 20
vmax73000 posts big blind 40
Dealt to _SKR [8d 9c]
*** PRE-FLOP *** 
_SKR folds
vmax73000 collected 60 from pot
*** SUMMARY ***
Total pot 60 | No rake
Seat 2: vmax73000 (big blind) won 60


Winamax Poker - Tournament "Expresso Nitro" buyIn: 1.86€ + 0.14€ level: 3 - HandId: #2696548633578307585-9-1675086559 - Holdem no limit (20/40) - 2023/01/30 13:49:19 UTC
Table: 'Expresso Nitro(627839154)#0' 3-max (real money) Seat #2 is the button
Seat 1: _SKR (460)
Seat 2: vmax73000 (440)
*** ANTE/BLINDS ***
vmax73000 posts small blind 20
_SKR posts big blind 40
Dealt to _SKR [Ac Td]
*** PRE-FLOP *** 
vmax73000 calls 20
_SKR raises 420 to 460 and is all-in
vmax73000 folds
_SKR collected 500 from pot
*** SUMMARY ***
Total pot 500 | No rake
Seat 1: _SKR (big blind) won 500


Winamax Poker - Tournament "Expresso Nitro" buyIn: 1.86€ + 0.14€ level: 3 - HandId: #2696548633578307585-10-1675086567 - Holdem no limit (20/40) - 2023/01/30 13:49:27 UTC
Table: 'Expresso Nitro(627839154)#0' 3-max (real money) Seat #1 is the button
Seat 1: _SKR (500)
Seat 2: vmax73000 (400)
*** ANTE/BLINDS ***
_SKR posts small blind 20
vmax73000 posts big blind 40
Dealt to _SKR [5d 8d]
*** PRE-FLOP *** 
_SKR calls 20
vmax73000 raises 360 to 400 and is all-in
_SKR folds
vmax73000 collected 440 from pot
*** SUMMARY ***
Total pot 440 | No rake
Seat 2: vmax73000 (big blind) won 440


Winamax Poker - Tournament "Expresso Nitro" buyIn: 1.86€ + 0.14€ level: 3 - HandId: #2696548633578307585-11-1675086583 - Holdem no limit (20/40) - 2023/01/30 13:49:43 UTC
Table: 'Expresso Nitro(627839154)#0' 3-max (real money) Seat #2 is the button
Seat 1: _SKR (460)
Seat 2: vmax73000 (440)
*** ANTE/BLINDS ***
vmax73000 posts small blind 20
_SKR posts big blind 40
Dealt to _SKR [9s 5c]
*** PRE-FLOP *** 
vmax73000 calls 20
_SKR checks
*** FLOP *** [Jc Ks 6h]
_SKR checks
vmax73000 checks
*** TURN *** [Jc Ks 6h][Kh]
_SKR checks
vmax73000 checks
*** RIVER *** [Jc Ks 6h Kh][Ts]
_SKR checks
vmax73000 checks
*** SHOW DOWN ***
_SKR shows [9s 5c] (One pair : Kings)
vmax73000 shows [Tc 9h] (Two pairs : Kings and Tens)
vmax73000 collected 80 from pot
*** SUMMARY ***
Total pot 80 | No rake
Board: [Jc Ks 6h Kh Ts]
Seat 1: _SKR (big blind) showed [9s 5c] and lost with One pair : Kings
Seat 2: vmax73000 (small blind) (button) showed [Tc 9h] and won 80 with Two pairs : Kings and Tens


Winamax Poker - Tournament "Expresso Nitro" buyIn: 1.86€ + 0.14€ level: 4 - HandId: #2696548633578307585-12-1675086616 - Holdem no limit (30/60) - 2023/01/30 13:50:16 UTC
Table: 'Expresso Nitro(627839154)#0' 3-max (real money) Seat #1 is the button
Seat 1: _SKR (420)
Seat 2: vmax73000 (480)
*** ANTE/BLINDS ***
_SKR posts small blind 30
vmax73000 posts big blind 60
Dealt to _SKR [5c 7h]
*** PRE-FLOP *** 
_SKR folds
vmax73000 collected 90 from pot
*** SUMMARY ***
Total pot 90 | No rake
Seat 2: vmax73000 (big blind) won 90


Winamax Poker - Tournament "Expresso Nitro" buyIn: 1.86€ + 0.14€ level: 4 - HandId: #2696548633578307585-13-1675086620 - Holdem no limit (30/60) - 2023/01/30 13:50:20 UTC
Table: 'Expresso Nitro(627839154)#0' 3-max (real money) Seat #2 is the button
Seat 1: _SKR (390)
Seat 2: vmax73000 (510)
*** ANTE/BLINDS ***
vmax73000 posts small blind 30
_SKR posts big blind 60
Dealt to _SKR [4c Ts]
*** PRE-FLOP *** 
vmax73000 calls 30
_SKR checks
*** FLOP *** [Qh 4d Js]
_SKR checks
vmax73000 bets 60
_SKR folds
vmax73000 collected 180 from pot
*** SUMMARY ***
Total pot 180 | No rake
Board: [Qh 4d Js]
Seat 2: vmax73000 (small blind) (button) won 180


Winamax Poker - Tournament "Expresso Nitro" buyIn: 1.86€ + 0.14€ level: 4 - HandId: #2696548633578307585-14-1675086638 - Holdem no limit (30/60) - 2023/01/30 13:50:38 UTC
Table: 'Expresso Nitro(627839154)#0' 3-max (real money) Seat #1 is the button
Seat 1: _SKR (330)
Seat 2: vmax73000 (570)
*** ANTE/BLINDS ***
_SKR posts small blind 30
vmax73000 posts big blind 60
Dealt to _SKR [6d Td]
*** PRE-FLOP *** 
_SKR raises 270 to 330 and is all-in
vmax73000 raises 240 to 570 and is all-in
*** FLOP *** [Qc 9d 8c]
*** TURN *** [Qc 9d 8c][4d]
*** RIVER *** [Qc 9d 8c 4d][3c]
*** SHOW DOWN ***
_SKR shows [6d Td] (High card : Queen)
vmax73000 shows [5c Kc] (Flush King high)
vmax73000 collected 900 from pot
*** SUMMARY ***
Total pot 900 | No rake
Board: [Qc 9d 8c 4d 3c]
Seat 1: _SKR (small blind) (button) showed [6d Td] and lost with High card : Queen
Seat 2: vmax73000 (big blind) showed [5c Kc] and won 900 with Flush King high


