Winamax Poker - Tournament "Expresso Nitro" buyIn: 1.86€ + 0.14€ level: 1 - HandId: #2696897848779210753-1-1675102495 - Holdem no limit (10/20) - 2023/01/30 18:14:55 UTC
Table: 'Expresso Nitro(627920462)#0' 3-max (real money) Seat #1 is the button
Seat 1: _SKR (300)
Seat 2: Parieur 1624 (300)
Seat 3: riomar95 (300)
*** ANTE/BLINDS ***
Parieur 1624 posts small blind 10
riomar95 posts big blind 20
Dealt to _SKR [6c 8h]
*** PRE-FLOP *** 
_SKR folds
Parieur 1624 calls 10
riomar95 checks
*** FLOP *** [2c Jh 3c]
Parieur 1624 bets 20
riomar95 folds
Parieur 1624 collected 60 from pot
*** SUMMARY ***
Total pot 60 | No rake
Board: [2c Jh 3c]
Seat 2: Parieur 1624 (small blind) won 60


Winamax Poker - Tournament "Expresso Nitro" buyIn: 1.86€ + 0.14€ level: 1 - HandId: #2696897848779210753-2-1675102505 - Holdem no limit (10/20) - 2023/01/30 18:15:05 UTC
Table: 'Expresso Nitro(627920462)#0' 3-max (real money) Seat #2 is the button
Seat 1: _SKR (300)
Seat 2: Parieur 1624 (320)
Seat 3: riomar95 (280)
*** ANTE/BLINDS ***
riomar95 posts small blind 10
_SKR posts big blind 20
Dealt to _SKR [3d Kc]
*** PRE-FLOP *** 
Parieur 1624 calls 20
riomar95 folds
_SKR checks
*** FLOP *** [2d 9s 9c]
_SKR checks
Parieur 1624 checks
*** TURN *** [2d 9s 9c][Ts]
_SKR checks
Parieur 1624 checks
*** RIVER *** [2d 9s 9c Ts][6d]
_SKR checks
Parieur 1624 checks
*** SHOW DOWN ***
Parieur 1624 shows [Qc 3c] (One pair : 9)
_SKR shows [3d Kc] (One pair : 9)
_SKR collected 50 from pot
*** SUMMARY ***
Total pot 50 | No rake
Board: [2d 9s 9c Ts 6d]
Seat 1: _SKR (big blind) showed [3d Kc] and won 50 with One pair : 9
Seat 2: Parieur 1624 (button) showed [Qc 3c] and lost with One pair : 9


Winamax Poker - Tournament "Expresso Nitro" buyIn: 1.86€ + 0.14€ level: 1 - HandId: #2696897848779210753-3-1675102530 - Holdem no limit (10/20) - 2023/01/30 18:15:30 UTC
Table: 'Expresso Nitro(627920462)#0' 3-max (real money) Seat #3 is the button
Seat 1: _SKR (330)
Seat 2: Parieur 1624 (300)
Seat 3: riomar95 (270)
*** ANTE/BLINDS ***
_SKR posts small blind 10
Parieur 1624 posts big blind 20
Dealt to _SKR [8d 7s]
*** PRE-FLOP *** 
riomar95 calls 20
_SKR folds
Parieur 1624 checks
*** FLOP *** [3s Kh 2c]
Parieur 1624 checks
riomar95 checks
*** TURN *** [3s Kh 2c][Ad]
Parieur 1624 checks
riomar95 checks
*** RIVER *** [3s Kh 2c Ad][6d]
Parieur 1624 checks
riomar95 checks
*** SHOW DOWN ***
riomar95 shows [8h Jd] (High card : Ace)
Parieur 1624 shows [Jc Qd] (High card : Ace)
Parieur 1624 collected 50 from pot
*** SUMMARY ***
Total pot 50 | No rake
Board: [3s Kh 2c Ad 6d]
Seat 2: Parieur 1624 (big blind) showed [Jc Qd] and won 50 with High card : Ace
Seat 3: riomar95 (button) showed [8h Jd] and lost with High card : Ace


Winamax Poker - Tournament "Expresso Nitro" buyIn: 1.86€ + 0.14€ level: 2 - HandId: #2696897848779210753-4-1675102553 - Holdem no limit (15/30) - 2023/01/30 18:15:53 UTC
Table: 'Expresso Nitro(627920462)#0' 3-max (real money) Seat #1 is the button
Seat 1: _SKR (320)
Seat 2: Parieur 1624 (330)
Seat 3: riomar95 (250)
*** ANTE/BLINDS ***
Parieur 1624 posts small blind 15
riomar95 posts big blind 30
Dealt to _SKR [8d 9s]
*** PRE-FLOP *** 
_SKR folds
Parieur 1624 calls 15
riomar95 checks
*** FLOP *** [6s Kh 4h]
Parieur 1624 checks
riomar95 checks
*** TURN *** [6s Kh 4h][Ad]
Parieur 1624 bets 30
riomar95 folds
Parieur 1624 collected 90 from pot
*** SUMMARY ***
Total pot 90 | No rake
Board: [6s Kh 4h Ad]
Seat 2: Parieur 1624 (small blind) won 90


Winamax Poker - Tournament "Expresso Nitro" buyIn: 1.86€ + 0.14€ level: 2 - HandId: #2696897848779210753-5-1675102571 - Holdem no limit (15/30) - 2023/01/30 18:16:11 UTC
Table: 'Expresso Nitro(627920462)#0' 3-max (real money) Seat #2 is the button
Seat 1: _SKR (320)
Seat 2: Parieur 1624 (360)
Seat 3: riomar95 (220)
*** ANTE/BLINDS ***
riomar95 posts small blind 15
_SKR posts big blind 30
Dealt to _SKR [6d Jc]
*** PRE-FLOP *** 
Parieur 1624 calls 30
riomar95 raises 90 to 120
_SKR folds
Parieur 1624 folds
riomar95 collected 180 from pot
*** SUMMARY ***
Total pot 180 | No rake
Seat 3: riomar95 (small blind) won 180


Winamax Poker - Tournament "Expresso Nitro" buyIn: 1.86€ + 0.14€ level: 2 - HandId: #2696897848779210753-6-1675102586 - Holdem no limit (15/30) - 2023/01/30 18:16:26 UTC
Table: 'Expresso Nitro(627920462)#0' 3-max (real money) Seat #3 is the button
Seat 1: _SKR (290)
Seat 2: Parieur 1624 (330)
Seat 3: riomar95 (280)
*** ANTE/BLINDS ***
_SKR posts small blind 15
Parieur 1624 posts big blind 30
Dealt to _SKR [Qd Kd]
*** PRE-FLOP *** 
riomar95 raises 75 to 105
_SKR raises 185 to 290 and is all-in
Parieur 1624 folds
riomar95 calls 175 and is all-in
*** FLOP *** [6d 3d 7c]
*** TURN *** [6d 3d 7c][Ks]
*** RIVER *** [6d 3d 7c Ks][3c]
*** SHOW DOWN ***
_SKR shows [Qd Kd] (Two pairs : Kings and 3)
riomar95 shows [Ac Kh] (Two pairs : Kings and 3)
riomar95 collected 590 from main pot
_SKR collected 10 from side pot 1
*** SUMMARY ***
Total pot 600 | No rake
Board: [6d 3d 7c Ks 3c]
Seat 1: _SKR (small blind) showed [Qd Kd] and won 10 with Two pairs : Kings and 3
Seat 3: riomar95 (button) showed [Ac Kh] and won 590 with Two pairs : Kings and 3


Winamax Poker - Tournament "Expresso Nitro" buyIn: 1.86€ + 0.14€ level: 2 - HandId: #2696897848779210753-7-1675102602 - Holdem no limit (15/30) - 2023/01/30 18:16:42 UTC
Table: 'Expresso Nitro(627920462)#0' 3-max (real money) Seat #1 is the button
Seat 1: _SKR (10)
Seat 2: Parieur 1624 (300)
Seat 3: riomar95 (590)
*** ANTE/BLINDS ***
Parieur 1624 posts small blind 15
riomar95 posts big blind 30
Dealt to _SKR [Kc Tc]
*** PRE-FLOP *** 
_SKR calls 10 and is all-in
Parieur 1624 raises 270 to 300 and is all-in
riomar95 folds
*** FLOP *** [8d 4d Qd]
*** TURN *** [8d 4d Qd][9d]
*** RIVER *** [8d 4d Qd 9d][2c]
*** SHOW DOWN ***
_SKR shows [Kc Tc] (High card : King)
Parieur 1624 shows [Ah Ks] (High card : Ace)
Parieur 1624 collected 340 from pot
*** SUMMARY ***
Total pot 340 | No rake
Board: [8d 4d Qd 9d 2c]
Seat 1: _SKR (button) showed [Kc Tc] and lost with High card : King
Seat 2: Parieur 1624 (small blind) showed [Ah Ks] and won 340 with High card : Ace


