Winamax Poker - Tournament "Expresso Nitro" buyIn: 1.86€ + 0.14€ level: 1 - HandId: #2696493619342213121-1-1675083189 - Holdem no limit (10/20) - 2023/01/30 12:53:09 UTC
Table: 'Expresso Nitro(627826345)#0' 3-max (real money) Seat #2 is the button
Seat 1: Viking55 (300)
Seat 2: _SKR (300)
Seat 3: lunaki29 (300)
*** ANTE/BLINDS ***
lunaki29 posts small blind 10
Viking55 posts big blind 20
Dealt to _SKR [3d 4c]
*** PRE-FLOP *** 
_SKR folds
lunaki29 folds
Viking55 collected 30 from pot
*** SUMMARY ***
Total pot 30 | No rake
Seat 1: Viking55 (big blind) won 30


Winamax Poker - Tournament "Expresso Nitro" buyIn: 1.86€ + 0.14€ level: 1 - HandId: #2696493619342213121-2-1675083208 - Holdem no limit (10/20) - 2023/01/30 12:53:28 UTC
Table: 'Expresso Nitro(627826345)#0' 3-max (real money) Seat #3 is the button
Seat 1: Viking55 (310)
Seat 2: _SKR (300)
Seat 3: lunaki29 (290)
*** ANTE/BLINDS ***
Viking55 posts small blind 10
_SKR posts big blind 20
Dealt to _SKR [3c 8s]
*** PRE-FLOP *** 
lunaki29 raises 20 to 40
Viking55 folds
_SKR folds
lunaki29 collected 70 from pot
*** SUMMARY ***
Total pot 70 | No rake
Seat 3: lunaki29 (button) won 70


Winamax Poker - Tournament "Expresso Nitro" buyIn: 1.86€ + 0.14€ level: 1 - HandId: #2696493619342213121-3-1675083219 - Holdem no limit (10/20) - 2023/01/30 12:53:39 UTC
Table: 'Expresso Nitro(627826345)#0' 3-max (real money) Seat #1 is the button
Seat 1: Viking55 (300)
Seat 2: _SKR (280)
Seat 3: lunaki29 (320)
*** ANTE/BLINDS ***
_SKR posts small blind 10
lunaki29 posts big blind 20
Dealt to _SKR [Ah 7s]
*** PRE-FLOP *** 
Viking55 folds
_SKR raises 260 to 280 and is all-in
lunaki29 folds
_SKR collected 300 from pot
*** SUMMARY ***
Total pot 300 | No rake
Seat 2: _SKR (small blind) won 300


Winamax Poker - Tournament "Expresso Nitro" buyIn: 1.86€ + 0.14€ level: 1 - HandId: #2696493619342213121-4-1675083229 - Holdem no limit (10/20) - 2023/01/30 12:53:49 UTC
Table: 'Expresso Nitro(627826345)#0' 3-max (real money) Seat #2 is the button
Seat 1: Viking55 (300)
Seat 2: _SKR (300)
Seat 3: lunaki29 (300)
*** ANTE/BLINDS ***
lunaki29 posts small blind 10
Viking55 posts big blind 20
Dealt to _SKR [Ah Js]
*** PRE-FLOP *** 
_SKR raises 20 to 40
lunaki29 calls 30
Viking55 raises 260 to 300 and is all-in
_SKR calls 260 and is all-in
lunaki29 calls 260 and is all-in
*** FLOP *** [6d 8d 3d]
*** TURN *** [6d 8d 3d][5c]
*** RIVER *** [6d 8d 3d 5c][5h]
*** SHOW DOWN ***
_SKR shows [Ah Js] (One pair : 5)
lunaki29 shows [2s Ad] (One pair : 5)
Viking55 shows [3s 3h] (Full of 3 and 5)
Viking55 collected 900 from pot
*** SUMMARY ***
Total pot 900 | No rake
Board: [6d 8d 3d 5c 5h]
Seat 1: Viking55 (big blind) showed [3s 3h] and won 900 with Full of 3 and 5
Seat 2: _SKR (button) showed [Ah Js] and lost with One pair : 5
Seat 3: lunaki29 (small blind) showed [2s Ad] and lost with One pair : 5


