Winamax Poker - Tournament "Expresso Nitro" buyIn: 0.93€ + 0.07€ level: 1 - HandId: #2690518581099102209-1-1674684504 - Holdem no limit (10/20) - 2023/01/25 22:08:24 UTC
Table: 'Expresso Nitro(626435173)#0' 3-max (real money) Seat #2 is the button
Seat 1: maximiliana (300)
Seat 2: _SKR (300)
Seat 3: greg05012012 (300)
*** ANTE/BLINDS ***
greg05012012 posts small blind 10
maximiliana posts big blind 20
Dealt to _SKR [Td 2d]
*** PRE-FLOP *** 
_SKR folds
greg05012012 calls 10
maximiliana checks
*** FLOP *** [8d Qc Ts]
greg05012012 bets 20
maximiliana calls 20
*** TURN *** [8d Qc Ts][8h]
greg05012012 bets 20
maximiliana folds
greg05012012 collected 100 from pot
*** SUMMARY ***
Total pot 100 | No rake
Board: [8d Qc Ts 8h]
Seat 3: greg05012012 (small blind) won 100


Winamax Poker - Tournament "Expresso Nitro" buyIn: 0.93€ + 0.07€ level: 1 - HandId: #2690518581099102209-2-1674684527 - Holdem no limit (10/20) - 2023/01/25 22:08:47 UTC
Table: 'Expresso Nitro(626435173)#0' 3-max (real money) Seat #3 is the button
Seat 1: maximiliana (260)
Seat 2: _SKR (300)
Seat 3: greg05012012 (340)
*** ANTE/BLINDS ***
maximiliana posts small blind 10
_SKR posts big blind 20
Dealt to _SKR [Td 3c]
*** PRE-FLOP *** 
greg05012012 calls 20
maximiliana raises 240 to 260 and is all-in
_SKR folds
greg05012012 folds
maximiliana collected 300 from pot
*** SUMMARY ***
Total pot 300 | No rake
Seat 1: maximiliana (small blind) won 300


Winamax Poker - Tournament "Expresso Nitro" buyIn: 0.93€ + 0.07€ level: 1 - HandId: #2690518581099102209-3-1674684537 - Holdem no limit (10/20) - 2023/01/25 22:08:57 UTC
Table: 'Expresso Nitro(626435173)#0' 3-max (real money) Seat #1 is the button
Seat 1: maximiliana (300)
Seat 2: _SKR (280)
Seat 3: greg05012012 (320)
*** ANTE/BLINDS ***
_SKR posts small blind 10
greg05012012 posts big blind 20
Dealt to _SKR [Ts Ac]
*** PRE-FLOP *** 
maximiliana calls 20
_SKR raises 260 to 280 and is all-in
greg05012012 folds
maximiliana folds
_SKR collected 320 from pot
*** SUMMARY ***
Total pot 320 | No rake
Seat 2: _SKR (small blind) won 320


Winamax Poker - Tournament "Expresso Nitro" buyIn: 0.93€ + 0.07€ level: 1 - HandId: #2690518581099102209-4-1674684553 - Holdem no limit (10/20) - 2023/01/25 22:09:13 UTC
Table: 'Expresso Nitro(626435173)#0' 3-max (real money) Seat #2 is the button
Seat 1: maximiliana (280)
Seat 2: _SKR (320)
Seat 3: greg05012012 (300)
*** ANTE/BLINDS ***
greg05012012 posts small blind 10
maximiliana posts big blind 20
Dealt to _SKR [7h 7c]
*** PRE-FLOP *** 
_SKR raises 300 to 320 and is all-in
greg05012012 folds
maximiliana calls 260 and is all-in
*** FLOP *** [2d 6s 5c]
*** TURN *** [2d 6s 5c][Jc]
*** RIVER *** [2d 6s 5c Jc][8s]
*** SHOW DOWN ***
maximiliana shows [6d Ah] (One pair : 6)
_SKR shows [7h 7c] (One pair : 7)
_SKR collected 610 from pot
*** SUMMARY ***
Total pot 610 | No rake
Board: [2d 6s 5c Jc 8s]
Seat 1: maximiliana (big blind) showed [6d Ah] and lost with One pair : 6
Seat 2: _SKR (button) showed [7h 7c] and won 610 with One pair : 7


Winamax Poker - Tournament "Expresso Nitro" buyIn: 0.93€ + 0.07€ level: 2 - HandId: #2690518581099102209-5-1674684569 - Holdem no limit (15/30) - 2023/01/25 22:09:29 UTC
Table: 'Expresso Nitro(626435173)#0' 3-max (real money) Seat #2 is the button
Seat 2: _SKR (610)
Seat 3: greg05012012 (290)
*** ANTE/BLINDS ***
_SKR posts small blind 15
greg05012012 posts big blind 30
Dealt to _SKR [7d Qs]
*** PRE-FLOP *** 
_SKR folds
greg05012012 collected 45 from pot
*** SUMMARY ***
Total pot 45 | No rake
Seat 3: greg05012012 (big blind) won 45


Winamax Poker - Tournament "Expresso Nitro" buyIn: 0.93€ + 0.07€ level: 2 - HandId: #2690518581099102209-6-1674684583 - Holdem no limit (15/30) - 2023/01/25 22:09:43 UTC
Table: 'Expresso Nitro(626435173)#0' 3-max (real money) Seat #3 is the button
Seat 2: _SKR (595)
Seat 3: greg05012012 (305)
*** ANTE/BLINDS ***
greg05012012 posts small blind 15
_SKR posts big blind 30
Dealt to _SKR [Jd 9s]
*** PRE-FLOP *** 
greg05012012 calls 15
_SKR checks
*** FLOP *** [Ks Jc 3s]
_SKR checks
greg05012012 bets 30
_SKR calls 30
*** TURN *** [Ks Jc 3s][2c]
_SKR checks
greg05012012 bets 30
_SKR calls 30
*** RIVER *** [Ks Jc 3s 2c][Kd]
_SKR checks
greg05012012 checks
*** SHOW DOWN ***
greg05012012 shows [6d Jh] (Two pairs : Kings and Jacks)
_SKR shows [Jd 9s] (Two pairs : Kings and Jacks)
_SKR collected 180 from pot
*** SUMMARY ***
Total pot 180 | No rake
Board: [Ks Jc 3s 2c Kd]
Seat 2: _SKR (big blind) showed [Jd 9s] and won 180 with Two pairs : Kings and Jacks
Seat 3: greg05012012 (small blind) (button) showed [6d Jh] and lost with Two pairs : Kings and Jacks


Winamax Poker - Tournament "Expresso Nitro" buyIn: 0.93€ + 0.07€ level: 3 - HandId: #2690518581099102209-7-1674684649 - Holdem no limit (20/40) - 2023/01/25 22:10:49 UTC
Table: 'Expresso Nitro(626435173)#0' 3-max (real money) Seat #2 is the button
Seat 2: _SKR (685)
Seat 3: greg05012012 (215)
*** ANTE/BLINDS ***
_SKR posts small blind 20
greg05012012 posts big blind 40
Dealt to _SKR [3s 2c]
*** PRE-FLOP *** 
_SKR folds
greg05012012 collected 60 from pot
*** SUMMARY ***
Total pot 60 | No rake
Seat 3: greg05012012 (big blind) won 60


Winamax Poker - Tournament "Expresso Nitro" buyIn: 0.93€ + 0.07€ level: 3 - HandId: #2690518581099102209-8-1674684653 - Holdem no limit (20/40) - 2023/01/25 22:10:53 UTC
Table: 'Expresso Nitro(626435173)#0' 3-max (real money) Seat #3 is the button
Seat 2: _SKR (665)
Seat 3: greg05012012 (235)
*** ANTE/BLINDS ***
greg05012012 posts small blind 20
_SKR posts big blind 40
Dealt to _SKR [4c Tc]
*** PRE-FLOP *** 
greg05012012 calls 20
_SKR checks
*** FLOP *** [6s Th Qh]
_SKR checks
greg05012012 bets 40
_SKR calls 40
*** TURN *** [6s Th Qh][2h]
_SKR checks
greg05012012 bets 40
_SKR calls 40
*** RIVER *** [6s Th Qh 2h][Ad]
_SKR checks
greg05012012 checks
*** SHOW DOWN ***
greg05012012 shows [9s 3s] (High card : Ace)
_SKR shows [4c Tc] (One pair : Tens)
_SKR collected 240 from pot
*** SUMMARY ***
Total pot 240 | No rake
Board: [6s Th Qh 2h Ad]
Seat 2: _SKR (big blind) showed [4c Tc] and won 240 with One pair : Tens
Seat 3: greg05012012 (small blind) (button) showed [9s 3s] and lost with High card : Ace


Winamax Poker - Tournament "Expresso Nitro" buyIn: 0.93€ + 0.07€ level: 4 - HandId: #2690518581099102209-9-1674684715 - Holdem no limit (30/60) - 2023/01/25 22:11:55 UTC
Table: 'Expresso Nitro(626435173)#0' 3-max (real money) Seat #2 is the button
Seat 2: _SKR (785)
Seat 3: greg05012012 (115)
*** ANTE/BLINDS ***
_SKR posts small blind 30
greg05012012 posts big blind 60
Dealt to _SKR [7c 3h]
*** PRE-FLOP *** 
_SKR folds
greg05012012 collected 90 from pot
*** SUMMARY ***
Total pot 90 | No rake
Seat 3: greg05012012 (big blind) won 90


Winamax Poker - Tournament "Expresso Nitro" buyIn: 0.93€ + 0.07€ level: 4 - HandId: #2690518581099102209-10-1674684719 - Holdem no limit (30/60) - 2023/01/25 22:11:59 UTC
Table: 'Expresso Nitro(626435173)#0' 3-max (real money) Seat #3 is the button
Seat 2: _SKR (755)
Seat 3: greg05012012 (145)
*** ANTE/BLINDS ***
greg05012012 posts small blind 30
_SKR posts big blind 60
Dealt to _SKR [Kd Jd]
*** PRE-FLOP *** 
greg05012012 calls 30
_SKR raises 695 to 755 and is all-in
greg05012012 calls 85 and is all-in
*** FLOP *** [Js 5h 2s]
*** TURN *** [Js 5h 2s][2h]
*** RIVER *** [Js 5h 2s 2h][7c]
*** SHOW DOWN ***
greg05012012 shows [8d Td] (One pair : 2)
_SKR shows [Kd Jd] (Two pairs : Jacks and 2)
_SKR collected 900 from pot
*** SUMMARY ***
Total pot 900 | No rake
Board: [Js 5h 2s 2h 7c]
Seat 2: _SKR (big blind) showed [Kd Jd] and won 900 with Two pairs : Jacks and 2
Seat 3: greg05012012 (small blind) (button) showed [8d Td] and lost with One pair : 2


