Winamax Poker - Tournament "Expresso Nitro" buyIn: 1.86€ + 0.14€ level: 1 - HandId: #2696629520697393153-1-1675090652 - Holdem no limit (10/20) - 2023/01/30 14:57:32 UTC
Table: 'Expresso Nitro(627857987)#0' 3-max (real money) Seat #1 is the button
Seat 1: _SKR (300)
Seat 2: JoraVartanov (300)
Seat 3: World reggae (300)
*** ANTE/BLINDS ***
JoraVartanov posts small blind 10
World reggae posts big blind 20
Dealt to _SKR [7s Ah]
*** PRE-FLOP *** 
_SKR raises 280 to 300 and is all-in
JoraVartanov folds
World reggae folds
_SKR collected 330 from pot
*** SUMMARY ***
Total pot 330 | No rake
Seat 1: _SKR (button) won 330


Winamax Poker - Tournament "Expresso Nitro" buyIn: 1.86€ + 0.14€ level: 1 - HandId: #2696629520697393153-2-1675090660 - Holdem no limit (10/20) - 2023/01/30 14:57:40 UTC
Table: 'Expresso Nitro(627857987)#0' 3-max (real money) Seat #2 is the button
Seat 1: _SKR (330)
Seat 2: JoraVartanov (290)
Seat 3: World reggae (280)
*** ANTE/BLINDS ***
World reggae posts small blind 10
_SKR posts big blind 20
Dealt to _SKR [6h Qs]
*** PRE-FLOP *** 
JoraVartanov raises 270 to 290 and is all-in
World reggae folds
_SKR folds
JoraVartanov collected 320 from pot
*** SUMMARY ***
Total pot 320 | No rake
Seat 2: JoraVartanov (button) won 320


Winamax Poker - Tournament "Expresso Nitro" buyIn: 1.86€ + 0.14€ level: 1 - HandId: #2696629520697393153-3-1675090670 - Holdem no limit (10/20) - 2023/01/30 14:57:50 UTC
Table: 'Expresso Nitro(627857987)#0' 3-max (real money) Seat #3 is the button
Seat 1: _SKR (310)
Seat 2: JoraVartanov (320)
Seat 3: World reggae (270)
*** ANTE/BLINDS ***
_SKR posts small blind 10
JoraVartanov posts big blind 20
Dealt to _SKR [7s 6h]
*** PRE-FLOP *** 
World reggae calls 20
_SKR folds
JoraVartanov checks
*** FLOP *** [Tc 4c Kh]
JoraVartanov checks
World reggae checks
*** TURN *** [Tc 4c Kh][As]
JoraVartanov checks
World reggae checks
*** RIVER *** [Tc 4c Kh As][4s]
JoraVartanov bets 20
World reggae folds
JoraVartanov collected 70 from pot
*** SUMMARY ***
Total pot 70 | No rake
Board: [Tc 4c Kh As 4s]
Seat 2: JoraVartanov (big blind) won 70


Winamax Poker - Tournament "Expresso Nitro" buyIn: 1.86€ + 0.14€ level: 1 - HandId: #2696629520697393153-4-1675090694 - Holdem no limit (10/20) - 2023/01/30 14:58:14 UTC
Table: 'Expresso Nitro(627857987)#0' 3-max (real money) Seat #1 is the button
Seat 1: _SKR (300)
Seat 2: JoraVartanov (350)
Seat 3: World reggae (250)
*** ANTE/BLINDS ***
JoraVartanov posts small blind 10
World reggae posts big blind 20
Dealt to _SKR [4s 6h]
*** PRE-FLOP *** 
_SKR folds
JoraVartanov folds
World reggae collected 30 from pot
*** SUMMARY ***
Total pot 30 | No rake
Seat 3: World reggae (big blind) won 30


Winamax Poker - Tournament "Expresso Nitro" buyIn: 1.86€ + 0.14€ level: 1 - HandId: #2696629520697393153-5-1675090702 - Holdem no limit (10/20) - 2023/01/30 14:58:22 UTC
Table: 'Expresso Nitro(627857987)#0' 3-max (real money) Seat #2 is the button
Seat 1: _SKR (300)
Seat 2: JoraVartanov (340)
Seat 3: World reggae (260)
*** ANTE/BLINDS ***
World reggae posts small blind 10
_SKR posts big blind 20
Dealt to _SKR [5s 2c]
*** PRE-FLOP *** 
JoraVartanov raises 20 to 40
World reggae folds
_SKR folds
JoraVartanov collected 70 from pot
*** SUMMARY ***
Total pot 70 | No rake
Seat 2: JoraVartanov (button) won 70


Winamax Poker - Tournament "Expresso Nitro" buyIn: 1.86€ + 0.14€ level: 2 - HandId: #2696629520697393153-6-1675090712 - Holdem no limit (15/30) - 2023/01/30 14:58:32 UTC
Table: 'Expresso Nitro(627857987)#0' 3-max (real money) Seat #3 is the button
Seat 1: _SKR (280)
Seat 2: JoraVartanov (370)
Seat 3: World reggae (250)
*** ANTE/BLINDS ***
_SKR posts small blind 15
JoraVartanov posts big blind 30
Dealt to _SKR [4h Qh]
*** PRE-FLOP *** 
World reggae calls 30
_SKR folds
JoraVartanov checks
*** FLOP *** [Ts 5d Ks]
JoraVartanov checks
World reggae checks
*** TURN *** [Ts 5d Ks][6c]
JoraVartanov checks
World reggae bets 75
JoraVartanov folds
World reggae collected 150 from pot
*** SUMMARY ***
Total pot 150 | No rake
Board: [Ts 5d Ks 6c]
Seat 3: World reggae (button) won 150


Winamax Poker - Tournament "Expresso Nitro" buyIn: 1.86€ + 0.14€ level: 2 - HandId: #2696629520697393153-7-1675090747 - Holdem no limit (15/30) - 2023/01/30 14:59:07 UTC
Table: 'Expresso Nitro(627857987)#0' 3-max (real money) Seat #1 is the button
Seat 1: _SKR (265)
Seat 2: JoraVartanov (340)
Seat 3: World reggae (295)
*** ANTE/BLINDS ***
JoraVartanov posts small blind 15
World reggae posts big blind 30
Dealt to _SKR [Kh Js]
*** PRE-FLOP *** 
_SKR raises 235 to 265 and is all-in
JoraVartanov folds
World reggae folds
_SKR collected 310 from pot
*** SUMMARY ***
Total pot 310 | No rake
Seat 1: _SKR (button) won 310


Winamax Poker - Tournament "Expresso Nitro" buyIn: 1.86€ + 0.14€ level: 2 - HandId: #2696629520697393153-8-1675090755 - Holdem no limit (15/30) - 2023/01/30 14:59:15 UTC
Table: 'Expresso Nitro(627857987)#0' 3-max (real money) Seat #2 is the button
Seat 1: _SKR (310)
Seat 2: JoraVartanov (325)
Seat 3: World reggae (265)
*** ANTE/BLINDS ***
World reggae posts small blind 15
_SKR posts big blind 30
Dealt to _SKR [Kc 5h]
*** PRE-FLOP *** 
JoraVartanov folds
World reggae calls 15
_SKR checks
*** FLOP *** [Kd 7c 7d]
World reggae checks
_SKR bets 30
World reggae raises 30 to 60
_SKR calls 30
*** TURN *** [Kd 7c 7d][6s]
World reggae checks
_SKR checks
*** RIVER *** [Kd 7c 7d 6s][As]
World reggae bets 175 and is all-in
_SKR folds
World reggae collected 355 from pot
*** SUMMARY ***
Total pot 355 | No rake
Board: [Kd 7c 7d 6s As]
Seat 3: World reggae (small blind) won 355


Winamax Poker - Tournament "Expresso Nitro" buyIn: 1.86€ + 0.14€ level: 3 - HandId: #2696629520697393153-9-1675090782 - Holdem no limit (20/40) - 2023/01/30 14:59:42 UTC
Table: 'Expresso Nitro(627857987)#0' 3-max (real money) Seat #3 is the button
Seat 1: _SKR (220)
Seat 2: JoraVartanov (325)
Seat 3: World reggae (355)
*** ANTE/BLINDS ***
_SKR posts small blind 20
JoraVartanov posts big blind 40
Dealt to _SKR [6c 4h]
*** PRE-FLOP *** 
World reggae raises 315 to 355 and is all-in
_SKR folds
JoraVartanov calls 285 and is all-in
*** FLOP *** [2c Kc 6h]
*** TURN *** [2c Kc 6h][4d]
*** RIVER *** [2c Kc 6h 4d][9h]
*** SHOW DOWN ***
JoraVartanov shows [Qc 9c] (One pair : 9)
World reggae shows [2h 2s] (Trips of 2)
World reggae collected 700 from pot
*** SUMMARY ***
Total pot 700 | No rake
Board: [2c Kc 6h 4d 9h]
Seat 2: JoraVartanov (big blind) showed [Qc 9c] and lost with One pair : 9
Seat 3: World reggae (button) showed [2h 2s] and won 700 with Trips of 2


Winamax Poker - Tournament "Expresso Nitro" buyIn: 1.86€ + 0.14€ level: 3 - HandId: #2696629520697393153-10-1675090798 - Holdem no limit (20/40) - 2023/01/30 14:59:58 UTC
Table: 'Expresso Nitro(627857987)#0' 3-max (real money) Seat #3 is the button
Seat 1: _SKR (200)
Seat 3: World reggae (700)
*** ANTE/BLINDS ***
World reggae posts small blind 20
_SKR posts big blind 40
Dealt to _SKR [4d 5d]
*** PRE-FLOP *** 
World reggae folds
_SKR collected 60 from pot
*** SUMMARY ***
Total pot 60 | No rake
Seat 1: _SKR (big blind) won 60


Winamax Poker - Tournament "Expresso Nitro" buyIn: 1.86€ + 0.14€ level: 3 - HandId: #2696629520697393153-11-1675090807 - Holdem no limit (20/40) - 2023/01/30 15:00:07 UTC
Table: 'Expresso Nitro(627857987)#0' 3-max (real money) Seat #1 is the button
Seat 1: _SKR (220)
Seat 3: World reggae (680)
*** ANTE/BLINDS ***
_SKR posts small blind 20
World reggae posts big blind 40
Dealt to _SKR [4h 6d]
*** PRE-FLOP *** 
_SKR folds
World reggae collected 60 from pot
*** SUMMARY ***
Total pot 60 | No rake
Seat 3: World reggae (big blind) won 60


Winamax Poker - Tournament "Expresso Nitro" buyIn: 1.86€ + 0.14€ level: 3 - HandId: #2696629520697393153-12-1675090811 - Holdem no limit (20/40) - 2023/01/30 15:00:11 UTC
Table: 'Expresso Nitro(627857987)#0' 3-max (real money) Seat #3 is the button
Seat 1: _SKR (200)
Seat 3: World reggae (700)
*** ANTE/BLINDS ***
World reggae posts small blind 20
_SKR posts big blind 40
Dealt to _SKR [Qh 2c]
*** PRE-FLOP *** 
World reggae raises 80 to 120
_SKR folds
World reggae collected 160 from pot
*** SUMMARY ***
Total pot 160 | No rake
Seat 3: World reggae (small blind) (button) won 160


Winamax Poker - Tournament "Expresso Nitro" buyIn: 1.86€ + 0.14€ level: 3 - HandId: #2696629520697393153-13-1675090816 - Holdem no limit (20/40) - 2023/01/30 15:00:16 UTC
Table: 'Expresso Nitro(627857987)#0' 3-max (real money) Seat #1 is the button
Seat 1: _SKR (160)
Seat 3: World reggae (740)
*** ANTE/BLINDS ***
_SKR posts small blind 20
World reggae posts big blind 40
Dealt to _SKR [7s 4c]
*** PRE-FLOP *** 
_SKR folds
World reggae collected 60 from pot
*** SUMMARY ***
Total pot 60 | No rake
Seat 3: World reggae (big blind) won 60


Winamax Poker - Tournament "Expresso Nitro" buyIn: 1.86€ + 0.14€ level: 3 - HandId: #2696629520697393153-14-1675090819 - Holdem no limit (20/40) - 2023/01/30 15:00:19 UTC
Table: 'Expresso Nitro(627857987)#0' 3-max (real money) Seat #3 is the button
Seat 1: _SKR (140)
Seat 3: World reggae (760)
*** ANTE/BLINDS ***
World reggae posts small blind 20
_SKR posts big blind 40
Dealt to _SKR [5c Kc]
*** PRE-FLOP *** 
World reggae raises 40 to 80
_SKR raises 60 to 140 and is all-in
World reggae calls 60
*** FLOP *** [9s Kh 3s]
*** TURN *** [9s Kh 3s][Jd]
*** RIVER *** [9s Kh 3s Jd][Ks]
*** SHOW DOWN ***
World reggae shows [4c Ah] (One pair : Kings)
_SKR shows [5c Kc] (Trips of Kings)
_SKR collected 280 from pot
*** SUMMARY ***
Total pot 280 | No rake
Board: [9s Kh 3s Jd Ks]
Seat 1: _SKR (big blind) showed [5c Kc] and won 280 with Trips of Kings
Seat 3: World reggae (small blind) (button) showed [4c Ah] and lost with One pair : Kings


Winamax Poker - Tournament "Expresso Nitro" buyIn: 1.86€ + 0.14€ level: 4 - HandId: #2696629520697393153-15-1675090837 - Holdem no limit (30/60) - 2023/01/30 15:00:37 UTC
Table: 'Expresso Nitro(627857987)#0' 3-max (real money) Seat #1 is the button
Seat 1: _SKR (280)
Seat 3: World reggae (620)
*** ANTE/BLINDS ***
_SKR posts small blind 30
World reggae posts big blind 60
Dealt to _SKR [As 3h]
*** PRE-FLOP *** 
_SKR raises 220 to 280 and is all-in
World reggae raises 220 to 500
*** FLOP *** [2s Qh 9d]
*** TURN *** [2s Qh 9d][3c]
*** RIVER *** [2s Qh 9d 3c][Jh]
*** SHOW DOWN ***
_SKR shows [As 3h] (One pair : 3)
World reggae shows [8s 8d] (One pair : 8)
World reggae collected 780 from pot
*** SUMMARY ***
Total pot 780 | No rake
Board: [2s Qh 9d 3c Jh]
Seat 1: _SKR (small blind) (button) showed [As 3h] and lost with One pair : 3
Seat 3: World reggae (big blind) showed [8s 8d] and won 780 with One pair : 8


