Winamax Poker - Tournament "Hold'em [180 Max]" buyIn: 1.80€ + 0.20€ level: 1 - HandId: #2678084199805616129-1-1676577605 - Holdem no limit (25/100/200) - 2023/02/16 20:00:05 UTC
Table: 'Hold'em [180 Max](623540068)#00' 6-max (real money) Seat #2 is the button
Seat 1: Cote-2-Bluff (20000)
Seat 2: Je Pot Light (20000)
Seat 3: 2Shovo (20000)
Seat 4: cbetvince (20000)
Seat 5: _SKR (20000)
Seat 6: Jeannot38767 (20000)
*** ANTE/BLINDS ***
2Shovo posts ante 25
cbetvince posts ante 25
Cote-2-Bluff posts ante 25
Je Pot Light posts ante 25
_SKR posts ante 25
Jeannot38767 posts ante 25
2Shovo posts small blind 100
cbetvince posts big blind 200
Dealt to _SKR [Jh Ac]
*** PRE-FLOP *** 
_SKR raises 300 to 500
Jeannot38767 folds
Cote-2-Bluff folds
Je Pot Light raises 1050 to 1550
2Shovo folds
cbetvince folds
_SKR calls 1050
*** FLOP *** [7s 9d Tc]
_SKR checks
Je Pot Light bets 1172
_SKR raises 1501 to 2673
Je Pot Light calls 1501
*** TURN *** [7s 9d Tc][6h]
_SKR bets 3714
Je Pot Light calls 3714
*** RIVER *** [7s 9d Tc 6h][5d]
_SKR bets 12038 and is all-in
Je Pot Light calls 12038 and is all-in
*** SHOW DOWN ***
_SKR shows [Jh Ac] (High card : Ace)
Je Pot Light shows [Js Jd] (One pair : Jacks)
Je Pot Light collected 40400 from pot
*** SUMMARY ***
Total pot 40400 | No rake
Board: [7s 9d Tc 6h 5d]
Seat 2: Je Pot Light (button) showed [Js Jd] and won 40400 with One pair : Jacks
Seat 5: _SKR showed [Jh Ac] and lost with High card : Ace


Winamax Poker - Tournament "Hold'em [180 Max]" buyIn: 1.80€ + 0.20€ level: 840971826 - HandId: #2678084199805616135-1-1676577760 - Holdem no limit (25/100/200) - 2023/02/16 20:02:40 UTC
Table: 'Hold'em [180 Max](623540068)#06' 6-max (real money) Seat #2 is the button
Seat 2: _SKR (20000)
Seat 5: Verone_PC49 (20000)
Seat 6: Rey.D.Nato (20400)
*** ANTE/BLINDS ***
Verone_PC49 posts ante 25
Rey.D.Nato posts ante 25
_SKR posts ante 25
Verone_PC49 posts small blind 100
Rey.D.Nato posts big blind 200
Dealt to _SKR [3c Qh]
*** PRE-FLOP *** 
_SKR folds
Verone_PC49 calls 100
Rey.D.Nato checks
*** FLOP *** [3s 6d 2s]
Verone_PC49 bets 309
Rey.D.Nato folds
Verone_PC49 collected 784 from pot
*** SUMMARY ***
Total pot 784 | No rake
Board: [3s 6d 2s]
Seat 5: Verone_PC49 (small blind) won 784


Winamax Poker - Tournament "Hold'em [180 Max]" buyIn: 1.80€ + 0.20€ level: 840971826 - HandId: #2678084199805616135-2-1676577798 - Holdem no limit (25/100/200) - 2023/02/16 20:03:18 UTC
Table: 'Hold'em [180 Max](623540068)#06' 6-max (real money) Seat #5 is the button
Seat 2: _SKR (19975)
Seat 3: AAbi_dum0ine (20000)
Seat 4: Dodishhhhh (19000)
Seat 5: Verone_PC49 (20250)
Seat 6: Rey.D.Nato (20175)
*** ANTE/BLINDS ***
Rey.D.Nato posts ante 25
_SKR posts ante 25
AAbi_dum0ine posts ante 25
Dodishhhhh posts ante 25
Verone_PC49 posts ante 25
Rey.D.Nato posts small blind 100
_SKR posts big blind 200
Dealt to _SKR [Ts 4h]
*** PRE-FLOP *** 
AAbi_dum0ine folds
Dodishhhhh raises 300 to 500
Verone_PC49 folds
Rey.D.Nato folds
_SKR folds
Dodishhhhh collected 925 from pot
*** SUMMARY ***
Total pot 925 | No rake
Seat 4: Dodishhhhh won 925


Winamax Poker - Tournament "Hold'em [180 Max]" buyIn: 1.80€ + 0.20€ level: 840971826 - HandId: #2678084199805616135-3-1676577818 - Holdem no limit (25/100/200) - 2023/02/16 20:03:38 UTC
Table: 'Hold'em [180 Max](623540068)#06' 6-max (real money) Seat #6 is the button
Seat 2: _SKR (19750)
Seat 3: AAbi_dum0ine (19975)
Seat 4: Dodishhhhh (19400)
Seat 5: Verone_PC49 (20225)
Seat 6: Rey.D.Nato (20050)
*** ANTE/BLINDS ***
_SKR posts ante 25
AAbi_dum0ine posts ante 25
Dodishhhhh posts ante 25
Verone_PC49 posts ante 25
Rey.D.Nato posts ante 25
_SKR posts small blind 100
AAbi_dum0ine posts big blind 200
Dealt to _SKR [Ac 9s]
*** PRE-FLOP *** 
Dodishhhhh folds
Verone_PC49 raises 400 to 600
Rey.D.Nato folds
_SKR folds
AAbi_dum0ine folds
Verone_PC49 collected 1025 from pot
*** SUMMARY ***
Total pot 1025 | No rake
Seat 5: Verone_PC49 won 1025


Winamax Poker - Tournament "Hold'em [180 Max]" buyIn: 1.80€ + 0.20€ level: 840971826 - HandId: #2678084199805616135-4-1676577839 - Holdem no limit (25/100/200) - 2023/02/16 20:03:59 UTC
Table: 'Hold'em [180 Max](623540068)#06' 6-max (real money) Seat #2 is the button
Seat 2: _SKR (19625)
Seat 3: AAbi_dum0ine (19750)
Seat 4: Dodishhhhh (19375)
Seat 5: Verone_PC49 (20625)
Seat 6: Rey.D.Nato (20025)
*** ANTE/BLINDS ***
AAbi_dum0ine posts ante 25
Dodishhhhh posts ante 25
_SKR posts ante 25
Verone_PC49 posts ante 25
Rey.D.Nato posts ante 25
AAbi_dum0ine posts small blind 100
Dodishhhhh posts big blind 200
Dealt to _SKR [8s 7c]
*** PRE-FLOP *** 
Verone_PC49 folds
Rey.D.Nato folds
_SKR folds
AAbi_dum0ine folds
Dodishhhhh collected 425 from pot
*** SUMMARY ***
Total pot 425 | No rake
Seat 4: Dodishhhhh (big blind) won 425


Winamax Poker - Tournament "Hold'em [180 Max]" buyIn: 1.80€ + 0.20€ level: 840971826 - HandId: #2678084199805616135-5-1676577856 - Holdem no limit (25/100/200) - 2023/02/16 20:04:16 UTC
Table: 'Hold'em [180 Max](623540068)#06' 6-max (real money) Seat #3 is the button
Seat 2: _SKR (19600)
Seat 3: AAbi_dum0ine (19625)
Seat 4: Dodishhhhh (19575)
Seat 5: Verone_PC49 (20600)
Seat 6: Rey.D.Nato (20000)
*** ANTE/BLINDS ***
Dodishhhhh posts ante 25
Verone_PC49 posts ante 25
_SKR posts ante 25
AAbi_dum0ine posts ante 25
Rey.D.Nato posts ante 25
Dodishhhhh posts small blind 100
Verone_PC49 posts big blind 200
Dealt to _SKR [Qc 9h]
*** PRE-FLOP *** 
Rey.D.Nato folds
_SKR folds
AAbi_dum0ine folds
Dodishhhhh folds
Verone_PC49 collected 425 from pot
*** SUMMARY ***
Total pot 425 | No rake
Seat 5: Verone_PC49 (big blind) won 425


Winamax Poker - Tournament "Hold'em [180 Max]" buyIn: 1.80€ + 0.20€ level: 840971826 - HandId: #2678084199805616135-6-1676577880 - Holdem no limit (25/100/200) - 2023/02/16 20:04:40 UTC
Table: 'Hold'em [180 Max](623540068)#06' 6-max (real money) Seat #4 is the button
Seat 2: _SKR (19575)
Seat 3: AAbi_dum0ine (19600)
Seat 4: Dodishhhhh (19450)
Seat 5: Verone_PC49 (20800)
Seat 6: Rey.D.Nato (19975)
*** ANTE/BLINDS ***
Verone_PC49 posts ante 25
Rey.D.Nato posts ante 25
_SKR posts ante 25
AAbi_dum0ine posts ante 25
Dodishhhhh posts ante 25
Verone_PC49 posts small blind 100
Rey.D.Nato posts big blind 200
Dealt to _SKR [7d 5d]
*** PRE-FLOP *** 
_SKR folds
AAbi_dum0ine folds
Dodishhhhh raises 300 to 500
Verone_PC49 folds
Rey.D.Nato calls 300
*** FLOP *** [5h Kc Ks]
Rey.D.Nato checks
Dodishhhhh checks
*** TURN *** [5h Kc Ks][2s]
Rey.D.Nato checks
Dodishhhhh bets 429
Rey.D.Nato folds
Dodishhhhh collected 1654 from pot
*** SUMMARY ***
Total pot 1654 | No rake
Board: [5h Kc Ks 2s]
Seat 4: Dodishhhhh (button) won 1654


Winamax Poker - Tournament "Hold'em [180 Max]" buyIn: 1.80€ + 0.20€ level: 840971826 - HandId: #2678084199805616135-7-1676577939 - Holdem no limit (25/100/200) - 2023/02/16 20:05:39 UTC
Table: 'Hold'em [180 Max](623540068)#06' 6-max (real money) Seat #5 is the button
Seat 2: _SKR (19550)
Seat 3: AAbi_dum0ine (19575)
Seat 4: Dodishhhhh (20150)
Seat 5: Verone_PC49 (20675)
Seat 6: Rey.D.Nato (19450)
*** ANTE/BLINDS ***
Rey.D.Nato posts ante 25
_SKR posts ante 25
AAbi_dum0ine posts ante 25
Dodishhhhh posts ante 25
Verone_PC49 posts ante 25
Rey.D.Nato posts small blind 100
_SKR posts big blind 200
Dealt to _SKR [4d 8s]
*** PRE-FLOP *** 
AAbi_dum0ine folds
Dodishhhhh raises 300 to 500
Verone_PC49 folds
Rey.D.Nato calls 400
_SKR folds
*** FLOP *** [7h Kh Ks]
Rey.D.Nato bets 994
Dodishhhhh calls 994
*** TURN *** [7h Kh Ks][5d]
Rey.D.Nato bets 1657
Dodishhhhh calls 1657
*** RIVER *** [7h Kh Ks 5d][Kd]
Rey.D.Nato bets 16274 and is all-in
Dodishhhhh raises 700 to 16974 and is all-in
*** SHOW DOWN ***
Rey.D.Nato shows [Th Jh] (Trips of Kings)
Dodishhhhh shows [9c Kc] (Quads of Kings)
Dodishhhhh collected 39875 from pot
*** SUMMARY ***
Total pot 39875 | No rake
Board: [7h Kh Ks 5d Kd]
Seat 4: Dodishhhhh showed [9c Kc] and won 39875 with Quads of Kings
Seat 6: Rey.D.Nato (small blind) showed [Th Jh] and lost with Trips of Kings


Winamax Poker - Tournament "Hold'em [180 Max]" buyIn: 1.80€ + 0.20€ level: 840971826 - HandId: #2678084199805616135-8-1676578038 - Holdem no limit (25/100/200) - 2023/02/16 20:07:18 UTC
Table: 'Hold'em [180 Max](623540068)#06' 6-max (real money) Seat #6 is the button
Seat 1: BE_Phenomeno (20000)
Seat 2: _SKR (19325)
Seat 3: AAbi_dum0ine (19550)
Seat 4: Dodishhhhh (39875)
Seat 5: Verone_PC49 (20650)
Seat 6: luckboxx (20000)
*** ANTE/BLINDS ***
_SKR posts ante 25
AAbi_dum0ine posts ante 25
Dodishhhhh posts ante 25
Verone_PC49 posts ante 25
_SKR posts small blind 100
AAbi_dum0ine posts big blind 200
Dealt to _SKR [Jd 7h]
*** PRE-FLOP *** 
Dodishhhhh folds
Verone_PC49 raises 400 to 600
_SKR folds
AAbi_dum0ine folds
Verone_PC49 collected 1000 from pot
*** SUMMARY ***
Total pot 1000 | No rake
Seat 5: Verone_PC49 won 1000


Winamax Poker - Tournament "Hold'em [180 Max]" buyIn: 1.80€ + 0.20€ level: 840971826 - HandId: #2678084199805616135-9-1676578058 - Holdem no limit (25/100/200) - 2023/02/16 20:07:38 UTC
Table: 'Hold'em [180 Max](623540068)#06' 6-max (real money) Seat #2 is the button
Seat 1: BE_Phenomeno (20000)
Seat 2: _SKR (19200)
Seat 3: AAbi_dum0ine (19325)
Seat 4: Dodishhhhh (39850)
Seat 5: Verone_PC49 (21025)
Seat 6: luckboxx (20000)
*** ANTE/BLINDS ***
AAbi_dum0ine posts ante 25
Dodishhhhh posts ante 25
BE_Phenomeno posts ante 25
_SKR posts ante 25
Verone_PC49 posts ante 25
luckboxx posts ante 25
AAbi_dum0ine posts small blind 100
Dodishhhhh posts big blind 200
Dealt to _SKR [Tc 8h]
*** PRE-FLOP *** 
Verone_PC49 folds
luckboxx raises 300 to 500
BE_Phenomeno folds
_SKR folds
AAbi_dum0ine folds
Dodishhhhh folds
luckboxx collected 950 from pot
*** SUMMARY ***
Total pot 950 | No rake
Seat 6: luckboxx won 950


Winamax Poker - Tournament "Hold'em [180 Max]" buyIn: 1.80€ + 0.20€ level: 840971826 - HandId: #2678084199805616135-10-1676578084 - Holdem no limit (25/100/200) - 2023/02/16 20:08:04 UTC
Table: 'Hold'em [180 Max](623540068)#06' 6-max (real money) Seat #3 is the button
Seat 1: BE_Phenomeno (19975)
Seat 2: _SKR (19175)
Seat 3: AAbi_dum0ine (19200)
Seat 4: Dodishhhhh (39625)
Seat 5: Verone_PC49 (21000)
Seat 6: luckboxx (20425)
*** ANTE/BLINDS ***
Dodishhhhh posts ante 25
Verone_PC49 posts ante 25
BE_Phenomeno posts ante 25
_SKR posts ante 25
AAbi_dum0ine posts ante 25
luckboxx posts ante 25
Dodishhhhh posts small blind 100
Verone_PC49 posts big blind 200
Dealt to _SKR [3h 6s]
*** PRE-FLOP *** 
luckboxx folds
BE_Phenomeno folds
_SKR folds
AAbi_dum0ine raises 300 to 500
Dodishhhhh folds
Verone_PC49 folds
AAbi_dum0ine collected 950 from pot
*** SUMMARY ***
Total pot 950 | No rake
Seat 3: AAbi_dum0ine (button) won 950


Winamax Poker - Tournament "Hold'em [180 Max]" buyIn: 1.80€ + 0.20€ level: 840971826 - HandId: #2678084199805616135-11-1676578106 - Holdem no limit (25/100/200) - 2023/02/16 20:08:26 UTC
Table: 'Hold'em [180 Max](623540068)#06' 6-max (real money) Seat #4 is the button
Seat 1: BE_Phenomeno (19950)
Seat 2: _SKR (19150)
Seat 3: AAbi_dum0ine (19625)
Seat 4: Dodishhhhh (39500)
Seat 5: Verone_PC49 (20775)
Seat 6: luckboxx (20400)
*** ANTE/BLINDS ***
Verone_PC49 posts ante 25
luckboxx posts ante 25
BE_Phenomeno posts ante 25
_SKR posts ante 25
AAbi_dum0ine posts ante 25
Dodishhhhh posts ante 25
Verone_PC49 posts small blind 100
luckboxx posts big blind 200
Dealt to _SKR [Qh 9c]
*** PRE-FLOP *** 
BE_Phenomeno calls 200
_SKR folds
AAbi_dum0ine folds
Dodishhhhh folds
Verone_PC49 folds
luckboxx checks
*** FLOP *** [6h Th 4h]
luckboxx checks
BE_Phenomeno bets 423
luckboxx folds
BE_Phenomeno collected 1073 from pot
*** SUMMARY ***
Total pot 1073 | No rake
Board: [6h Th 4h]
Seat 1: BE_Phenomeno won 1073


Winamax Poker - Tournament "Hold'em [180 Max]" buyIn: 1.80€ + 0.20€ level: 840971826 - HandId: #2678084199805616135-12-1676578138 - Holdem no limit (25/100/200) - 2023/02/16 20:08:58 UTC
Table: 'Hold'em [180 Max](623540068)#06' 6-max (real money) Seat #5 is the button
Seat 1: BE_Phenomeno (20375)
Seat 2: _SKR (19125)
Seat 3: AAbi_dum0ine (19600)
Seat 4: Dodishhhhh (39475)
Seat 5: Verone_PC49 (20650)
Seat 6: luckboxx (20175)
*** ANTE/BLINDS ***
luckboxx posts ante 25
BE_Phenomeno posts ante 25
_SKR posts ante 25
AAbi_dum0ine posts ante 25
Dodishhhhh posts ante 25
Verone_PC49 posts ante 25
luckboxx posts small blind 100
BE_Phenomeno posts big blind 200
Dealt to _SKR [7s As]
*** PRE-FLOP *** 
_SKR raises 300 to 500
AAbi_dum0ine folds
Dodishhhhh folds
Verone_PC49 raises 1250 to 1750
luckboxx folds
BE_Phenomeno folds
_SKR folds
Verone_PC49 collected 2700 from pot
*** SUMMARY ***
Total pot 2700 | No rake
Seat 5: Verone_PC49 (button) won 2700


Winamax Poker - Tournament "Hold'em [180 Max]" buyIn: 1.80€ + 0.20€ level: 840971826 - HandId: #2678084199805616135-13-1676578185 - Holdem no limit (25/100/200) - 2023/02/16 20:09:45 UTC
Table: 'Hold'em [180 Max](623540068)#06' 6-max (real money) Seat #6 is the button
Seat 1: BE_Phenomeno (20150)
Seat 2: _SKR (18600)
Seat 3: AAbi_dum0ine (19575)
Seat 4: Dodishhhhh (39450)
Seat 5: Verone_PC49 (21575)
Seat 6: luckboxx (20050)
*** ANTE/BLINDS ***
BE_Phenomeno posts ante 25
_SKR posts ante 25
AAbi_dum0ine posts ante 25
Dodishhhhh posts ante 25
Verone_PC49 posts ante 25
luckboxx posts ante 25
BE_Phenomeno posts small blind 100
_SKR posts big blind 200
Dealt to _SKR [8s 6c]
*** PRE-FLOP *** 
AAbi_dum0ine folds
Dodishhhhh folds
Verone_PC49 folds
luckboxx folds
BE_Phenomeno raises 250 to 450
_SKR folds
BE_Phenomeno collected 800 from pot
*** SUMMARY ***
Total pot 800 | No rake
Seat 1: BE_Phenomeno (small blind) won 800


Winamax Poker - Tournament "Hold'em [180 Max]" buyIn: 1.80€ + 0.20€ level: 840971826 - HandId: #2678084199805616135-14-1676578218 - Holdem no limit (25/100/200) - 2023/02/16 20:10:18 UTC
Table: 'Hold'em [180 Max](623540068)#06' 6-max (real money) Seat #1 is the button
Seat 1: BE_Phenomeno (20475)
Seat 2: _SKR (18375)
Seat 3: AAbi_dum0ine (19550)
Seat 4: Dodishhhhh (39425)
Seat 5: Verone_PC49 (21550)
Seat 6: luckboxx (20025)
*** ANTE/BLINDS ***
_SKR posts ante 25
AAbi_dum0ine posts ante 25
BE_Phenomeno posts ante 25
Dodishhhhh posts ante 25
Verone_PC49 posts ante 25
luckboxx posts ante 25
_SKR posts small blind 100
AAbi_dum0ine posts big blind 200
Dealt to _SKR [Th 7c]
*** PRE-FLOP *** 
Dodishhhhh raises 300 to 500
Verone_PC49 calls 500
luckboxx folds
BE_Phenomeno folds
_SKR folds
AAbi_dum0ine folds
*** FLOP *** [4h 9d Ad]
Dodishhhhh checks
Verone_PC49 bets 600
Dodishhhhh folds
Verone_PC49 collected 2050 from pot
*** SUMMARY ***
Total pot 2050 | No rake
Board: [4h 9d Ad]
Seat 5: Verone_PC49 won 2050


Winamax Poker - Tournament "Hold'em [180 Max]" buyIn: 1.80€ + 0.20€ level: 840971826 - HandId: #2678084199805616135-15-1676578261 - Holdem no limit (25/100/200) - 2023/02/16 20:11:01 UTC
Table: 'Hold'em [180 Max](623540068)#06' 6-max (real money) Seat #2 is the button
Seat 1: BE_Phenomeno (20450)
Seat 2: _SKR (18250)
Seat 3: AAbi_dum0ine (19325)
Seat 4: Dodishhhhh (38900)
Seat 5: Verone_PC49 (22475)
Seat 6: luckboxx (20000)
*** ANTE/BLINDS ***
AAbi_dum0ine posts ante 25
Dodishhhhh posts ante 25
BE_Phenomeno posts ante 25
_SKR posts ante 25
Verone_PC49 posts ante 25
luckboxx posts ante 25
AAbi_dum0ine posts small blind 100
Dodishhhhh posts big blind 200
Dealt to _SKR [Ah 3d]
*** PRE-FLOP *** 
Verone_PC49 folds
luckboxx folds
BE_Phenomeno folds
_SKR raises 300 to 500
AAbi_dum0ine calls 400
Dodishhhhh calls 300
*** FLOP *** [Ks 9h Ac]
AAbi_dum0ine checks
Dodishhhhh checks
_SKR bets 578
AAbi_dum0ine calls 578
Dodishhhhh calls 578
*** TURN *** [Ks 9h Ac][9c]
AAbi_dum0ine checks
Dodishhhhh checks
_SKR checks
*** RIVER *** [Ks 9h Ac 9c][Ts]
AAbi_dum0ine checks
Dodishhhhh checks
_SKR bets 1692
AAbi_dum0ine folds
Dodishhhhh calls 1692
*** SHOW DOWN ***
Dodishhhhh shows [Qh Kh] (Two pairs : Kings and 9)
_SKR shows [Ah 3d] (Two pairs : Aces and 9)
_SKR collected 6768 from pot
*** SUMMARY ***
Total pot 6768 | No rake
Board: [Ks 9h Ac 9c Ts]
Seat 2: _SKR (button) showed [Ah 3d] and won 6768 with Two pairs : Aces and 9
Seat 4: Dodishhhhh (big blind) showed [Qh Kh] and lost with Two pairs : Kings and 9


Winamax Poker - Tournament "Hold'em [180 Max]" buyIn: 1.80€ + 0.20€ level: 840971826 - HandId: #2678084199805616135-16-1676578352 - Holdem no limit (25/100/200) - 2023/02/16 20:12:32 UTC
Table: 'Hold'em [180 Max](623540068)#06' 6-max (real money) Seat #3 is the button
Seat 1: BE_Phenomeno (20425)
Seat 2: _SKR (22223)
Seat 3: AAbi_dum0ine (18222)
Seat 4: Dodishhhhh (36105)
Seat 5: Verone_PC49 (22450)
*** ANTE/BLINDS ***
Dodishhhhh posts ante 25
Verone_PC49 posts ante 25
BE_Phenomeno posts ante 25
_SKR posts ante 25
AAbi_dum0ine posts ante 25
Dodishhhhh posts small blind 100
Verone_PC49 posts big blind 200
Dealt to _SKR [4c 7c]
*** PRE-FLOP *** 
BE_Phenomeno folds
_SKR folds
AAbi_dum0ine folds
Dodishhhhh raises 300 to 500
Verone_PC49 folds
Dodishhhhh collected 825 from pot
*** SUMMARY ***
Total pot 825 | No rake
Seat 4: Dodishhhhh (small blind) won 825


Winamax Poker - Tournament "Hold'em [180 Max]" buyIn: 1.80€ + 0.20€ level: 840971826 - HandId: #2678084199805616135-17-1676578365 - Holdem no limit (25/100/200) - 2023/02/16 20:12:45 UTC
Table: 'Hold'em [180 Max](623540068)#06' 6-max (real money) Seat #4 is the button
Seat 1: BE_Phenomeno (20400)
Seat 2: _SKR (22198)
Seat 3: AAbi_dum0ine (18197)
Seat 4: Dodishhhhh (36405)
Seat 5: Verone_PC49 (22225)
*** ANTE/BLINDS ***
Verone_PC49 posts ante 25
BE_Phenomeno posts ante 25
_SKR posts ante 25
AAbi_dum0ine posts ante 25
Dodishhhhh posts ante 25
Verone_PC49 posts small blind 100
BE_Phenomeno posts big blind 200
Dealt to _SKR [7c Jh]
*** PRE-FLOP *** 
_SKR folds
AAbi_dum0ine folds
Dodishhhhh folds
Verone_PC49 folds
BE_Phenomeno collected 425 from pot
*** SUMMARY ***
Total pot 425 | No rake
Seat 1: BE_Phenomeno (big blind) won 425


Winamax Poker - Tournament "Hold'em [180 Max]" buyIn: 1.80€ + 0.20€ level: 840971826 - HandId: #2678084199805616135-18-1676578392 - Holdem no limit (25/100/200) - 2023/02/16 20:13:12 UTC
Table: 'Hold'em [180 Max](623540068)#06' 6-max (real money) Seat #5 is the button
Seat 1: BE_Phenomeno (20600)
Seat 2: _SKR (22173)
Seat 3: AAbi_dum0ine (18172)
Seat 4: Dodishhhhh (36380)
Seat 5: Verone_PC49 (22100)
*** ANTE/BLINDS ***
BE_Phenomeno posts ante 25
_SKR posts ante 25
AAbi_dum0ine posts ante 25
Dodishhhhh posts ante 25
Verone_PC49 posts ante 25
BE_Phenomeno posts small blind 100
_SKR posts big blind 200
Dealt to _SKR [4s 3c]
*** PRE-FLOP *** 
AAbi_dum0ine folds
Dodishhhhh folds
Verone_PC49 folds
BE_Phenomeno raises 400 to 600
_SKR folds
BE_Phenomeno collected 925 from pot
*** SUMMARY ***
Total pot 925 | No rake
Seat 1: BE_Phenomeno (small blind) won 925


Winamax Poker - Tournament "Hold'em [180 Max]" buyIn: 1.80€ + 0.20€ level: 840971826 - HandId: #2678084199805616135-19-1676578421 - Holdem no limit (25/100/200) - 2023/02/16 20:13:41 UTC
Table: 'Hold'em [180 Max](623540068)#06' 6-max (real money) Seat #1 is the button
Seat 1: BE_Phenomeno (20900)
Seat 2: _SKR (21948)
Seat 3: AAbi_dum0ine (18147)
Seat 4: Dodishhhhh (36355)
Seat 5: Verone_PC49 (22075)
*** ANTE/BLINDS ***
_SKR posts ante 25
AAbi_dum0ine posts ante 25
BE_Phenomeno posts ante 25
Dodishhhhh posts ante 25
Verone_PC49 posts ante 25
_SKR posts small blind 100
AAbi_dum0ine posts big blind 200
Dealt to _SKR [Jc 5h]
*** PRE-FLOP *** 
Dodishhhhh folds
Verone_PC49 folds
BE_Phenomeno folds
_SKR folds
AAbi_dum0ine collected 425 from pot
*** SUMMARY ***
Total pot 425 | No rake
Seat 3: AAbi_dum0ine (big blind) won 425


Winamax Poker - Tournament "Hold'em [180 Max]" buyIn: 1.80€ + 0.20€ level: 840971826 - HandId: #2678084199805616135-20-1676578429 - Holdem no limit (25/100/200) - 2023/02/16 20:13:49 UTC
Table: 'Hold'em [180 Max](623540068)#06' 6-max (real money) Seat #2 is the button
Seat 1: BE_Phenomeno (20875)
Seat 2: _SKR (21823)
Seat 3: AAbi_dum0ine (18347)
Seat 4: Dodishhhhh (36330)
Seat 5: Verone_PC49 (22050)
*** ANTE/BLINDS ***
AAbi_dum0ine posts ante 25
Dodishhhhh posts ante 25
BE_Phenomeno posts ante 25
_SKR posts ante 25
Verone_PC49 posts ante 25
AAbi_dum0ine posts small blind 100
Dodishhhhh posts big blind 200
Dealt to _SKR [Ad 5d]
*** PRE-FLOP *** 
Verone_PC49 folds
BE_Phenomeno folds
_SKR raises 300 to 500
AAbi_dum0ine calls 400
Dodishhhhh folds
*** FLOP *** [9d 3c 7h]
AAbi_dum0ine checks
_SKR checks
*** TURN *** [9d 3c 7h][Th]
AAbi_dum0ine checks
_SKR checks
*** RIVER *** [9d 3c 7h Th][2h]
AAbi_dum0ine checks
_SKR checks
*** SHOW DOWN ***
_SKR shows [Ad 5d] (High card : Ace)
AAbi_dum0ine shows [Ts Qs] (One pair : Tens)
AAbi_dum0ine collected 1325 from pot
*** SUMMARY ***
Total pot 1325 | No rake
Board: [9d 3c 7h Th 2h]
Seat 2: _SKR (button) showed [Ad 5d] and lost with High card : Ace
Seat 3: AAbi_dum0ine (small blind) showed [Ts Qs] and won 1325 with One pair : Tens


Winamax Poker - Tournament "Hold'em [180 Max]" buyIn: 1.80€ + 0.20€ level: 840971826 - HandId: #2678084199805616135-21-1676578475 - Holdem no limit (25/100/200) - 2023/02/16 20:14:35 UTC
Table: 'Hold'em [180 Max](623540068)#06' 6-max (real money) Seat #3 is the button
Seat 1: BE_Phenomeno (20850)
Seat 2: _SKR (21298)
Seat 3: AAbi_dum0ine (19147)
Seat 4: Dodishhhhh (36105)
Seat 5: Verone_PC49 (22025)
*** ANTE/BLINDS ***
Dodishhhhh posts ante 25
Verone_PC49 posts ante 25
BE_Phenomeno posts ante 25
_SKR posts ante 25
AAbi_dum0ine posts ante 25
Dodishhhhh posts small blind 100
Verone_PC49 posts big blind 200
Dealt to _SKR [2d 2h]
*** PRE-FLOP *** 
BE_Phenomeno folds
_SKR raises 300 to 500
AAbi_dum0ine folds
Dodishhhhh calls 400
Verone_PC49 folds
*** FLOP *** [Th Qc 4c]
Dodishhhhh checks
_SKR checks
*** TURN *** [Th Qc 4c][6d]
Dodishhhhh bets 663
_SKR folds
Dodishhhhh collected 1988 from pot
*** SUMMARY ***
Total pot 1988 | No rake
Board: [Th Qc 4c 6d]
Seat 4: Dodishhhhh (small blind) won 1988


Winamax Poker - Tournament "Hold'em [180 Max]" buyIn: 1.80€ + 0.20€ level: 840971826 - HandId: #2678084199805616135-22-1676578512 - Holdem no limit (25/100/200) - 2023/02/16 20:15:12 UTC
Table: 'Hold'em [180 Max](623540068)#06' 6-max (real money) Seat #4 is the button
Seat 1: BE_Phenomeno (20825)
Seat 2: _SKR (20773)
Seat 3: AAbi_dum0ine (19122)
Seat 4: Dodishhhhh (36905)
Seat 5: Verone_PC49 (21800)
*** ANTE/BLINDS ***
Verone_PC49 posts ante 25
BE_Phenomeno posts ante 25
_SKR posts ante 25
AAbi_dum0ine posts ante 25
Dodishhhhh posts ante 25
Verone_PC49 posts small blind 100
BE_Phenomeno posts big blind 200
Dealt to _SKR [7d Ad]
*** PRE-FLOP *** 
_SKR raises 300 to 500
AAbi_dum0ine folds
Dodishhhhh folds
Verone_PC49 raises 1700 to 2200
BE_Phenomeno folds
_SKR folds
Verone_PC49 collected 3025 from pot
*** SUMMARY ***
Total pot 3025 | No rake
Seat 5: Verone_PC49 (small blind) won 3025


Winamax Poker - Tournament "Hold'em [180 Max]" buyIn: 1.80€ + 0.20€ level: 840971826 - HandId: #2678084199805616135-23-1676578551 - Holdem no limit (25/100/200) - 2023/02/16 20:15:51 UTC
Table: 'Hold'em [180 Max](623540068)#06' 6-max (real money) Seat #5 is the button
Seat 1: BE_Phenomeno (20600)
Seat 2: _SKR (20248)
Seat 3: AAbi_dum0ine (19097)
Seat 4: Dodishhhhh (36880)
Seat 5: Verone_PC49 (22600)
Seat 6: Lob0fr (20000)
*** ANTE/BLINDS ***
BE_Phenomeno posts ante 25
_SKR posts ante 25
AAbi_dum0ine posts ante 25
Dodishhhhh posts ante 25
Verone_PC49 posts ante 25
BE_Phenomeno posts small blind 100
_SKR posts big blind 200
Dealt to _SKR [5s Th]
*** PRE-FLOP *** 
AAbi_dum0ine folds
Dodishhhhh folds
Verone_PC49 folds
BE_Phenomeno raises 300 to 500
_SKR folds
BE_Phenomeno collected 825 from pot
*** SUMMARY ***
Total pot 825 | No rake
Seat 1: BE_Phenomeno (small blind) won 825


Winamax Poker - Tournament "Hold'em [180 Max]" buyIn: 1.80€ + 0.20€ level: 840971826 - HandId: #2678084199805616135-24-1676578576 - Holdem no limit (25/100/200) - 2023/02/16 20:16:16 UTC
Table: 'Hold'em [180 Max](623540068)#06' 6-max (real money) Seat #1 is the button
Seat 1: BE_Phenomeno (20900)
Seat 2: _SKR (20023)
Seat 3: AAbi_dum0ine (19072)
Seat 4: Dodishhhhh (36855)
Seat 5: Verone_PC49 (22575)
Seat 6: Lob0fr (20000)
*** ANTE/BLINDS ***
_SKR posts ante 25
AAbi_dum0ine posts ante 25
BE_Phenomeno posts ante 25
Dodishhhhh posts ante 25
Verone_PC49 posts ante 25
Lob0fr posts ante 25
_SKR posts small blind 100
AAbi_dum0ine posts big blind 200
Dealt to _SKR [Qh 7h]
*** PRE-FLOP *** 
Dodishhhhh folds
Verone_PC49 raises 400 to 600
Lob0fr folds
BE_Phenomeno folds
_SKR folds
AAbi_dum0ine folds
Verone_PC49 collected 1050 from pot
*** SUMMARY ***
Total pot 1050 | No rake
Seat 5: Verone_PC49 won 1050


Winamax Poker - Tournament "Hold'em [180 Max]" buyIn: 1.80€ + 0.20€ level: 840971826 - HandId: #2678084199805616135-25-1676578609 - Holdem no limit (25/100/200) - 2023/02/16 20:16:49 UTC
Table: 'Hold'em [180 Max](623540068)#06' 6-max (real money) Seat #2 is the button
Seat 1: BE_Phenomeno (20875)
Seat 2: _SKR (19898)
Seat 3: AAbi_dum0ine (18847)
Seat 4: Dodishhhhh (36830)
Seat 5: Verone_PC49 (23000)
Seat 6: Lob0fr (19975)
*** ANTE/BLINDS ***
AAbi_dum0ine posts ante 25
Dodishhhhh posts ante 25
BE_Phenomeno posts ante 25
_SKR posts ante 25
Verone_PC49 posts ante 25
Lob0fr posts ante 25
AAbi_dum0ine posts small blind 100
Dodishhhhh posts big blind 200
Dealt to _SKR [2h 3d]
*** PRE-FLOP *** 
Verone_PC49 folds
Lob0fr raises 300 to 500
BE_Phenomeno folds
_SKR folds
AAbi_dum0ine folds
Dodishhhhh calls 300
*** FLOP *** [4c Ts 4h]
Dodishhhhh checks
Lob0fr checks
*** TURN *** [4c Ts 4h][5d]
Dodishhhhh bets 625
Lob0fr calls 625
*** RIVER *** [4c Ts 4h 5d][2s]
Dodishhhhh bets 1250
Lob0fr folds
Dodishhhhh collected 3750 from pot
*** SUMMARY ***
Total pot 3750 | No rake
Board: [4c Ts 4h 5d 2s]
Seat 4: Dodishhhhh (big blind) won 3750


Winamax Poker - Tournament "Hold'em [180 Max]" buyIn: 1.80€ + 0.20€ level: 840971826 - HandId: #2678084199805616135-26-1676578662 - Holdem no limit (25/100/200) - 2023/02/16 20:17:42 UTC
Table: 'Hold'em [180 Max](623540068)#06' 6-max (real money) Seat #3 is the button
Seat 1: BE_Phenomeno (20850)
Seat 2: _SKR (19873)
Seat 3: AAbi_dum0ine (18722)
Seat 4: Dodishhhhh (38180)
Seat 5: Verone_PC49 (22975)
*** ANTE/BLINDS ***
Dodishhhhh posts ante 25
Verone_PC49 posts ante 25
BE_Phenomeno posts ante 25
_SKR posts ante 25
AAbi_dum0ine posts ante 25
Dodishhhhh posts small blind 100
Verone_PC49 posts big blind 200
Dealt to _SKR [As Jc]
*** PRE-FLOP *** 
BE_Phenomeno folds
_SKR raises 300 to 500
AAbi_dum0ine calls 500
Dodishhhhh folds
Verone_PC49 folds
*** FLOP *** [Qd Kd Td]
_SKR bets 1140
AAbi_dum0ine folds
_SKR collected 2565 from pot
*** SUMMARY ***
Total pot 2565 | No rake
Board: [Qd Kd Td]
Seat 2: _SKR won 2565


Winamax Poker - Tournament "Hold'em [180 Max]" buyIn: 1.80€ + 0.20€ level: 840971826 - HandId: #2678084199805616135-27-1676578704 - Holdem no limit (25/100/200) - 2023/02/16 20:18:24 UTC
Table: 'Hold'em [180 Max](623540068)#06' 6-max (real money) Seat #4 is the button
Seat 1: BE_Phenomeno (20825)
Seat 2: _SKR (20773)
Seat 3: AAbi_dum0ine (18197)
Seat 4: Dodishhhhh (38055)
Seat 5: Verone_PC49 (22750)
*** ANTE/BLINDS ***
Verone_PC49 posts ante 25
BE_Phenomeno posts ante 25
_SKR posts ante 25
AAbi_dum0ine posts ante 25
Dodishhhhh posts ante 25
Verone_PC49 posts small blind 100
BE_Phenomeno posts big blind 200
Dealt to _SKR [Ah Qc]
*** PRE-FLOP *** 
_SKR raises 300 to 500
AAbi_dum0ine folds
Dodishhhhh calls 500
Verone_PC49 folds
BE_Phenomeno folds
*** FLOP *** [Kh 8s 6s]
_SKR bets 499
Dodishhhhh calls 499
*** TURN *** [Kh 8s 6s][Jd]
_SKR bets 1212
Dodishhhhh calls 1212
*** RIVER *** [Kh 8s 6s Jd][Qd]
_SKR checks
Dodishhhhh bets 3878
_SKR folds
Dodishhhhh collected 8725 from pot
*** SUMMARY ***
Total pot 8725 | No rake
Board: [Kh 8s 6s Jd Qd]
Seat 4: Dodishhhhh (button) won 8725


Winamax Poker - Tournament "Hold'em [180 Max]" buyIn: 1.80€ + 0.20€ level: 840971826 - HandId: #2678084199805616135-28-1676578757 - Holdem no limit (25/100/200) - 2023/02/16 20:19:17 UTC
Table: 'Hold'em [180 Max](623540068)#06' 6-max (real money) Seat #5 is the button
Seat 1: BE_Phenomeno (20600)
Seat 2: _SKR (18537)
Seat 3: AAbi_dum0ine (18172)
Seat 4: Dodishhhhh (40666)
Seat 5: Verone_PC49 (22625)
Seat 6: Loladu49 (20000)
*** ANTE/BLINDS ***
BE_Phenomeno posts ante 25
_SKR posts ante 25
AAbi_dum0ine posts ante 25
Dodishhhhh posts ante 25
Verone_PC49 posts ante 25
BE_Phenomeno posts small blind 100
_SKR posts big blind 200
Dealt to _SKR [4c 7c]
*** PRE-FLOP *** 
AAbi_dum0ine folds
Dodishhhhh raises 300 to 500
Verone_PC49 folds
BE_Phenomeno folds
_SKR folds
Dodishhhhh collected 925 from pot
*** SUMMARY ***
Total pot 925 | No rake
Seat 4: Dodishhhhh won 925


Winamax Poker - Tournament "Hold'em [180 Max]" buyIn: 1.80€ + 0.20€ level: 840971826 - HandId: #2678084199805616135-29-1676578785 - Holdem no limit (25/100/200) - 2023/02/16 20:19:45 UTC
Table: 'Hold'em [180 Max](623540068)#06' 6-max (real money) Seat #1 is the button
Seat 1: BE_Phenomeno (20475)
Seat 2: _SKR (18312)
Seat 3: AAbi_dum0ine (18147)
Seat 4: Dodishhhhh (41066)
Seat 5: Verone_PC49 (22600)
Seat 6: Loladu49 (20000)
*** ANTE/BLINDS ***
_SKR posts ante 25
AAbi_dum0ine posts ante 25
BE_Phenomeno posts ante 25
Dodishhhhh posts ante 25
Verone_PC49 posts ante 25
Loladu49 posts ante 25
_SKR posts small blind 100
AAbi_dum0ine posts big blind 200
Dealt to _SKR [2c Th]
*** PRE-FLOP *** 
Dodishhhhh folds
Verone_PC49 folds
Loladu49 folds
BE_Phenomeno folds
_SKR folds
AAbi_dum0ine collected 450 from pot
*** SUMMARY ***
Total pot 450 | No rake
Seat 3: AAbi_dum0ine (big blind) won 450


Winamax Poker - Tournament "Hold'em [180 Max]" buyIn: 1.80€ + 0.20€ level: 840971826 - HandId: #2678084199805616135-30-1676578790 - Holdem no limit (25/100/200) - 2023/02/16 20:19:50 UTC
Table: 'Hold'em [180 Max](623540068)#06' 6-max (real money) Seat #2 is the button
Seat 1: BE_Phenomeno (20450)
Seat 2: _SKR (18187)
Seat 3: AAbi_dum0ine (18372)
Seat 4: Dodishhhhh (41041)
Seat 5: Verone_PC49 (22575)
Seat 6: Loladu49 (19975)
*** ANTE/BLINDS ***
AAbi_dum0ine posts ante 25
Dodishhhhh posts ante 25
BE_Phenomeno posts ante 25
_SKR posts ante 25
Verone_PC49 posts ante 25
Loladu49 posts ante 25
AAbi_dum0ine posts small blind 100
Dodishhhhh posts big blind 200
Dealt to _SKR [9d Js]
*** PRE-FLOP *** 
Verone_PC49 folds
Loladu49 folds
BE_Phenomeno folds
_SKR folds
AAbi_dum0ine raises 500 to 700
Dodishhhhh calls 500
*** FLOP *** [3d Jh Qd]
AAbi_dum0ine checks
Dodishhhhh bets 543
AAbi_dum0ine folds
Dodishhhhh collected 2093 from pot
*** SUMMARY ***
Total pot 2093 | No rake
Board: [3d Jh Qd]
Seat 4: Dodishhhhh (big blind) won 2093


Winamax Poker - Tournament "Hold'em [180 Max]" buyIn: 1.80€ + 0.20€ level: 840971826 - HandId: #2678084199805616135-31-1676578855 - Holdem no limit (25/100/200) - 2023/02/16 20:20:55 UTC
Table: 'Hold'em [180 Max](623540068)#06' 6-max (real money) Seat #3 is the button
Seat 1: BE_Phenomeno (20425)
Seat 2: _SKR (18162)
Seat 3: AAbi_dum0ine (17647)
Seat 4: Dodishhhhh (41866)
Seat 5: Verone_PC49 (22550)
Seat 6: Loladu49 (19950)
*** ANTE/BLINDS ***
Dodishhhhh posts ante 25
Verone_PC49 posts ante 25
BE_Phenomeno posts ante 25
_SKR posts ante 25
AAbi_dum0ine posts ante 25
Loladu49 posts ante 25
Dodishhhhh posts small blind 100
Verone_PC49 posts big blind 200
Dealt to _SKR [Qh Td]
*** PRE-FLOP *** 
Loladu49 folds
BE_Phenomeno folds
_SKR folds
AAbi_dum0ine raises 300 to 500
Dodishhhhh calls 400
Verone_PC49 folds
*** FLOP *** [Jd 5d Kc]
Dodishhhhh checks
AAbi_dum0ine checks
*** TURN *** [Jd 5d Kc][3d]
Dodishhhhh checks
AAbi_dum0ine checks
*** RIVER *** [Jd 5d Kc 3d][2h]
Dodishhhhh checks
AAbi_dum0ine checks
*** SHOW DOWN ***
Dodishhhhh shows [7c Ah] (High card : Ace)
AAbi_dum0ine shows [5s Ad] (One pair : 5)
AAbi_dum0ine collected 1350 from pot
*** SUMMARY ***
Total pot 1350 | No rake
Board: [Jd 5d Kc 3d 2h]
Seat 3: AAbi_dum0ine (button) showed [5s Ad] and won 1350 with One pair : 5
Seat 4: Dodishhhhh (small blind) showed [7c Ah] and lost with High card : Ace


Winamax Poker - Tournament "Hold'em [180 Max]" buyIn: 1.80€ + 0.20€ level: 840971826 - HandId: #2678084199805616135-32-1676578930 - Holdem no limit (25/100/200) - 2023/02/16 20:22:10 UTC
Table: 'Hold'em [180 Max](623540068)#06' 6-max (real money) Seat #4 is the button
Seat 1: BE_Phenomeno (20400)
Seat 2: _SKR (18137)
Seat 3: AAbi_dum0ine (18472)
Seat 4: Dodishhhhh (41341)
Seat 5: Verone_PC49 (22325)
Seat 6: Loladu49 (19925)
*** ANTE/BLINDS ***
Verone_PC49 posts ante 25
Loladu49 posts ante 25
BE_Phenomeno posts ante 25
_SKR posts ante 25
AAbi_dum0ine posts ante 25
Dodishhhhh posts ante 25
Verone_PC49 posts small blind 100
Loladu49 posts big blind 200
Dealt to _SKR [4h Tc]
*** PRE-FLOP *** 
BE_Phenomeno raises 400 to 600
_SKR folds
AAbi_dum0ine folds
Dodishhhhh folds
Verone_PC49 folds
Loladu49 calls 400
*** FLOP *** [Kc 9c 6c]
Loladu49 checks
BE_Phenomeno checks
*** TURN *** [Kc 9c 6c][Qs]
Loladu49 checks
BE_Phenomeno bets 725
Loladu49 calls 725
*** RIVER *** [Kc 9c 6c Qs][Ac]
Loladu49 checks
BE_Phenomeno checks
*** SHOW DOWN ***
BE_Phenomeno shows [Ad Ah] (Trips of Aces)
Loladu49 shows [Jh Th] (Straight Ace high)
Loladu49 collected 2900 from pot
*** SUMMARY ***
Total pot 2900 | No rake
Board: [Kc 9c 6c Qs Ac]
Seat 1: BE_Phenomeno showed [Ad Ah] and lost with Trips of Aces
Seat 6: Loladu49 (big blind) showed [Jh Th] and won 2900 with Straight Ace high


Winamax Poker - Tournament "Hold'em [180 Max]" buyIn: 1.80€ + 0.20€ level: 840971826 - HandId: #2678084199805616135-33-1676579006 - Holdem no limit (25/100/200) - 2023/02/16 20:23:26 UTC
Table: 'Hold'em [180 Max](623540068)#06' 6-max (real money) Seat #5 is the button
Seat 1: BE_Phenomeno (19050)
Seat 2: _SKR (18112)
Seat 3: AAbi_dum0ine (18447)
Seat 4: Dodishhhhh (41316)
Seat 5: Verone_PC49 (22200)
Seat 6: Loladu49 (21475)
*** ANTE/BLINDS ***
Loladu49 posts ante 25
BE_Phenomeno posts ante 25
_SKR posts ante 25
AAbi_dum0ine posts ante 25
Dodishhhhh posts ante 25
Verone_PC49 posts ante 25
Loladu49 posts small blind 100
BE_Phenomeno posts big blind 200
Dealt to _SKR [5s 3h]
*** PRE-FLOP *** 
_SKR folds
AAbi_dum0ine folds
Dodishhhhh folds
Verone_PC49 raises 400 to 600
Loladu49 raises 1800 to 2400
BE_Phenomeno folds
Verone_PC49 folds
Loladu49 collected 3350 from pot
*** SUMMARY ***
Total pot 3350 | No rake
Seat 6: Loladu49 (small blind) won 3350


Winamax Poker - Tournament "Hold'em [180 Max]" buyIn: 1.80€ + 0.20€ level: 840971826 - HandId: #2678084199805616135-34-1676579053 - Holdem no limit (25/100/200) - 2023/02/16 20:24:13 UTC
Table: 'Hold'em [180 Max](623540068)#06' 6-max (real money) Seat #6 is the button
Seat 1: BE_Phenomeno (18825)
Seat 2: _SKR (18087)
Seat 3: AAbi_dum0ine (18422)
Seat 4: Dodishhhhh (41291)
Seat 5: Verone_PC49 (21575)
Seat 6: Loladu49 (22400)
*** ANTE/BLINDS ***
BE_Phenomeno posts ante 25
_SKR posts ante 25
AAbi_dum0ine posts ante 25
Dodishhhhh posts ante 25
Verone_PC49 posts ante 25
Loladu49 posts ante 25
BE_Phenomeno posts small blind 100
_SKR posts big blind 200
Dealt to _SKR [3s Qd]
*** PRE-FLOP *** 
AAbi_dum0ine folds
Dodishhhhh raises 300 to 500
Verone_PC49 folds
Loladu49 folds
BE_Phenomeno folds
_SKR folds
Dodishhhhh collected 950 from pot
*** SUMMARY ***
Total pot 950 | No rake
Seat 4: Dodishhhhh won 950


Winamax Poker - Tournament "Hold'em [180 Max]" buyIn: 1.80€ + 0.20€ level: 840971826 - HandId: #2678084199805616135-35-1676579080 - Holdem no limit (25/100/200) - 2023/02/16 20:24:40 UTC
Table: 'Hold'em [180 Max](623540068)#06' 6-max (real money) Seat #1 is the button
Seat 1: BE_Phenomeno (18700)
Seat 2: _SKR (17862)
Seat 3: AAbi_dum0ine (18397)
Seat 4: Dodishhhhh (41716)
Seat 5: Verone_PC49 (21550)
Seat 6: Loladu49 (22375)
*** ANTE/BLINDS ***
_SKR posts ante 25
AAbi_dum0ine posts ante 25
BE_Phenomeno posts ante 25
Dodishhhhh posts ante 25
Verone_PC49 posts ante 25
Loladu49 posts ante 25
_SKR posts small blind 100
AAbi_dum0ine posts big blind 200
Dealt to _SKR [2d Ts]
*** PRE-FLOP *** 
Dodishhhhh folds
Verone_PC49 folds
Loladu49 folds
BE_Phenomeno folds
_SKR folds
AAbi_dum0ine collected 450 from pot
*** SUMMARY ***
Total pot 450 | No rake
Seat 3: AAbi_dum0ine (big blind) won 450


Winamax Poker - Tournament "Hold'em [180 Max]" buyIn: 1.80€ + 0.20€ level: 840971826 - HandId: #2678084199805616135-36-1676579089 - Holdem no limit (25/100/200) - 2023/02/16 20:24:49 UTC
Table: 'Hold'em [180 Max](623540068)#06' 6-max (real money) Seat #2 is the button
Seat 1: BE_Phenomeno (18675)
Seat 2: _SKR (17737)
Seat 3: AAbi_dum0ine (18622)
Seat 4: Dodishhhhh (41691)
Seat 5: Verone_PC49 (21525)
Seat 6: Loladu49 (22350)
*** ANTE/BLINDS ***
AAbi_dum0ine posts ante 25
Dodishhhhh posts ante 25
BE_Phenomeno posts ante 25
_SKR posts ante 25
Verone_PC49 posts ante 25
Loladu49 posts ante 25
AAbi_dum0ine posts small blind 100
Dodishhhhh posts big blind 200
Dealt to _SKR [Ac 4d]
*** PRE-FLOP *** 
Verone_PC49 folds
Loladu49 folds
BE_Phenomeno raises 400 to 600
_SKR folds
AAbi_dum0ine folds
Dodishhhhh folds
BE_Phenomeno collected 1050 from pot
*** SUMMARY ***
Total pot 1050 | No rake
Seat 1: BE_Phenomeno won 1050


Winamax Poker - Tournament "Hold'em [180 Max]" buyIn: 1.80€ + 0.20€ level: 840971826 - HandId: #2678084199805616135-37-1676579107 - Holdem no limit (25/100/200) - 2023/02/16 20:25:07 UTC
Table: 'Hold'em [180 Max](623540068)#06' 6-max (real money) Seat #3 is the button
Seat 1: BE_Phenomeno (19100)
Seat 2: _SKR (17712)
Seat 3: AAbi_dum0ine (18497)
Seat 4: Dodishhhhh (41466)
Seat 5: Verone_PC49 (21500)
*** ANTE/BLINDS ***
Dodishhhhh posts ante 25
Verone_PC49 posts ante 25
BE_Phenomeno posts ante 25
_SKR posts ante 25
AAbi_dum0ine posts ante 25
Dodishhhhh posts small blind 100
Verone_PC49 posts big blind 200
Dealt to _SKR [8d 5s]
*** PRE-FLOP *** 
BE_Phenomeno folds
_SKR folds
AAbi_dum0ine raises 300 to 500
Dodishhhhh folds
Verone_PC49 calls 300
*** FLOP *** [Ks Qs Kh]
Verone_PC49 checks
AAbi_dum0ine bets 429
Verone_PC49 folds
AAbi_dum0ine collected 1654 from pot
*** SUMMARY ***
Total pot 1654 | No rake
Board: [Ks Qs Kh]
Seat 3: AAbi_dum0ine (button) won 1654


Winamax Poker - Tournament "Hold'em [180 Max]" buyIn: 1.80€ + 0.20€ level: 840971826 - HandId: #2678084199805616135-38-1676579143 - Holdem no limit (25/100/200) - 2023/02/16 20:25:43 UTC
Table: 'Hold'em [180 Max](623540068)#06' 6-max (real money) Seat #4 is the button
Seat 1: BE_Phenomeno (19075)
Seat 2: _SKR (17687)
Seat 3: AAbi_dum0ine (19197)
Seat 4: Dodishhhhh (41341)
Seat 5: Verone_PC49 (20975)
Seat 6: Dacoo (20000)
*** ANTE/BLINDS ***
Verone_PC49 posts ante 25
Dacoo posts ante 25
BE_Phenomeno posts ante 25
_SKR posts ante 25
AAbi_dum0ine posts ante 25
Dodishhhhh posts ante 25
Verone_PC49 posts small blind 100
Dacoo posts big blind 200
Dealt to _SKR [Qc 8c]
*** PRE-FLOP *** 
BE_Phenomeno folds
_SKR raises 300 to 500
AAbi_dum0ine folds
Dodishhhhh folds
Verone_PC49 raises 1700 to 2200
Dacoo folds
_SKR folds
Verone_PC49 collected 3050 from pot
*** SUMMARY ***
Total pot 3050 | No rake
Seat 5: Verone_PC49 (small blind) won 3050


Winamax Poker - Tournament "Hold'em [180 Max]" buyIn: 1.80€ + 0.20€ level: 840971826 - HandId: #2678084199805616135-39-1676579171 - Holdem no limit (25/100/200) - 2023/02/16 20:26:11 UTC
Table: 'Hold'em [180 Max](623540068)#06' 6-max (real money) Seat #5 is the button
Seat 1: BE_Phenomeno (19050)
Seat 2: _SKR (17162)
Seat 3: AAbi_dum0ine (19172)
Seat 4: Dodishhhhh (41316)
Seat 5: Verone_PC49 (21800)
Seat 6: Dacoo (19775)
*** ANTE/BLINDS ***
Dacoo posts ante 25
BE_Phenomeno posts ante 25
_SKR posts ante 25
AAbi_dum0ine posts ante 25
Dodishhhhh posts ante 25
Verone_PC49 posts ante 25
Dacoo posts small blind 100
BE_Phenomeno posts big blind 200
Dealt to _SKR [7s 2c]
*** PRE-FLOP *** 
_SKR folds
AAbi_dum0ine folds
Dodishhhhh folds
Verone_PC49 folds
Dacoo calls 100
BE_Phenomeno checks
*** FLOP *** [Td 3s 2s]
Dacoo bets 200
BE_Phenomeno calls 200
*** TURN *** [Td 3s 2s][6d]
Dacoo checks
BE_Phenomeno checks
*** RIVER *** [Td 3s 2s 6d][7h]
Dacoo checks
BE_Phenomeno bets 475
Dacoo calls 475
*** SHOW DOWN ***
BE_Phenomeno shows [Kd 8c] (High card : King)
Dacoo shows [Ah 6s] (One pair : 6)
Dacoo collected 1900 from pot
*** SUMMARY ***
Total pot 1900 | No rake
Board: [Td 3s 2s 6d 7h]
Seat 1: BE_Phenomeno (big blind) showed [Kd 8c] and lost with High card : King
Seat 6: Dacoo (small blind) showed [Ah 6s] and won 1900 with One pair : 6


Winamax Poker - Tournament "Hold'em [180 Max]" buyIn: 1.80€ + 0.20€ level: 840971826 - HandId: #2678084199805616135-40-1676579228 - Holdem no limit (25/100/200) - 2023/02/16 20:27:08 UTC
Table: 'Hold'em [180 Max](623540068)#06' 6-max (real money) Seat #6 is the button
Seat 1: BE_Phenomeno (18150)
Seat 2: _SKR (17137)
Seat 3: AAbi_dum0ine (19147)
Seat 4: Dodishhhhh (41291)
Seat 5: Verone_PC49 (21775)
Seat 6: Dacoo (20775)
*** ANTE/BLINDS ***
BE_Phenomeno posts ante 25
_SKR posts ante 25
AAbi_dum0ine posts ante 25
Dodishhhhh posts ante 25
Verone_PC49 posts ante 25
Dacoo posts ante 25
BE_Phenomeno posts small blind 100
_SKR posts big blind 200
Dealt to _SKR [6h Qc]
*** PRE-FLOP *** 
AAbi_dum0ine folds
Dodishhhhh folds
Verone_PC49 folds
Dacoo raises 300 to 500
BE_Phenomeno raises 1000 to 1500
_SKR folds
Dacoo calls 1000
*** FLOP *** [As 2d Ah]
BE_Phenomeno bets 1675
Dacoo folds
BE_Phenomeno collected 5025 from pot
*** SUMMARY ***
Total pot 5025 | No rake
Board: [As 2d Ah]
Seat 1: BE_Phenomeno (small blind) won 5025


Winamax Poker - Tournament "Hold'em [180 Max]" buyIn: 1.80€ + 0.20€ level: 840971826 - HandId: #2678084199805616135-41-1676579269 - Holdem no limit (25/100/200) - 2023/02/16 20:27:49 UTC
Table: 'Hold'em [180 Max](623540068)#06' 6-max (real money) Seat #1 is the button
Seat 1: BE_Phenomeno (19975)
Seat 2: _SKR (16912)
Seat 3: AAbi_dum0ine (19122)
Seat 4: Dodishhhhh (41266)
Seat 5: Verone_PC49 (21750)
Seat 6: Dacoo (19250)
*** ANTE/BLINDS ***
_SKR posts ante 25
AAbi_dum0ine posts ante 25
BE_Phenomeno posts ante 25
Dodishhhhh posts ante 25
Verone_PC49 posts ante 25
Dacoo posts ante 25
_SKR posts small blind 100
AAbi_dum0ine posts big blind 200
Dealt to _SKR [7d 8d]
*** PRE-FLOP *** 
Dodishhhhh folds
Verone_PC49 raises 400 to 600
Dacoo folds
BE_Phenomeno folds
_SKR folds
AAbi_dum0ine folds
Verone_PC49 collected 1050 from pot
*** SUMMARY ***
Total pot 1050 | No rake
Seat 5: Verone_PC49 won 1050


Winamax Poker - Tournament "Hold'em [180 Max]" buyIn: 1.80€ + 0.20€ level: 840971826 - HandId: #2678084199805616135-42-1676579295 - Holdem no limit (25/100/200) - 2023/02/16 20:28:15 UTC
Table: 'Hold'em [180 Max](623540068)#06' 6-max (real money) Seat #2 is the button
Seat 1: BE_Phenomeno (19950)
Seat 2: _SKR (16787)
Seat 3: AAbi_dum0ine (18897)
Seat 4: Dodishhhhh (41241)
Seat 5: Verone_PC49 (22175)
Seat 6: Dacoo (19225)
*** ANTE/BLINDS ***
AAbi_dum0ine posts ante 25
Dodishhhhh posts ante 25
BE_Phenomeno posts ante 25
_SKR posts ante 25
Verone_PC49 posts ante 25
Dacoo posts ante 25
AAbi_dum0ine posts small blind 100
Dodishhhhh posts big blind 200
Dealt to _SKR [6d 9d]
*** PRE-FLOP *** 
Verone_PC49 folds
Dacoo folds
BE_Phenomeno folds
_SKR folds
AAbi_dum0ine calls 100
Dodishhhhh checks
*** FLOP *** [5d 7c 2h]
AAbi_dum0ine checks
Dodishhhhh checks
*** TURN *** [5d 7c 2h][Kc]
AAbi_dum0ine bets 275
Dodishhhhh folds
AAbi_dum0ine collected 825 from pot
*** SUMMARY ***
Total pot 825 | No rake
Board: [5d 7c 2h Kc]
Seat 3: AAbi_dum0ine (small blind) won 825


Winamax Poker - Tournament "Hold'em [180 Max]" buyIn: 1.80€ + 0.20€ level: 840971826 - HandId: #2678084199805616135-43-1676579335 - Holdem no limit (25/100/200) - 2023/02/16 20:28:55 UTC
Table: 'Hold'em [180 Max](623540068)#06' 6-max (real money) Seat #3 is the button
Seat 1: BE_Phenomeno (19925)
Seat 2: _SKR (16762)
Seat 3: AAbi_dum0ine (19222)
Seat 4: Dodishhhhh (41016)
Seat 5: Verone_PC49 (22150)
Seat 6: Dacoo (19200)
*** ANTE/BLINDS ***
Dodishhhhh posts ante 25
Verone_PC49 posts ante 25
BE_Phenomeno posts ante 25
_SKR posts ante 25
AAbi_dum0ine posts ante 25
Dacoo posts ante 25
Dodishhhhh posts small blind 100
Verone_PC49 posts big blind 200
Dealt to _SKR [7h 2h]
*** PRE-FLOP *** 
Dacoo raises 300 to 500
BE_Phenomeno folds
_SKR folds
AAbi_dum0ine folds
Dodishhhhh folds
Verone_PC49 folds
Dacoo collected 950 from pot
*** SUMMARY ***
Total pot 950 | No rake
Seat 6: Dacoo won 950


Winamax Poker - Tournament "Hold'em [180 Max]" buyIn: 1.80€ + 0.20€ level: 840971826 - HandId: #2678084199805616135-44-1676579353 - Holdem no limit (25/100/200) - 2023/02/16 20:29:13 UTC
Table: 'Hold'em [180 Max](623540068)#06' 6-max (real money) Seat #4 is the button
Seat 1: BE_Phenomeno (19900)
Seat 2: _SKR (16737)
Seat 3: AAbi_dum0ine (19197)
Seat 4: Dodishhhhh (40891)
Seat 5: Verone_PC49 (21925)
Seat 6: Dacoo (19625)
*** ANTE/BLINDS ***
Verone_PC49 posts ante 25
Dacoo posts ante 25
BE_Phenomeno posts ante 25
_SKR posts ante 25
AAbi_dum0ine posts ante 25
Dodishhhhh posts ante 25
Verone_PC49 posts small blind 100
Dacoo posts big blind 200
Dealt to _SKR [7h 5s]
*** PRE-FLOP *** 
BE_Phenomeno calls 200
_SKR folds
AAbi_dum0ine folds
Dodishhhhh folds
Verone_PC49 folds
Dacoo checks
*** FLOP *** [2c 4s Jc]
Dacoo checks
BE_Phenomeno bets 325
Dacoo calls 325
*** TURN *** [2c 4s Jc][7d]
Dacoo checks
BE_Phenomeno checks
*** RIVER *** [2c 4s Jc 7d][8h]
Dacoo checks
BE_Phenomeno checks
*** SHOW DOWN ***
BE_Phenomeno shows [9s Qh] (High card : Queen)
Dacoo shows [Ts 4c] (One pair : 4)
Dacoo collected 1300 from pot
*** SUMMARY ***
Total pot 1300 | No rake
Board: [2c 4s Jc 7d 8h]
Seat 1: BE_Phenomeno showed [9s Qh] and lost with High card : Queen
Seat 6: Dacoo (big blind) showed [Ts 4c] and won 1300 with One pair : 4


Winamax Poker - Tournament "Hold'em [180 Max]" buyIn: 1.80€ + 0.20€ level: 840971826 - HandId: #2678084199805616135-45-1676579399 - Holdem no limit (25/100/200) - 2023/02/16 20:29:59 UTC
Table: 'Hold'em [180 Max](623540068)#06' 6-max (real money) Seat #5 is the button
Seat 1: BE_Phenomeno (19350)
Seat 2: _SKR (16712)
Seat 3: AAbi_dum0ine (19172)
Seat 4: Dodishhhhh (40866)
Seat 5: Verone_PC49 (21800)
Seat 6: Dacoo (20375)
*** ANTE/BLINDS ***
Dacoo posts ante 25
BE_Phenomeno posts ante 25
_SKR posts ante 25
AAbi_dum0ine posts ante 25
Dodishhhhh posts ante 25
Verone_PC49 posts ante 25
Dacoo posts small blind 100
BE_Phenomeno posts big blind 200
Dealt to _SKR [Ac 5c]
*** PRE-FLOP *** 
_SKR raises 300 to 500
AAbi_dum0ine folds
Dodishhhhh folds
Verone_PC49 folds
Dacoo folds
BE_Phenomeno folds
_SKR collected 950 from pot
*** SUMMARY ***
Total pot 950 | No rake
Seat 2: _SKR won 950


Winamax Poker - Tournament "Hold'em [180 Max]" buyIn: 1.80€ + 0.20€ level: 2 - HandId: #2678084199805616135-46-1676579413 - Holdem no limit (30/125/250) - 2023/02/16 20:30:13 UTC
Table: 'Hold'em [180 Max](623540068)#06' 6-max (real money) Seat #6 is the button
Seat 1: BE_Phenomeno (19125)
Seat 2: _SKR (17137)
Seat 3: AAbi_dum0ine (19147)
Seat 4: Dodishhhhh (40841)
Seat 5: Verone_PC49 (21775)
Seat 6: Dacoo (20250)
*** ANTE/BLINDS ***
BE_Phenomeno posts ante 30
_SKR posts ante 30
AAbi_dum0ine posts ante 30
Dodishhhhh posts ante 30
Verone_PC49 posts ante 30
Dacoo posts ante 30
BE_Phenomeno posts small blind 125
_SKR posts big blind 250
Dealt to _SKR [Qc Kd]
*** PRE-FLOP *** 
AAbi_dum0ine folds
Dodishhhhh folds
Verone_PC49 folds
Dacoo raises 375 to 625
BE_Phenomeno folds
_SKR calls 375
*** FLOP *** [Td 5h 8s]
_SKR checks
Dacoo bets 544
_SKR calls 544
*** TURN *** [Td 5h 8s][6c]
_SKR checks
Dacoo checks
*** RIVER *** [Td 5h 8s 6c][9s]
_SKR checks
Dacoo bets 1718
_SKR folds
Dacoo collected 4361 from pot
*** SUMMARY ***
Total pot 4361 | No rake
Board: [Td 5h 8s 6c 9s]
Seat 6: Dacoo (button) won 4361


Winamax Poker - Tournament "Hold'em [180 Max]" buyIn: 1.80€ + 0.20€ level: 2 - HandId: #2678084199805616135-47-1676579469 - Holdem no limit (30/125/250) - 2023/02/16 20:31:09 UTC
Table: 'Hold'em [180 Max](623540068)#06' 6-max (real money) Seat #1 is the button
Seat 1: BE_Phenomeno (18970)
Seat 2: _SKR (15938)
Seat 3: AAbi_dum0ine (19117)
Seat 4: Dodishhhhh (40811)
Seat 5: Verone_PC49 (21745)
Seat 6: Dacoo (21694)
*** ANTE/BLINDS ***
_SKR posts ante 30
AAbi_dum0ine posts ante 30
BE_Phenomeno posts ante 30
Dodishhhhh posts ante 30
Verone_PC49 posts ante 30
Dacoo posts ante 30
_SKR posts small blind 125
AAbi_dum0ine posts big blind 250
Dealt to _SKR [Qh 2d]
*** PRE-FLOP *** 
Dodishhhhh folds
Verone_PC49 folds
Dacoo folds
BE_Phenomeno folds
_SKR folds
AAbi_dum0ine collected 555 from pot
*** SUMMARY ***
Total pot 555 | No rake
Seat 3: AAbi_dum0ine (big blind) won 555


Winamax Poker - Tournament "Hold'em [180 Max]" buyIn: 1.80€ + 0.20€ level: 2 - HandId: #2678084199805616135-48-1676579480 - Holdem no limit (30/125/250) - 2023/02/16 20:31:20 UTC
Table: 'Hold'em [180 Max](623540068)#06' 6-max (real money) Seat #2 is the button
Seat 1: BE_Phenomeno (18940)
Seat 2: _SKR (15783)
Seat 3: AAbi_dum0ine (19392)
Seat 4: Dodishhhhh (40781)
Seat 5: Verone_PC49 (21715)
Seat 6: Dacoo (21664)
*** ANTE/BLINDS ***
AAbi_dum0ine posts ante 30
Dodishhhhh posts ante 30
BE_Phenomeno posts ante 30
_SKR posts ante 30
Verone_PC49 posts ante 30
Dacoo posts ante 30
AAbi_dum0ine posts small blind 125
Dodishhhhh posts big blind 250
Dealt to _SKR [8d Kd]
*** PRE-FLOP *** 
Verone_PC49 folds
Dacoo folds
BE_Phenomeno raises 805 to 1055
_SKR folds
AAbi_dum0ine folds
Dodishhhhh calls 805
*** FLOP *** [6c 3s Js]
Dodishhhhh checks
BE_Phenomeno bets 17855 and is all-in
Dodishhhhh folds
BE_Phenomeno collected 20270 from pot
*** SUMMARY ***
Total pot 20270 | No rake
Board: [6c 3s Js]
Seat 1: BE_Phenomeno won 20270


Winamax Poker - Tournament "Hold'em [180 Max]" buyIn: 1.80€ + 0.20€ level: 2 - HandId: #2678084199805616135-49-1676579514 - Holdem no limit (30/125/250) - 2023/02/16 20:31:54 UTC
Table: 'Hold'em [180 Max](623540068)#06' 6-max (real money) Seat #3 is the button
Seat 1: BE_Phenomeno (20270)
Seat 2: _SKR (15753)
Seat 3: AAbi_dum0ine (19237)
Seat 4: Dodishhhhh (39696)
Seat 5: Verone_PC49 (21685)
Seat 6: Dacoo (21634)
*** ANTE/BLINDS ***
Dodishhhhh posts ante 30
Verone_PC49 posts ante 30
BE_Phenomeno posts ante 30
_SKR posts ante 30
AAbi_dum0ine posts ante 30
Dacoo posts ante 30
Dodishhhhh posts small blind 125
Verone_PC49 posts big blind 250
Dealt to _SKR [7c 3d]
*** PRE-FLOP *** 
Dacoo folds
BE_Phenomeno raises 500 to 750
_SKR folds
AAbi_dum0ine folds
Dodishhhhh folds
Verone_PC49 folds
BE_Phenomeno collected 1305 from pot
*** SUMMARY ***
Total pot 1305 | No rake
Seat 1: BE_Phenomeno won 1305


Winamax Poker - Tournament "Hold'em [180 Max]" buyIn: 1.80€ + 0.20€ level: 2 - HandId: #2678084199805616135-50-1676579540 - Holdem no limit (30/125/250) - 2023/02/16 20:32:20 UTC
Table: 'Hold'em [180 Max](623540068)#06' 6-max (real money) Seat #4 is the button
Seat 1: BE_Phenomeno (20795)
Seat 2: _SKR (15723)
Seat 3: AAbi_dum0ine (19207)
Seat 4: Dodishhhhh (39541)
Seat 5: Verone_PC49 (21405)
Seat 6: Dacoo (21604)
*** ANTE/BLINDS ***
Verone_PC49 posts ante 30
Dacoo posts ante 30
BE_Phenomeno posts ante 30
_SKR posts ante 30
AAbi_dum0ine posts ante 30
Dodishhhhh posts ante 30
Verone_PC49 posts small blind 125
Dacoo posts big blind 250
Dealt to _SKR [8d 4h]
*** PRE-FLOP *** 
BE_Phenomeno raises 500 to 750
_SKR folds
AAbi_dum0ine folds
Dodishhhhh calls 750
Verone_PC49 folds
Dacoo folds
*** FLOP *** [6s 5c 4d]
BE_Phenomeno bets 1336
Dodishhhhh folds
BE_Phenomeno collected 3391 from pot
*** SUMMARY ***
Total pot 3391 | No rake
Board: [6s 5c 4d]
Seat 1: BE_Phenomeno won 3391


Winamax Poker - Tournament "Hold'em [180 Max]" buyIn: 1.80€ + 0.20€ level: 2 - HandId: #2678084199805616135-51-1676579581 - Holdem no limit (30/125/250) - 2023/02/16 20:33:01 UTC
Table: 'Hold'em [180 Max](623540068)#06' 6-max (real money) Seat #5 is the button
Seat 1: BE_Phenomeno (22070)
Seat 2: _SKR (15693)
Seat 3: AAbi_dum0ine (19177)
Seat 4: Dodishhhhh (38761)
Seat 5: Verone_PC49 (21250)
Seat 6: Dacoo (21324)
*** ANTE/BLINDS ***
Dacoo posts ante 30
BE_Phenomeno posts ante 30
_SKR posts ante 30
AAbi_dum0ine posts ante 30
Dodishhhhh posts ante 30
Verone_PC49 posts ante 30
Dacoo posts small blind 125
BE_Phenomeno posts big blind 250
Dealt to _SKR [6s Td]
*** PRE-FLOP *** 
_SKR folds
AAbi_dum0ine folds
Dodishhhhh folds
Verone_PC49 folds
Dacoo raises 625 to 875
BE_Phenomeno folds
Dacoo collected 1305 from pot
*** SUMMARY ***
Total pot 1305 | No rake
Seat 6: Dacoo (small blind) won 1305


Winamax Poker - Tournament "Hold'em [180 Max]" buyIn: 1.80€ + 0.20€ level: 2 - HandId: #2678084199805616135-52-1676579603 - Holdem no limit (30/125/250) - 2023/02/16 20:33:23 UTC
Table: 'Hold'em [180 Max](623540068)#06' 6-max (real money) Seat #6 is the button
Seat 1: BE_Phenomeno (21790)
Seat 2: _SKR (15663)
Seat 3: AAbi_dum0ine (19147)
Seat 4: Dodishhhhh (38731)
Seat 5: Verone_PC49 (21220)
Seat 6: Dacoo (21724)
*** ANTE/BLINDS ***
BE_Phenomeno posts ante 30
_SKR posts ante 30
AAbi_dum0ine posts ante 30
Dodishhhhh posts ante 30
Verone_PC49 posts ante 30
Dacoo posts ante 30
BE_Phenomeno posts small blind 125
_SKR posts big blind 250
Dealt to _SKR [Jh 3c]
*** PRE-FLOP *** 
AAbi_dum0ine folds
Dodishhhhh folds
Verone_PC49 folds
Dacoo raises 375 to 625
BE_Phenomeno folds
_SKR folds
Dacoo collected 1180 from pot
*** SUMMARY ***
Total pot 1180 | No rake
Seat 6: Dacoo (button) won 1180


Winamax Poker - Tournament "Hold'em [180 Max]" buyIn: 1.80€ + 0.20€ level: 2 - HandId: #2678084199805616135-53-1676579636 - Holdem no limit (30/125/250) - 2023/02/16 20:33:56 UTC
Table: 'Hold'em [180 Max](623540068)#06' 6-max (real money) Seat #1 is the button
Seat 1: BE_Phenomeno (21635)
Seat 2: _SKR (15383)
Seat 3: AAbi_dum0ine (19117)
Seat 4: Dodishhhhh (38701)
Seat 5: Verone_PC49 (21190)
Seat 6: Dacoo (22249)
*** ANTE/BLINDS ***
_SKR posts ante 30
AAbi_dum0ine posts ante 30
BE_Phenomeno posts ante 30
Dodishhhhh posts ante 30
Verone_PC49 posts ante 30
Dacoo posts ante 30
_SKR posts small blind 125
AAbi_dum0ine posts big blind 250
Dealt to _SKR [3c 9h]
*** PRE-FLOP *** 
Dodishhhhh folds
Verone_PC49 raises 500 to 750
Dacoo calls 750
BE_Phenomeno raises 20855 to 21605 and is all-in
_SKR folds
AAbi_dum0ine folds
Verone_PC49 folds
Dacoo folds
BE_Phenomeno collected 23660 from pot
*** SUMMARY ***
Total pot 23660 | No rake
Seat 1: BE_Phenomeno (button) won 23660


Winamax Poker - Tournament "Hold'em [180 Max]" buyIn: 1.80€ + 0.20€ level: 2 - HandId: #2678084199805616135-54-1676579654 - Holdem no limit (30/125/250) - 2023/02/16 20:34:14 UTC
Table: 'Hold'em [180 Max](623540068)#06' 6-max (real money) Seat #2 is the button
Seat 1: BE_Phenomeno (23660)
Seat 2: _SKR (15228)
Seat 3: AAbi_dum0ine (18837)
Seat 4: Dodishhhhh (38671)
Seat 5: Verone_PC49 (20410)
Seat 6: Dacoo (21469)
*** ANTE/BLINDS ***
AAbi_dum0ine posts ante 30
Dodishhhhh posts ante 30
BE_Phenomeno posts ante 30
_SKR posts ante 30
Verone_PC49 posts ante 30
Dacoo posts ante 30
AAbi_dum0ine posts small blind 125
Dodishhhhh posts big blind 250
Dealt to _SKR [2c Th]
*** PRE-FLOP *** 
Verone_PC49 raises 375 to 625
Dacoo folds
BE_Phenomeno folds
_SKR folds
AAbi_dum0ine folds
Dodishhhhh folds
Verone_PC49 collected 1180 from pot
*** SUMMARY ***
Total pot 1180 | No rake
Seat 5: Verone_PC49 won 1180


Winamax Poker - Tournament "Hold'em [180 Max]" buyIn: 1.80€ + 0.20€ level: 2 - HandId: #2678084199805616135-55-1676579672 - Holdem no limit (30/125/250) - 2023/02/16 20:34:32 UTC
Table: 'Hold'em [180 Max](623540068)#06' 6-max (real money) Seat #3 is the button
Seat 1: BE_Phenomeno (23630)
Seat 2: _SKR (15198)
Seat 3: AAbi_dum0ine (18682)
Seat 4: Dodishhhhh (38391)
Seat 5: Verone_PC49 (20935)
Seat 6: Dacoo (21439)
*** ANTE/BLINDS ***
Dodishhhhh posts ante 30
Verone_PC49 posts ante 30
BE_Phenomeno posts ante 30
_SKR posts ante 30
AAbi_dum0ine posts ante 30
Dacoo posts ante 30
Dodishhhhh posts small blind 125
Verone_PC49 posts big blind 250
Dealt to _SKR [9c Qs]
*** PRE-FLOP *** 
Dacoo folds
BE_Phenomeno calls 250
_SKR folds
AAbi_dum0ine folds
Dodishhhhh folds
Verone_PC49 checks
*** FLOP *** [4s Kd 2h]
Verone_PC49 checks
BE_Phenomeno bets 523
Verone_PC49 folds
BE_Phenomeno collected 1328 from pot
*** SUMMARY ***
Total pot 1328 | No rake
Board: [4s Kd 2h]
Seat 1: BE_Phenomeno won 1328


Winamax Poker - Tournament "Hold'em [180 Max]" buyIn: 1.80€ + 0.20€ level: 2 - HandId: #2678084199805616135-56-1676579706 - Holdem no limit (30/125/250) - 2023/02/16 20:35:06 UTC
Table: 'Hold'em [180 Max](623540068)#06' 6-max (real money) Seat #4 is the button
Seat 1: BE_Phenomeno (24155)
Seat 2: _SKR (15168)
Seat 3: AAbi_dum0ine (18652)
Seat 4: Dodishhhhh (38236)
Seat 5: Verone_PC49 (20655)
Seat 6: Dacoo (21409)
*** ANTE/BLINDS ***
Verone_PC49 posts ante 30
Dacoo posts ante 30
BE_Phenomeno posts ante 30
_SKR posts ante 30
AAbi_dum0ine posts ante 30
Dodishhhhh posts ante 30
Verone_PC49 posts small blind 125
Dacoo posts big blind 250
Dealt to _SKR [Js 8c]
*** PRE-FLOP *** 
BE_Phenomeno folds
_SKR folds
AAbi_dum0ine folds
Dodishhhhh folds
Verone_PC49 calls 125
Dacoo checks
*** FLOP *** [Td 4h 2s]
Verone_PC49 checks
Dacoo bets 375
Verone_PC49 calls 375
*** TURN *** [Td 4h 2s][4s]
Verone_PC49 checks
Dacoo checks
*** RIVER *** [Td 4h 2s 4s][3c]
Verone_PC49 bets 501
Dacoo raises 20253 to 20754 and is all-in
Verone_PC49 folds
Dacoo collected 22685 from pot
*** SUMMARY ***
Total pot 22685 | No rake
Board: [Td 4h 2s 4s 3c]
Seat 6: Dacoo (big blind) won 22685


Winamax Poker - Tournament "Hold'em [180 Max]" buyIn: 1.80€ + 0.20€ level: 3 - HandId: #2678084199805616135-57-1676579785 - Holdem no limit (35/150/300) - 2023/02/16 20:36:25 UTC
Table: 'Hold'em [180 Max](623540068)#06' 6-max (real money) Seat #5 is the button
Seat 1: BE_Phenomeno (24125)
Seat 2: _SKR (15138)
Seat 3: AAbi_dum0ine (18622)
Seat 4: Dodishhhhh (38206)
Seat 5: Verone_PC49 (19499)
Seat 6: Dacoo (22685)
*** ANTE/BLINDS ***
Dacoo posts ante 35
BE_Phenomeno posts ante 35
_SKR posts ante 35
AAbi_dum0ine posts ante 35
Dodishhhhh posts ante 35
Verone_PC49 posts ante 35
Dacoo posts small blind 150
BE_Phenomeno posts big blind 300
Dealt to _SKR [Ts 9c]
*** PRE-FLOP *** 
_SKR folds
AAbi_dum0ine folds
Dodishhhhh folds
Verone_PC49 raises 450 to 750
Dacoo calls 600
BE_Phenomeno folds
*** FLOP *** [Td Jd Kh]
Dacoo checks
Verone_PC49 bets 1500
Dacoo folds
Verone_PC49 collected 3510 from pot
*** SUMMARY ***
Total pot 3510 | No rake
Board: [Td Jd Kh]
Seat 5: Verone_PC49 (button) won 3510


Winamax Poker - Tournament "Hold'em [180 Max]" buyIn: 1.80€ + 0.20€ level: 3 - HandId: #2678084199805616135-58-1676579831 - Holdem no limit (35/150/300) - 2023/02/16 20:37:11 UTC
Table: 'Hold'em [180 Max](623540068)#06' 6-max (real money) Seat #6 is the button
Seat 1: BE_Phenomeno (23790)
Seat 2: _SKR (15103)
Seat 3: AAbi_dum0ine (18587)
Seat 4: Dodishhhhh (38171)
Seat 5: Verone_PC49 (20724)
Seat 6: Dacoo (21900)
*** ANTE/BLINDS ***
BE_Phenomeno posts ante 35
_SKR posts ante 35
AAbi_dum0ine posts ante 35
Dodishhhhh posts ante 35
Verone_PC49 posts ante 35
Dacoo posts ante 35
BE_Phenomeno posts small blind 150
_SKR posts big blind 300
Dealt to _SKR [2s 6d]
*** PRE-FLOP *** 
AAbi_dum0ine folds
Dodishhhhh folds
Verone_PC49 folds
Dacoo raises 450 to 750
BE_Phenomeno folds
_SKR folds
Dacoo collected 1410 from pot
*** SUMMARY ***
Total pot 1410 | No rake
Seat 6: Dacoo (button) won 1410


Winamax Poker - Tournament "Hold'em [180 Max]" buyIn: 1.80€ + 0.20€ level: 3 - HandId: #2678084199805616135-59-1676579866 - Holdem no limit (35/150/300) - 2023/02/16 20:37:46 UTC
Table: 'Hold'em [180 Max](623540068)#06' 6-max (real money) Seat #1 is the button
Seat 1: BE_Phenomeno (23605)
Seat 2: _SKR (14768)
Seat 3: AAbi_dum0ine (18552)
Seat 5: Verone_PC49 (20689)
Seat 6: Dacoo (22525)
*** ANTE/BLINDS ***
_SKR posts ante 35
AAbi_dum0ine posts ante 35
BE_Phenomeno posts ante 35
Verone_PC49 posts ante 35
Dacoo posts ante 35
_SKR posts small blind 150
AAbi_dum0ine posts big blind 300
Dealt to _SKR [Jd 9c]
*** PRE-FLOP *** 
Verone_PC49 raises 450 to 750
Dacoo calls 750
BE_Phenomeno folds
_SKR folds
AAbi_dum0ine folds
*** FLOP *** [Ac Qc Td]
Verone_PC49 checks
Dacoo bets 1381
Verone_PC49 folds
Dacoo collected 3506 from pot
*** SUMMARY ***
Total pot 3506 | No rake
Board: [Ac Qc Td]
Seat 6: Dacoo won 3506


Winamax Poker - Tournament "Hold'em [180 Max]" buyIn: 1.80€ + 0.20€ level: 3 - HandId: #2678084199805616135-60-1676579899 - Holdem no limit (35/150/300) - 2023/02/16 20:38:19 UTC
Table: 'Hold'em [180 Max](623540068)#06' 6-max (real money) Seat #2 is the button
Seat 1: BE_Phenomeno (23570)
Seat 2: _SKR (14583)
Seat 3: AAbi_dum0ine (18217)
Seat 5: Verone_PC49 (19904)
Seat 6: Dacoo (23865)
*** ANTE/BLINDS ***
AAbi_dum0ine posts ante 35
Verone_PC49 posts ante 35
BE_Phenomeno posts ante 35
_SKR posts ante 35
Dacoo posts ante 35
AAbi_dum0ine posts small blind 150
Verone_PC49 posts big blind 300
Dealt to _SKR [9h Qd]
*** PRE-FLOP *** 
Dacoo folds
BE_Phenomeno calls 300
_SKR folds
AAbi_dum0ine folds
Verone_PC49 checks
*** FLOP *** [Kh 3c Jh]
Verone_PC49 checks
BE_Phenomeno bets 601
Verone_PC49 folds
BE_Phenomeno collected 1526 from pot
*** SUMMARY ***
Total pot 1526 | No rake
Board: [Kh 3c Jh]
Seat 1: BE_Phenomeno won 1526


Winamax Poker - Tournament "Hold'em [180 Max]" buyIn: 1.80€ + 0.20€ level: 3 - HandId: #2678084199805616135-61-1676579922 - Holdem no limit (35/150/300) - 2023/02/16 20:38:42 UTC
Table: 'Hold'em [180 Max](623540068)#06' 6-max (real money) Seat #3 is the button
Seat 1: BE_Phenomeno (24160)
Seat 2: _SKR (14548)
Seat 3: AAbi_dum0ine (18032)
Seat 5: Verone_PC49 (19569)
Seat 6: Dacoo (23830)
*** ANTE/BLINDS ***
Verone_PC49 posts ante 35
Dacoo posts ante 35
BE_Phenomeno posts ante 35
_SKR posts ante 35
AAbi_dum0ine posts ante 35
Verone_PC49 posts small blind 150
Dacoo posts big blind 300
Dealt to _SKR [4c 6s]
*** PRE-FLOP *** 
BE_Phenomeno raises 600 to 900
_SKR folds
AAbi_dum0ine folds
Verone_PC49 folds
Dacoo calls 600
*** FLOP *** [4h 5h 8h]
Dacoo checks
BE_Phenomeno checks
*** TURN *** [4h 5h 8h][Qs]
Dacoo checks
BE_Phenomeno bets 531
Dacoo calls 531
*** RIVER *** [4h 5h 8h Qs][6h]
Dacoo checks
BE_Phenomeno bets 1115
Dacoo folds
BE_Phenomeno collected 4302 from pot
*** SUMMARY ***
Total pot 4302 | No rake
Board: [4h 5h 8h Qs 6h]
Seat 1: BE_Phenomeno won 4302


Winamax Poker - Tournament "Hold'em [180 Max]" buyIn: 1.80€ + 0.20€ level: 3 - HandId: #2678084199805616135-62-1676579963 - Holdem no limit (35/150/300) - 2023/02/16 20:39:23 UTC
Table: 'Hold'em [180 Max](623540068)#06' 6-max (real money) Seat #5 is the button
Seat 1: BE_Phenomeno (25881)
Seat 2: _SKR (14513)
Seat 3: AAbi_dum0ine (17997)
Seat 5: Verone_PC49 (19384)
Seat 6: Dacoo (22364)
*** ANTE/BLINDS ***
Dacoo posts ante 35
BE_Phenomeno posts ante 35
_SKR posts ante 35
AAbi_dum0ine posts ante 35
Verone_PC49 posts ante 35
Dacoo posts small blind 150
BE_Phenomeno posts big blind 300
Dealt to _SKR [Kd Tc]
*** PRE-FLOP *** 
_SKR folds
AAbi_dum0ine folds
Verone_PC49 raises 450 to 750
Dacoo folds
BE_Phenomeno folds
Verone_PC49 collected 1375 from pot
*** SUMMARY ***
Total pot 1375 | No rake
Seat 5: Verone_PC49 (button) won 1375


Winamax Poker - Tournament "Hold'em [180 Max]" buyIn: 1.80€ + 0.20€ level: 3 - HandId: #2678084199805616135-63-1676579989 - Holdem no limit (35/150/300) - 2023/02/16 20:39:49 UTC
Table: 'Hold'em [180 Max](623540068)#06' 6-max (real money) Seat #6 is the button
Seat 1: BE_Phenomeno (25546)
Seat 2: _SKR (14478)
Seat 3: AAbi_dum0ine (17962)
Seat 4: -Wavedin- (20000)
Seat 5: Verone_PC49 (19974)
Seat 6: Dacoo (22179)
*** ANTE/BLINDS ***
BE_Phenomeno posts ante 35
_SKR posts ante 35
AAbi_dum0ine posts ante 35
-Wavedin- posts ante 35
Verone_PC49 posts ante 35
Dacoo posts ante 35
BE_Phenomeno posts small blind 150
_SKR posts big blind 300
Dealt to _SKR [Td 9s]
*** PRE-FLOP *** 
AAbi_dum0ine folds
-Wavedin- folds
Verone_PC49 folds
Dacoo raises 450 to 750
BE_Phenomeno folds
_SKR calls 450
*** FLOP *** [Tc 5s Qc]
_SKR checks
Dacoo bets 651
_SKR calls 651
*** TURN *** [Tc 5s Qc][2h]
_SKR checks
Dacoo checks
*** RIVER *** [Tc 5s Qc 2h][6c]
_SKR checks
Dacoo checks
*** SHOW DOWN ***
Dacoo shows [Ks 8h] (High card : King)
_SKR shows [Td 9s] (One pair : Tens)
_SKR collected 3162 from pot
*** SUMMARY ***
Total pot 3162 | No rake
Board: [Tc 5s Qc 2h 6c]
Seat 2: _SKR (big blind) showed [Td 9s] and won 3162 with One pair : Tens
Seat 6: Dacoo (button) showed [Ks 8h] and lost with High card : King


Winamax Poker - Tournament "Hold'em [180 Max]" buyIn: 1.80€ + 0.20€ level: 3 - HandId: #2678084199805616135-64-1676580026 - Holdem no limit (35/150/300) - 2023/02/16 20:40:26 UTC
Table: 'Hold'em [180 Max](623540068)#06' 6-max (real money) Seat #1 is the button
Seat 1: BE_Phenomeno (25361)
Seat 2: _SKR (16204)
Seat 3: AAbi_dum0ine (17927)
Seat 5: Verone_PC49 (19939)
Seat 6: Dacoo (20743)
*** ANTE/BLINDS ***
_SKR posts ante 35
AAbi_dum0ine posts ante 35
BE_Phenomeno posts ante 35
Verone_PC49 posts ante 35
Dacoo posts ante 35
_SKR posts small blind 150
AAbi_dum0ine posts big blind 300
Dealt to _SKR [7c 8c]
*** PRE-FLOP *** 
Verone_PC49 raises 450 to 750
Dacoo folds
BE_Phenomeno calls 750
_SKR folds
AAbi_dum0ine folds
*** FLOP *** [Jd Qh Ks]
Verone_PC49 bets 1063
BE_Phenomeno calls 1063
*** TURN *** [Jd Qh Ks][3d]
Verone_PC49 checks
BE_Phenomeno checks
*** RIVER *** [Jd Qh Ks 3d][Qc]
Verone_PC49 checks
BE_Phenomeno checks
*** SHOW DOWN ***
Verone_PC49 shows [Ah 5s] (One pair : Queens)
BE_Phenomeno shows [8s Js] (Two pairs : Queens and Jacks)
BE_Phenomeno collected 4251 from pot
*** SUMMARY ***
Total pot 4251 | No rake
Board: [Jd Qh Ks 3d Qc]
Seat 1: BE_Phenomeno (button) showed [8s Js] and won 4251 with Two pairs : Queens and Jacks
Seat 5: Verone_PC49 showed [Ah 5s] and lost with One pair : Queens


Winamax Poker - Tournament "Hold'em [180 Max]" buyIn: 1.80€ + 0.20€ level: 3 - HandId: #2678084199805616135-65-1676580072 - Holdem no limit (35/150/300) - 2023/02/16 20:41:12 UTC
Table: 'Hold'em [180 Max](623540068)#06' 6-max (real money) Seat #2 is the button
Seat 1: BE_Phenomeno (27764)
Seat 2: _SKR (16019)
Seat 3: AAbi_dum0ine (17592)
Seat 5: Verone_PC49 (18091)
Seat 6: Dacoo (20708)
*** ANTE/BLINDS ***
AAbi_dum0ine posts ante 35
Verone_PC49 posts ante 35
BE_Phenomeno posts ante 35
_SKR posts ante 35
Dacoo posts ante 35
AAbi_dum0ine posts small blind 150
Verone_PC49 posts big blind 300
Dealt to _SKR [Ah Qh]
*** PRE-FLOP *** 
Dacoo folds
BE_Phenomeno folds
_SKR raises 450 to 750
AAbi_dum0ine folds
Verone_PC49 calls 450
*** FLOP *** [3d 2s Tc]
Verone_PC49 checks
_SKR checks
*** TURN *** [3d 2s Tc][4s]
Verone_PC49 bets 913
_SKR calls 913
*** RIVER *** [3d 2s Tc 4s][5c]
Verone_PC49 bets 2921
_SKR calls 2921
*** SHOW DOWN ***
_SKR shows [Ah Qh] (Straight 5 high)
Verone_PC49 shows [6c 6d] (Straight 6 high)
Verone_PC49 collected 9493 from pot
*** SUMMARY ***
Total pot 9493 | No rake
Board: [3d 2s Tc 4s 5c]
Seat 2: _SKR (button) showed [Ah Qh] and lost with Straight 5 high
Seat 5: Verone_PC49 (big blind) showed [6c 6d] and won 9493 with Straight 6 high


Winamax Poker - Tournament "Hold'em [180 Max]" buyIn: 1.80€ + 0.20€ level: 4 - HandId: #2678084199805616135-66-1676580123 - Holdem no limit (40/175/350) - 2023/02/16 20:42:03 UTC
Table: 'Hold'em [180 Max](623540068)#06' 6-max (real money) Seat #3 is the button
Seat 1: BE_Phenomeno (27729)
Seat 2: _SKR (11400)
Seat 3: AAbi_dum0ine (17407)
Seat 5: Verone_PC49 (22965)
Seat 6: Dacoo (20673)
*** ANTE/BLINDS ***
Verone_PC49 posts ante 40
Dacoo posts ante 40
BE_Phenomeno posts ante 40
_SKR posts ante 40
AAbi_dum0ine posts ante 40
Verone_PC49 posts small blind 175
Dacoo posts big blind 350
Dealt to _SKR [9s 2h]
*** PRE-FLOP *** 
BE_Phenomeno folds
_SKR folds
AAbi_dum0ine folds
Verone_PC49 raises 700 to 1050
Dacoo calls 700
*** FLOP *** [4d 4s Ts]
Verone_PC49 checks
Dacoo checks
*** TURN *** [4d 4s Ts][As]
Verone_PC49 bets 1840
Dacoo folds
Verone_PC49 collected 4140 from pot
*** SUMMARY ***
Total pot 4140 | No rake
Board: [4d 4s Ts As]
Seat 5: Verone_PC49 (small blind) won 4140


Winamax Poker - Tournament "Hold'em [180 Max]" buyIn: 1.80€ + 0.20€ level: 4 - HandId: #2678084199805616135-67-1676580155 - Holdem no limit (40/175/350) - 2023/02/16 20:42:35 UTC
Table: 'Hold'em [180 Max](623540068)#06' 6-max (real money) Seat #5 is the button
Seat 1: BE_Phenomeno (27689)
Seat 2: _SKR (11360)
Seat 3: AAbi_dum0ine (17367)
Seat 4: folderfoufou (20000)
Seat 5: Verone_PC49 (24175)
Seat 6: Dacoo (19583)
*** ANTE/BLINDS ***
Dacoo posts ante 40
BE_Phenomeno posts ante 40
_SKR posts ante 40
AAbi_dum0ine posts ante 40
folderfoufou posts ante 40
Verone_PC49 posts ante 40
Dacoo posts small blind 175
BE_Phenomeno posts big blind 350
Dealt to _SKR [8c Tc]
*** PRE-FLOP *** 
_SKR folds
AAbi_dum0ine folds
folderfoufou folds
Verone_PC49 folds
Dacoo raises 875 to 1225
BE_Phenomeno calls 875
*** FLOP *** [2h Qh Jh]
Dacoo bets 942
BE_Phenomeno folds
Dacoo collected 3632 from pot
*** SUMMARY ***
Total pot 3632 | No rake
Board: [2h Qh Jh]
Seat 6: Dacoo (small blind) won 3632


Winamax Poker - Tournament "Hold'em [180 Max]" buyIn: 1.80€ + 0.20€ level: 4 - HandId: #2678084199805616135-68-1676580191 - Holdem no limit (40/175/350) - 2023/02/16 20:43:11 UTC
Table: 'Hold'em [180 Max](623540068)#06' 6-max (real money) Seat #6 is the button
Seat 1: BE_Phenomeno (26424)
Seat 2: _SKR (11320)
Seat 3: AAbi_dum0ine (17327)
Seat 4: folderfoufou (19960)
Seat 5: Verone_PC49 (24135)
Seat 6: Dacoo (21008)
*** ANTE/BLINDS ***
BE_Phenomeno posts ante 40
_SKR posts ante 40
AAbi_dum0ine posts ante 40
folderfoufou posts ante 40
Verone_PC49 posts ante 40
Dacoo posts ante 40
BE_Phenomeno posts small blind 175
_SKR posts big blind 350
Dealt to _SKR [5c 9s]
*** PRE-FLOP *** 
AAbi_dum0ine raises 427 to 777
folderfoufou folds
Verone_PC49 folds
Dacoo folds
BE_Phenomeno folds
_SKR folds
AAbi_dum0ine collected 1542 from pot
*** SUMMARY ***
Total pot 1542 | No rake
Seat 3: AAbi_dum0ine won 1542


Winamax Poker - Tournament "Hold'em [180 Max]" buyIn: 1.80€ + 0.20€ level: 4 - HandId: #2678084199805616135-69-1676580211 - Holdem no limit (40/175/350) - 2023/02/16 20:43:31 UTC
Table: 'Hold'em [180 Max](623540068)#06' 6-max (real money) Seat #1 is the button
Seat 1: BE_Phenomeno (26209)
Seat 2: _SKR (10930)
Seat 3: AAbi_dum0ine (18052)
Seat 4: folderfoufou (19920)
Seat 5: Verone_PC49 (24095)
Seat 6: Dacoo (20968)
*** ANTE/BLINDS ***
_SKR posts ante 40
AAbi_dum0ine posts ante 40
BE_Phenomeno posts ante 40
folderfoufou posts ante 40
Verone_PC49 posts ante 40
Dacoo posts ante 40
_SKR posts small blind 175
AAbi_dum0ine posts big blind 350
Dealt to _SKR [Th 9h]
*** PRE-FLOP *** 
folderfoufou folds
Verone_PC49 raises 525 to 875
Dacoo folds
BE_Phenomeno folds
_SKR calls 700
AAbi_dum0ine folds
*** FLOP *** [7d 4s Ts]
_SKR checks
Verone_PC49 bets 1015
_SKR calls 1015
*** TURN *** [7d 4s Ts][7h]
_SKR checks
Verone_PC49 bets 1925
_SKR calls 1925
*** RIVER *** [7d 4s Ts 7h][5d]
_SKR checks
Verone_PC49 bets 20240 and is all-in
_SKR folds
Verone_PC49 collected 28460 from pot
*** SUMMARY ***
Total pot 28460 | No rake
Board: [7d 4s Ts 7h 5d]
Seat 5: Verone_PC49 won 28460


Winamax Poker - Tournament "Hold'em [180 Max]" buyIn: 1.80€ + 0.20€ level: 4 - HandId: #2678084199805616135-70-1676580277 - Holdem no limit (40/175/350) - 2023/02/16 20:44:37 UTC
Table: 'Hold'em [180 Max](623540068)#06' 6-max (real money) Seat #2 is the button
Seat 1: BE_Phenomeno (26169)
Seat 2: _SKR (7075)
Seat 3: AAbi_dum0ine (17662)
Seat 4: folderfoufou (19880)
Seat 5: Verone_PC49 (28460)
Seat 6: Dacoo (20928)
*** ANTE/BLINDS ***
AAbi_dum0ine posts ante 40
folderfoufou posts ante 40
BE_Phenomeno posts ante 40
_SKR posts ante 40
Verone_PC49 posts ante 40
Dacoo posts ante 40
AAbi_dum0ine posts small blind 175
folderfoufou posts big blind 350
Dealt to _SKR [Tc 6h]
*** PRE-FLOP *** 
Verone_PC49 folds
Dacoo raises 525 to 875
BE_Phenomeno folds
_SKR folds
AAbi_dum0ine folds
folderfoufou raises 1750 to 2625
Dacoo calls 1750
*** FLOP *** [3s 6d Td]
folderfoufou checks
Dacoo checks
*** TURN *** [3s 6d Td][Kc]
folderfoufou bets 3682
Dacoo calls 3682
*** RIVER *** [3s 6d Td Kc][2d]
folderfoufou bets 13533 and is all-in
Dacoo folds
folderfoufou collected 26562 from pot
*** SUMMARY ***
Total pot 26562 | No rake
Board: [3s 6d Td Kc 2d]
Seat 4: folderfoufou (big blind) won 26562


Winamax Poker - Tournament "Hold'em [180 Max]" buyIn: 1.80€ + 0.20€ level: 4 - HandId: #2678084199805616135-71-1676580312 - Holdem no limit (40/175/350) - 2023/02/16 20:45:12 UTC
Table: 'Hold'em [180 Max](623540068)#06' 6-max (real money) Seat #3 is the button
Seat 1: BE_Phenomeno (26129)
Seat 2: _SKR (7035)
Seat 3: AAbi_dum0ine (17447)
Seat 4: folderfoufou (26562)
Seat 5: Verone_PC49 (28420)
Seat 6: Dacoo (14581)
*** ANTE/BLINDS ***
folderfoufou posts ante 40
Verone_PC49 posts ante 40
BE_Phenomeno posts ante 40
_SKR posts ante 40
AAbi_dum0ine posts ante 40
Dacoo posts ante 40
folderfoufou posts small blind 175
Verone_PC49 posts big blind 350
Dealt to _SKR [6d Tc]
*** PRE-FLOP *** 
Dacoo raises 438 to 788
BE_Phenomeno folds
_SKR folds
AAbi_dum0ine folds
folderfoufou folds
Verone_PC49 folds
Dacoo collected 1553 from pot
*** SUMMARY ***
Total pot 1553 | No rake
Seat 6: Dacoo won 1553


Winamax Poker - Tournament "Hold'em [180 Max]" buyIn: 1.80€ + 0.20€ level: 4 - HandId: #2678084199805616135-72-1676580327 - Holdem no limit (40/175/350) - 2023/02/16 20:45:27 UTC
Table: 'Hold'em [180 Max](623540068)#06' 6-max (real money) Seat #4 is the button
Seat 1: BE_Phenomeno (26089)
Seat 2: _SKR (6995)
Seat 3: AAbi_dum0ine (17407)
Seat 4: folderfoufou (26347)
Seat 5: Verone_PC49 (28030)
Seat 6: Dacoo (15306)
*** ANTE/BLINDS ***
Verone_PC49 posts ante 40
Dacoo posts ante 40
BE_Phenomeno posts ante 40
_SKR posts ante 40
AAbi_dum0ine posts ante 40
folderfoufou posts ante 40
Verone_PC49 posts small blind 175
Dacoo posts big blind 350
Dealt to _SKR [6s 8c]
*** PRE-FLOP *** 
BE_Phenomeno calls 350
_SKR folds
AAbi_dum0ine folds
folderfoufou folds
Verone_PC49 calls 175
Dacoo checks
*** FLOP *** [Kd Qs 5c]
Verone_PC49 checks
Dacoo checks
BE_Phenomeno checks
*** TURN *** [Kd Qs 5c][7c]
Verone_PC49 checks
Dacoo checks
BE_Phenomeno checks
*** RIVER *** [Kd Qs 5c 7c][9c]
Verone_PC49 checks
Dacoo checks
BE_Phenomeno bets 1559
Verone_PC49 folds
Dacoo folds
BE_Phenomeno collected 2849 from pot
*** SUMMARY ***
Total pot 2849 | No rake
Board: [Kd Qs 5c 7c 9c]
Seat 1: BE_Phenomeno won 2849


Winamax Poker - Tournament "Hold'em [180 Max]" buyIn: 1.80€ + 0.20€ level: 4 - HandId: #2678084199805616135-73-1676580382 - Holdem no limit (40/175/350) - 2023/02/16 20:46:22 UTC
Table: 'Hold'em [180 Max](623540068)#06' 6-max (real money) Seat #5 is the button
Seat 1: BE_Phenomeno (26989)
Seat 2: _SKR (6955)
Seat 3: AAbi_dum0ine (17367)
Seat 4: folderfoufou (26307)
Seat 5: Verone_PC49 (27640)
Seat 6: Dacoo (14916)
*** ANTE/BLINDS ***
Dacoo posts ante 40
BE_Phenomeno posts ante 40
_SKR posts ante 40
AAbi_dum0ine posts ante 40
folderfoufou posts ante 40
Verone_PC49 posts ante 40
Dacoo posts small blind 175
BE_Phenomeno posts big blind 350
Dealt to _SKR [Jh 5c]
*** PRE-FLOP *** 
_SKR folds
AAbi_dum0ine folds
folderfoufou folds
Verone_PC49 raises 525 to 875
Dacoo folds
BE_Phenomeno calls 525
*** FLOP *** [4h 3h 2h]
BE_Phenomeno bets 1407
Verone_PC49 folds
BE_Phenomeno collected 3572 from pot
*** SUMMARY ***
Total pot 3572 | No rake
Board: [4h 3h 2h]
Seat 1: BE_Phenomeno (big blind) won 3572


Winamax Poker - Tournament "Hold'em [180 Max]" buyIn: 1.80€ + 0.20€ level: 4 - HandId: #2678084199805616135-74-1676580426 - Holdem no limit (40/175/350) - 2023/02/16 20:47:06 UTC
Table: 'Hold'em [180 Max](623540068)#06' 6-max (real money) Seat #6 is the button
Seat 1: BE_Phenomeno (28239)
Seat 2: _SKR (6915)
Seat 3: AAbi_dum0ine (17327)
Seat 4: folderfoufou (26267)
Seat 5: Verone_PC49 (26725)
Seat 6: Dacoo (14701)
*** ANTE/BLINDS ***
BE_Phenomeno posts ante 40
_SKR posts ante 40
AAbi_dum0ine posts ante 40
folderfoufou posts ante 40
Verone_PC49 posts ante 40
Dacoo posts ante 40
BE_Phenomeno posts small blind 175
_SKR posts big blind 350
Dealt to _SKR [Jh 9c]
*** PRE-FLOP *** 
AAbi_dum0ine folds
folderfoufou folds
Verone_PC49 folds
Dacoo raises 525 to 875
BE_Phenomeno folds
_SKR calls 525
*** FLOP *** [Ah 3h 9d]
_SKR checks
Dacoo bets 541
_SKR folds
Dacoo collected 2706 from pot
*** SUMMARY ***
Total pot 2706 | No rake
Board: [Ah 3h 9d]
Seat 6: Dacoo (button) won 2706


Winamax Poker - Tournament "Hold'em [180 Max]" buyIn: 1.80€ + 0.20€ level: 4 - HandId: #2678084199805616135-75-1676580448 - Holdem no limit (40/175/350) - 2023/02/16 20:47:28 UTC
Table: 'Hold'em [180 Max](623540068)#06' 6-max (real money) Seat #1 is the button
Seat 1: BE_Phenomeno (28024)
Seat 2: _SKR (6000)
Seat 3: AAbi_dum0ine (17287)
Seat 4: folderfoufou (26227)
Seat 5: Verone_PC49 (26685)
Seat 6: Dacoo (15951)
*** ANTE/BLINDS ***
_SKR posts ante 40
AAbi_dum0ine posts ante 40
BE_Phenomeno posts ante 40
folderfoufou posts ante 40
Verone_PC49 posts ante 40
Dacoo posts ante 40
_SKR posts small blind 175
AAbi_dum0ine posts big blind 350
Dealt to _SKR [2d 6d]
*** PRE-FLOP *** 
folderfoufou folds
Verone_PC49 folds
Dacoo raises 438 to 788
BE_Phenomeno folds
_SKR folds
AAbi_dum0ine folds
Dacoo collected 1553 from pot
*** SUMMARY ***
Total pot 1553 | No rake
Seat 6: Dacoo won 1553


Winamax Poker - Tournament "Hold'em [180 Max]" buyIn: 1.80€ + 0.20€ level: 4 - HandId: #2678084199805616135-76-1676580477 - Holdem no limit (40/175/350) - 2023/02/16 20:47:57 UTC
Table: 'Hold'em [180 Max](623540068)#06' 6-max (real money) Seat #2 is the button
Seat 1: BE_Phenomeno (27984)
Seat 2: _SKR (5785)
Seat 3: AAbi_dum0ine (16897)
Seat 4: folderfoufou (26187)
Seat 5: Verone_PC49 (26645)
Seat 6: Dacoo (16676)
*** ANTE/BLINDS ***
AAbi_dum0ine posts ante 40
folderfoufou posts ante 40
BE_Phenomeno posts ante 40
_SKR posts ante 40
Verone_PC49 posts ante 40
Dacoo posts ante 40
AAbi_dum0ine posts small blind 175
folderfoufou posts big blind 350
Dealt to _SKR [8h 6d]
*** PRE-FLOP *** 
Verone_PC49 folds
Dacoo raises 438 to 788
BE_Phenomeno folds
_SKR folds
AAbi_dum0ine folds
folderfoufou raises 1751 to 2539
Dacoo folds
folderfoufou collected 3742 from pot
*** SUMMARY ***
Total pot 3742 | No rake
Seat 4: folderfoufou (big blind) won 3742


Winamax Poker - Tournament "Hold'em [180 Max]" buyIn: 1.80€ + 0.20€ level: 5 - HandId: #2678084199805616135-77-1676580494 - Holdem no limit (50/200/400) - 2023/02/16 20:48:14 UTC
Table: 'Hold'em [180 Max](623540068)#06' 6-max (real money) Seat #3 is the button
Seat 1: BE_Phenomeno (27944)
Seat 2: _SKR (5745)
Seat 3: AAbi_dum0ine (16682)
Seat 4: folderfoufou (27350)
Seat 5: Verone_PC49 (26605)
Seat 6: Dacoo (15848)
*** ANTE/BLINDS ***
folderfoufou posts ante 50
Verone_PC49 posts ante 50
BE_Phenomeno posts ante 50
_SKR posts ante 50
AAbi_dum0ine posts ante 50
Dacoo posts ante 50
folderfoufou posts small blind 200
Verone_PC49 posts big blind 400
Dealt to _SKR [5s Qc]
*** PRE-FLOP *** 
Dacoo folds
BE_Phenomeno folds
_SKR folds
AAbi_dum0ine folds
folderfoufou calls 200
Verone_PC49 checks
*** FLOP *** [7s 7d 5h]
folderfoufou checks
Verone_PC49 bets 400
folderfoufou folds
Verone_PC49 collected 1500 from pot
*** SUMMARY ***
Total pot 1500 | No rake
Board: [7s 7d 5h]
Seat 5: Verone_PC49 (big blind) won 1500


Winamax Poker - Tournament "Hold'em [180 Max]" buyIn: 1.80€ + 0.20€ level: 5 - HandId: #2678084199805616135-78-1676580525 - Holdem no limit (50/200/400) - 2023/02/16 20:48:45 UTC
Table: 'Hold'em [180 Max](623540068)#06' 6-max (real money) Seat #4 is the button
Seat 1: BE_Phenomeno (27894)
Seat 2: _SKR (5695)
Seat 3: AAbi_dum0ine (16632)
Seat 4: folderfoufou (26900)
Seat 5: Verone_PC49 (27255)
Seat 6: Dacoo (15798)
*** ANTE/BLINDS ***
Verone_PC49 posts ante 50
Dacoo posts ante 50
BE_Phenomeno posts ante 50
_SKR posts ante 50
AAbi_dum0ine posts ante 50
folderfoufou posts ante 50
Verone_PC49 posts small blind 200
Dacoo posts big blind 400
Dealt to _SKR [Qc Ah]
*** PRE-FLOP *** 
BE_Phenomeno folds
_SKR raises 5245 to 5645 and is all-in
AAbi_dum0ine raises 10937 to 16582 and is all-in
folderfoufou folds
Verone_PC49 folds
Dacoo folds
*** FLOP *** [2h 3c 8c]
*** TURN *** [2h 3c 8c][8h]
*** RIVER *** [2h 3c 8c 8h][9s]
*** SHOW DOWN ***
_SKR shows [Qc Ah] (One pair : 8)
AAbi_dum0ine shows [Kc Kh] (Two pairs : Kings and 8)
AAbi_dum0ine collected 23127 from pot
*** SUMMARY ***
Total pot 23127 | No rake
Board: [2h 3c 8c 8h 9s]
Seat 2: _SKR showed [Qc Ah] and lost with One pair : 8
Seat 3: AAbi_dum0ine showed [Kc Kh] and won 23127 with Two pairs : Kings and 8


