Winamax Poker - Tournament "Expresso Nitro" buyIn: 0.93€ + 0.07€ level: 1 - HandId: #2717580156418916353-1-1676227692 - Holdem no limit (10/20) - 2023/02/12 18:48:12 UTC
Table: 'Expresso Nitro(632735937)#0' 3-max (real money) Seat #1 is the button
Seat 1: coda66 (300)
Seat 2: Lucette7680 (300)
Seat 3: _SKR (300)
*** ANTE/BLINDS ***
Lucette7680 posts small blind 10
_SKR posts big blind 20
Dealt to _SKR [Qd Qh]
*** PRE-FLOP *** 
coda66 raises 50 to 70
Lucette7680 folds
_SKR raises 230 to 300 and is all-in
coda66 calls 230 and is all-in
*** FLOP *** [5h 7h Jh]
*** TURN *** [5h 7h Jh][4c]
*** RIVER *** [5h 7h Jh 4c][2h]
*** SHOW DOWN ***
coda66 shows [As Qs] (High card : Ace)
_SKR shows [Qd Qh] (Flush Queen high)
_SKR collected 610 from pot
*** SUMMARY ***
Total pot 610 | No rake
Board: [5h 7h Jh 4c 2h]
Seat 1: coda66 (button) showed [As Qs] and lost with High card : Ace
Seat 3: _SKR (big blind) showed [Qd Qh] and won 610 with Flush Queen high


Winamax Poker - Tournament "Expresso Nitro" buyIn: 0.93€ + 0.07€ level: 1 - HandId: #2717580156418916353-2-1676227712 - Holdem no limit (10/20) - 2023/02/12 18:48:32 UTC
Table: 'Expresso Nitro(632735937)#0' 3-max (real money) Seat #3 is the button
Seat 2: Lucette7680 (290)
Seat 3: _SKR (610)
*** ANTE/BLINDS ***
_SKR posts small blind 10
Lucette7680 posts big blind 20
Dealt to _SKR [Qs 4c]
*** PRE-FLOP *** 
_SKR folds
Lucette7680 collected 30 from pot
*** SUMMARY ***
Total pot 30 | No rake
Seat 2: Lucette7680 (big blind) won 30


Winamax Poker - Tournament "Expresso Nitro" buyIn: 0.93€ + 0.07€ level: 1 - HandId: #2717580156418916353-3-1676227715 - Holdem no limit (10/20) - 2023/02/12 18:48:35 UTC
Table: 'Expresso Nitro(632735937)#0' 3-max (real money) Seat #2 is the button
Seat 2: Lucette7680 (300)
Seat 3: _SKR (600)
*** ANTE/BLINDS ***
Lucette7680 posts small blind 10
_SKR posts big blind 20
Dealt to _SKR [4c 8c]
*** PRE-FLOP *** 
Lucette7680 calls 10
_SKR checks
*** FLOP *** [Jd 3c Ah]
_SKR checks
Lucette7680 checks
*** TURN *** [Jd 3c Ah][Jh]
_SKR checks
Lucette7680 checks
*** RIVER *** [Jd 3c Ah Jh][8h]
_SKR checks
Lucette7680 checks
*** SHOW DOWN ***
Lucette7680 shows [5s 5c] (Two pairs : Jacks and 5)
_SKR shows [4c 8c] (Two pairs : Jacks and 8)
_SKR collected 40 from pot
*** SUMMARY ***
Total pot 40 | No rake
Board: [Jd 3c Ah Jh 8h]
Seat 2: Lucette7680 (small blind) (button) showed [5s 5c] and lost with Two pairs : Jacks and 5
Seat 3: _SKR (big blind) showed [4c 8c] and won 40 with Two pairs : Jacks and 8


Winamax Poker - Tournament "Expresso Nitro" buyIn: 0.93€ + 0.07€ level: 1 - HandId: #2717580156418916353-4-1676227743 - Holdem no limit (10/20) - 2023/02/12 18:49:03 UTC
Table: 'Expresso Nitro(632735937)#0' 3-max (real money) Seat #3 is the button
Seat 2: Lucette7680 (280)
Seat 3: _SKR (620)
*** ANTE/BLINDS ***
_SKR posts small blind 10
Lucette7680 posts big blind 20
Dealt to _SKR [8h Jd]
*** PRE-FLOP *** 
_SKR folds
Lucette7680 collected 30 from pot
*** SUMMARY ***
Total pot 30 | No rake
Seat 2: Lucette7680 (big blind) won 30


Winamax Poker - Tournament "Expresso Nitro" buyIn: 0.93€ + 0.07€ level: 2 - HandId: #2717580156418916353-5-1676227752 - Holdem no limit (15/30) - 2023/02/12 18:49:12 UTC
Table: 'Expresso Nitro(632735937)#0' 3-max (real money) Seat #2 is the button
Seat 2: Lucette7680 (290)
Seat 3: _SKR (610)
*** ANTE/BLINDS ***
Lucette7680 posts small blind 15
_SKR posts big blind 30
Dealt to _SKR [Jc 5s]
*** PRE-FLOP *** 
Lucette7680 calls 15
_SKR checks
*** FLOP *** [4h 3h 9s]
_SKR checks
Lucette7680 checks
*** TURN *** [4h 3h 9s][2s]
_SKR checks
Lucette7680 checks
*** RIVER *** [4h 3h 9s 2s][6c]
_SKR checks
Lucette7680 bets 60
_SKR folds
Lucette7680 collected 120 from pot
*** SUMMARY ***
Total pot 120 | No rake
Board: [4h 3h 9s 2s 6c]
Seat 2: Lucette7680 (small blind) (button) won 120


Winamax Poker - Tournament "Expresso Nitro" buyIn: 0.93€ + 0.07€ level: 2 - HandId: #2717580156418916353-6-1676227784 - Holdem no limit (15/30) - 2023/02/12 18:49:44 UTC
Table: 'Expresso Nitro(632735937)#0' 3-max (real money) Seat #3 is the button
Seat 2: Lucette7680 (320)
Seat 3: _SKR (580)
*** ANTE/BLINDS ***
_SKR posts small blind 15
Lucette7680 posts big blind 30
Dealt to _SKR [8c 5s]
*** PRE-FLOP *** 
_SKR folds
Lucette7680 collected 45 from pot
*** SUMMARY ***
Total pot 45 | No rake
Seat 2: Lucette7680 (big blind) won 45


Winamax Poker - Tournament "Expresso Nitro" buyIn: 0.93€ + 0.07€ level: 2 - HandId: #2717580156418916353-7-1676227788 - Holdem no limit (15/30) - 2023/02/12 18:49:48 UTC
Table: 'Expresso Nitro(632735937)#0' 3-max (real money) Seat #2 is the button
Seat 2: Lucette7680 (335)
Seat 3: _SKR (565)
*** ANTE/BLINDS ***
Lucette7680 posts small blind 15
_SKR posts big blind 30
Dealt to _SKR [3c Jd]
*** PRE-FLOP *** 
Lucette7680 calls 15
_SKR checks
*** FLOP *** [Js 4h 6d]
_SKR checks
Lucette7680 checks
*** TURN *** [Js 4h 6d][8c]
_SKR checks
Lucette7680 checks
*** RIVER *** [Js 4h 6d 8c][Qs]
_SKR checks
Lucette7680 checks
*** SHOW DOWN ***
Lucette7680 shows [5h 2h] (High card : Queen)
_SKR shows [3c Jd] (One pair : Jacks)
_SKR collected 60 from pot
*** SUMMARY ***
Total pot 60 | No rake
Board: [Js 4h 6d 8c Qs]
Seat 2: Lucette7680 (small blind) (button) showed [5h 2h] and lost with High card : Queen
Seat 3: _SKR (big blind) showed [3c Jd] and won 60 with One pair : Jacks


Winamax Poker - Tournament "Expresso Nitro" buyIn: 0.93€ + 0.07€ level: 3 - HandId: #2717580156418916353-8-1676227826 - Holdem no limit (20/40) - 2023/02/12 18:50:26 UTC
Table: 'Expresso Nitro(632735937)#0' 3-max (real money) Seat #3 is the button
Seat 2: Lucette7680 (305)
Seat 3: _SKR (595)
*** ANTE/BLINDS ***
_SKR posts small blind 20
Lucette7680 posts big blind 40
Dealt to _SKR [Jd 5c]
*** PRE-FLOP *** 
_SKR folds
Lucette7680 collected 60 from pot
*** SUMMARY ***
Total pot 60 | No rake
Seat 2: Lucette7680 (big blind) won 60


Winamax Poker - Tournament "Expresso Nitro" buyIn: 0.93€ + 0.07€ level: 3 - HandId: #2717580156418916353-9-1676227833 - Holdem no limit (20/40) - 2023/02/12 18:50:33 UTC
Table: 'Expresso Nitro(632735937)#0' 3-max (real money) Seat #2 is the button
Seat 2: Lucette7680 (325)
Seat 3: _SKR (575)
*** ANTE/BLINDS ***
Lucette7680 posts small blind 20
_SKR posts big blind 40
Dealt to _SKR [Ks Js]
*** PRE-FLOP *** 
Lucette7680 calls 20
_SKR raises 535 to 575 and is all-in
Lucette7680 calls 285 and is all-in
*** FLOP *** [6s 6d Td]
*** TURN *** [6s 6d Td][5c]
*** RIVER *** [6s 6d Td 5c][5h]
*** SHOW DOWN ***
Lucette7680 shows [Qd Qs] (Two pairs : Queens and 6)
_SKR shows [Ks Js] (Two pairs : 6 and 5)
_SKR collected 250 from side pot 1
Lucette7680 collected 650 from main pot
*** SUMMARY ***
Total pot 900 | No rake
Board: [6s 6d Td 5c 5h]
Seat 2: Lucette7680 (small blind) (button) showed [Qd Qs] and won 650 with Two pairs : Queens and 6
Seat 3: _SKR (big blind) showed [Ks Js] and won 250 with Two pairs : 6 and 5


Winamax Poker - Tournament "Expresso Nitro" buyIn: 0.93€ + 0.07€ level: 3 - HandId: #2717580156418916353-10-1676227845 - Holdem no limit (20/40) - 2023/02/12 18:50:45 UTC
Table: 'Expresso Nitro(632735937)#0' 3-max (real money) Seat #3 is the button
Seat 2: Lucette7680 (650)
Seat 3: _SKR (250)
*** ANTE/BLINDS ***
_SKR posts small blind 20
Lucette7680 posts big blind 40
Dealt to _SKR [7h 2c]
*** PRE-FLOP *** 
_SKR folds
Lucette7680 collected 60 from pot
*** SUMMARY ***
Total pot 60 | No rake
Seat 2: Lucette7680 (big blind) won 60


Winamax Poker - Tournament "Expresso Nitro" buyIn: 0.93€ + 0.07€ level: 3 - HandId: #2717580156418916353-11-1676227862 - Holdem no limit (20/40) - 2023/02/12 18:51:02 UTC
Table: 'Expresso Nitro(632735937)#0' 3-max (real money) Seat #2 is the button
Seat 2: Lucette7680 (670)
Seat 3: _SKR (230)
*** ANTE/BLINDS ***
Lucette7680 posts small blind 20
_SKR posts big blind 40
Dealt to _SKR [Jc Td]
*** PRE-FLOP *** 
Lucette7680 calls 20
_SKR raises 190 to 230 and is all-in
Lucette7680 calls 190
*** FLOP *** [As Jd 3s]
*** TURN *** [As Jd 3s][3c]
*** RIVER *** [As Jd 3s 3c][8s]
*** SHOW DOWN ***
Lucette7680 shows [9c 8d] (Two pairs : 8 and 3)
_SKR shows [Jc Td] (Two pairs : Jacks and 3)
_SKR collected 460 from pot
*** SUMMARY ***
Total pot 460 | No rake
Board: [As Jd 3s 3c 8s]
Seat 2: Lucette7680 (small blind) (button) showed [9c 8d] and lost with Two pairs : 8 and 3
Seat 3: _SKR (big blind) showed [Jc Td] and won 460 with Two pairs : Jacks and 3


Winamax Poker - Tournament "Expresso Nitro" buyIn: 0.93€ + 0.07€ level: 4 - HandId: #2717580156418916353-12-1676227877 - Holdem no limit (30/60) - 2023/02/12 18:51:17 UTC
Table: 'Expresso Nitro(632735937)#0' 3-max (real money) Seat #3 is the button
Seat 2: Lucette7680 (440)
Seat 3: _SKR (460)
*** ANTE/BLINDS ***
_SKR posts small blind 30
Lucette7680 posts big blind 60
Dealt to _SKR [3c Qd]
*** PRE-FLOP *** 
_SKR folds
Lucette7680 collected 90 from pot
*** SUMMARY ***
Total pot 90 | No rake
Seat 2: Lucette7680 (big blind) won 90


Winamax Poker - Tournament "Expresso Nitro" buyIn: 0.93€ + 0.07€ level: 4 - HandId: #2717580156418916353-13-1676227881 - Holdem no limit (30/60) - 2023/02/12 18:51:21 UTC
Table: 'Expresso Nitro(632735937)#0' 3-max (real money) Seat #2 is the button
Seat 2: Lucette7680 (470)
Seat 3: _SKR (430)
*** ANTE/BLINDS ***
Lucette7680 posts small blind 30
_SKR posts big blind 60
Dealt to _SKR [Ac Kd]
*** PRE-FLOP *** 
Lucette7680 calls 30
_SKR raises 370 to 430 and is all-in
Lucette7680 calls 370
*** FLOP *** [8c 5c 2h]
*** TURN *** [8c 5c 2h][2c]
*** RIVER *** [8c 5c 2h 2c][7d]
*** SHOW DOWN ***
Lucette7680 shows [Qc 3s] (One pair : 2)
_SKR shows [Ac Kd] (One pair : 2)
_SKR collected 860 from pot
*** SUMMARY ***
Total pot 860 | No rake
Board: [8c 5c 2h 2c 7d]
Seat 2: Lucette7680 (small blind) (button) showed [Qc 3s] and lost with One pair : 2
Seat 3: _SKR (big blind) showed [Ac Kd] and won 860 with One pair : 2


Winamax Poker - Tournament "Expresso Nitro" buyIn: 0.93€ + 0.07€ level: 4 - HandId: #2717580156418916353-14-1676227896 - Holdem no limit (30/60) - 2023/02/12 18:51:36 UTC
Table: 'Expresso Nitro(632735937)#0' 3-max (real money) Seat #3 is the button
Seat 2: Lucette7680 (40)
Seat 3: _SKR (860)
*** ANTE/BLINDS ***
_SKR posts small blind 30
Lucette7680 posts big blind 40 and is all-in
Dealt to _SKR [Ah 7s]
*** PRE-FLOP *** 
_SKR raises 80 to 120
*** FLOP *** [5c Jh 8d]
*** TURN *** [5c Jh 8d][5d]
*** RIVER *** [5c Jh 8d 5d][Js]
*** SHOW DOWN ***
Lucette7680 shows [Qc 6c] (Two pairs : Jacks and 5)
_SKR shows [Ah 7s] (Two pairs : Jacks and 5)
_SKR collected 160 from pot
*** SUMMARY ***
Total pot 160 | No rake
Board: [5c Jh 8d 5d Js]
Seat 2: Lucette7680 (big blind) showed [Qc 6c] and lost with Two pairs : Jacks and 5
Seat 3: _SKR (small blind) (button) showed [Ah 7s] and won 160 with Two pairs : Jacks and 5


