Winamax Poker - Tournament "Expresso Nitro" buyIn: 1.86€ + 0.14€ level: 1 - HandId: #2696512654637268993-1-1675084320 - Holdem no limit (10/20) - 2023/01/30 13:12:00 UTC
Table: 'Expresso Nitro(627830777)#0' 3-max (real money) Seat #3 is the button
Seat 1: FILOCHE17 (300)
Seat 2: ZUTZUTREZUT (300)
Seat 3: _SKR (300)
*** ANTE/BLINDS ***
FILOCHE17 posts small blind 10
ZUTZUTREZUT posts big blind 20
Dealt to _SKR [3c 2h]
*** PRE-FLOP *** 
_SKR folds
FILOCHE17 raises 40 to 60
ZUTZUTREZUT raises 240 to 300 and is all-in
FILOCHE17 calls 240 and is all-in
*** FLOP *** [3h Ks Kh]
*** TURN *** [3h Ks Kh][9c]
*** RIVER *** [3h Ks Kh 9c][8s]
*** SHOW DOWN ***
ZUTZUTREZUT shows [Qs Qd] (Two pairs : Kings and Queens)
FILOCHE17 shows [Jc Kd] (Trips of Kings)
FILOCHE17 collected 600 from pot
*** SUMMARY ***
Total pot 600 | No rake
Board: [3h Ks Kh 9c 8s]
Seat 1: FILOCHE17 (small blind) showed [Jc Kd] and won 600 with Trips of Kings
Seat 2: ZUTZUTREZUT (big blind) showed [Qs Qd] and lost with Two pairs : Kings and Queens


Winamax Poker - Tournament "Expresso Nitro" buyIn: 1.86€ + 0.14€ level: 1 - HandId: #2696512654637268993-2-1675084342 - Holdem no limit (10/20) - 2023/01/30 13:12:22 UTC
Table: 'Expresso Nitro(627830777)#0' 3-max (real money) Seat #3 is the button
Seat 1: FILOCHE17 (600)
Seat 3: _SKR (300)
*** ANTE/BLINDS ***
_SKR posts small blind 10
FILOCHE17 posts big blind 20
Dealt to _SKR [Ah 8c]
*** PRE-FLOP *** 
_SKR raises 280 to 300 and is all-in
FILOCHE17 folds
_SKR collected 320 from pot
*** SUMMARY ***
Total pot 320 | No rake
Seat 3: _SKR (small blind) (button) won 320


Winamax Poker - Tournament "Expresso Nitro" buyIn: 1.86€ + 0.14€ level: 1 - HandId: #2696512654637268993-3-1675084353 - Holdem no limit (10/20) - 2023/01/30 13:12:33 UTC
Table: 'Expresso Nitro(627830777)#0' 3-max (real money) Seat #1 is the button
Seat 1: FILOCHE17 (580)
Seat 3: _SKR (320)
*** ANTE/BLINDS ***
FILOCHE17 posts small blind 10
_SKR posts big blind 20
Dealt to _SKR [8s 3h]
*** PRE-FLOP *** 
FILOCHE17 calls 10
_SKR checks
*** FLOP *** [9c Jd 7s]
_SKR checks
FILOCHE17 bets 40
_SKR folds
FILOCHE17 collected 80 from pot
*** SUMMARY ***
Total pot 80 | No rake
Board: [9c Jd 7s]
Seat 1: FILOCHE17 (small blind) (button) won 80


Winamax Poker - Tournament "Expresso Nitro" buyIn: 1.86€ + 0.14€ level: 2 - HandId: #2696512654637268993-4-1675084381 - Holdem no limit (15/30) - 2023/01/30 13:13:01 UTC
Table: 'Expresso Nitro(627830777)#0' 3-max (real money) Seat #3 is the button
Seat 1: FILOCHE17 (600)
Seat 3: _SKR (300)
*** ANTE/BLINDS ***
_SKR posts small blind 15
FILOCHE17 posts big blind 30
Dealt to _SKR [5h Jh]
*** PRE-FLOP *** 
_SKR folds
FILOCHE17 collected 45 from pot
*** SUMMARY ***
Total pot 45 | No rake
Seat 1: FILOCHE17 (big blind) won 45


Winamax Poker - Tournament "Expresso Nitro" buyIn: 1.86€ + 0.14€ level: 2 - HandId: #2696512654637268993-5-1675084388 - Holdem no limit (15/30) - 2023/01/30 13:13:08 UTC
Table: 'Expresso Nitro(627830777)#0' 3-max (real money) Seat #1 is the button
Seat 1: FILOCHE17 (615)
Seat 3: _SKR (285)
*** ANTE/BLINDS ***
FILOCHE17 posts small blind 15
_SKR posts big blind 30
Dealt to _SKR [Ac 8c]
*** PRE-FLOP *** 
FILOCHE17 folds
_SKR collected 45 from pot
*** SUMMARY ***
Total pot 45 | No rake
Seat 3: _SKR (big blind) won 45


Winamax Poker - Tournament "Expresso Nitro" buyIn: 1.86€ + 0.14€ level: 2 - HandId: #2696512654637268993-6-1675084393 - Holdem no limit (15/30) - 2023/01/30 13:13:13 UTC
Table: 'Expresso Nitro(627830777)#0' 3-max (real money) Seat #3 is the button
Seat 1: FILOCHE17 (600)
Seat 3: _SKR (300)
*** ANTE/BLINDS ***
_SKR posts small blind 15
FILOCHE17 posts big blind 30
Dealt to _SKR [9d Qs]
*** PRE-FLOP *** 
_SKR raises 270 to 300 and is all-in
FILOCHE17 folds
_SKR collected 330 from pot
*** SUMMARY ***
Total pot 330 | No rake
Seat 3: _SKR (small blind) (button) won 330


Winamax Poker - Tournament "Expresso Nitro" buyIn: 1.86€ + 0.14€ level: 2 - HandId: #2696512654637268993-7-1675084400 - Holdem no limit (15/30) - 2023/01/30 13:13:20 UTC
Table: 'Expresso Nitro(627830777)#0' 3-max (real money) Seat #1 is the button
Seat 1: FILOCHE17 (570)
Seat 3: _SKR (330)
*** ANTE/BLINDS ***
FILOCHE17 posts small blind 15
_SKR posts big blind 30
Dealt to _SKR [Tc Kc]
*** PRE-FLOP *** 
FILOCHE17 folds
_SKR collected 45 from pot
*** SUMMARY ***
Total pot 45 | No rake
Seat 3: _SKR (big blind) won 45


Winamax Poker - Tournament "Expresso Nitro" buyIn: 1.86€ + 0.14€ level: 2 - HandId: #2696512654637268993-8-1675084405 - Holdem no limit (15/30) - 2023/01/30 13:13:25 UTC
Table: 'Expresso Nitro(627830777)#0' 3-max (real money) Seat #3 is the button
Seat 1: FILOCHE17 (555)
Seat 3: _SKR (345)
*** ANTE/BLINDS ***
_SKR posts small blind 15
FILOCHE17 posts big blind 30
Dealt to _SKR [4c Kh]
*** PRE-FLOP *** 
_SKR raises 315 to 345 and is all-in
FILOCHE17 folds
_SKR collected 375 from pot
*** SUMMARY ***
Total pot 375 | No rake
Seat 3: _SKR (small blind) (button) won 375


Winamax Poker - Tournament "Expresso Nitro" buyIn: 1.86€ + 0.14€ level: 2 - HandId: #2696512654637268993-9-1675084412 - Holdem no limit (15/30) - 2023/01/30 13:13:32 UTC
Table: 'Expresso Nitro(627830777)#0' 3-max (real money) Seat #1 is the button
Seat 1: FILOCHE17 (525)
Seat 3: _SKR (375)
*** ANTE/BLINDS ***
FILOCHE17 posts small blind 15
_SKR posts big blind 30
Dealt to _SKR [8s 8d]
*** PRE-FLOP *** 
FILOCHE17 raises 495 to 525 and is all-in
_SKR calls 345 and is all-in
*** FLOP *** [Kc 7h 7d]
*** TURN *** [Kc 7h 7d][6c]
*** RIVER *** [Kc 7h 7d 6c][2h]
*** SHOW DOWN ***
FILOCHE17 shows [Ac 3h] (One pair : 7)
_SKR shows [8s 8d] (Two pairs : 8 and 7)
_SKR collected 750 from main pot
FILOCHE17 collected 150 from side pot 1
*** SUMMARY ***
Total pot 900 | No rake
Board: [Kc 7h 7d 6c 2h]
Seat 1: FILOCHE17 (small blind) (button) showed [Ac 3h] and won 150 with One pair : 7
Seat 3: _SKR (big blind) showed [8s 8d] and won 750 with Two pairs : 8 and 7


Winamax Poker - Tournament "Expresso Nitro" buyIn: 1.86€ + 0.14€ level: 2 - HandId: #2696512654637268993-10-1675084431 - Holdem no limit (15/30) - 2023/01/30 13:13:51 UTC
Table: 'Expresso Nitro(627830777)#0' 3-max (real money) Seat #3 is the button
Seat 1: FILOCHE17 (150)
Seat 3: _SKR (750)
*** ANTE/BLINDS ***
_SKR posts small blind 15
FILOCHE17 posts big blind 30
Dealt to _SKR [9c Ad]
*** PRE-FLOP *** 
_SKR raises 720 to 750 and is all-in
FILOCHE17 calls 120 and is all-in
*** FLOP *** [7h Js 8d]
*** TURN *** [7h Js 8d][Ts]
*** RIVER *** [7h Js 8d Ts][2c]
*** SHOW DOWN ***
FILOCHE17 shows [6d Td] (One pair : Tens)
_SKR shows [9c Ad] (Straight Jack high)
_SKR collected 900 from pot
*** SUMMARY ***
Total pot 900 | No rake
Board: [7h Js 8d Ts 2c]
Seat 1: FILOCHE17 (big blind) showed [6d Td] and lost with One pair : Tens
Seat 3: _SKR (small blind) (button) showed [9c Ad] and won 900 with Straight Jack high


