Winamax Poker - Tournament "Expresso Nitro" buyIn: 0.93€ + 0.07€ level: 1 - HandId: #2690557012466466817-1-1674685827 - Holdem no limit (10/20) - 2023/01/25 22:30:27 UTC
Table: 'Expresso Nitro(626444121)#0' 3-max (real money) Seat #2 is the button
Seat 1: Cumplidollar (300)
Seat 2: evann6ix9 (300)
Seat 3: _SKR (300)
*** ANTE/BLINDS ***
_SKR posts small blind 10
Cumplidollar posts big blind 20
Dealt to _SKR [4d 6h]
*** PRE-FLOP *** 
evann6ix9 folds
_SKR folds
Cumplidollar collected 30 from pot
*** SUMMARY ***
Total pot 30 | No rake
Seat 1: Cumplidollar (big blind) won 30


Winamax Poker - Tournament "Expresso Nitro" buyIn: 0.93€ + 0.07€ level: 1 - HandId: #2690557012466466817-2-1674685832 - Holdem no limit (10/20) - 2023/01/25 22:30:32 UTC
Table: 'Expresso Nitro(626444121)#0' 3-max (real money) Seat #3 is the button
Seat 1: Cumplidollar (310)
Seat 2: evann6ix9 (300)
Seat 3: _SKR (290)
*** ANTE/BLINDS ***
Cumplidollar posts small blind 10
evann6ix9 posts big blind 20
Dealt to _SKR [Qc Jd]
*** PRE-FLOP *** 
_SKR raises 20 to 40
Cumplidollar folds
evann6ix9 calls 20
*** FLOP *** [7c 4s Ts]
evann6ix9 bets 20
_SKR calls 20
*** TURN *** [7c 4s Ts][6h]
evann6ix9 checks
_SKR checks
*** RIVER *** [7c 4s Ts 6h][9h]
evann6ix9 bets 46
_SKR folds
evann6ix9 collected 176 from pot
*** SUMMARY ***
Total pot 176 | No rake
Board: [7c 4s Ts 6h 9h]
Seat 2: evann6ix9 (big blind) won 176


Winamax Poker - Tournament "Expresso Nitro" buyIn: 0.93€ + 0.07€ level: 1 - HandId: #2690557012466466817-3-1674685874 - Holdem no limit (10/20) - 2023/01/25 22:31:14 UTC
Table: 'Expresso Nitro(626444121)#0' 3-max (real money) Seat #1 is the button
Seat 1: Cumplidollar (300)
Seat 2: evann6ix9 (370)
Seat 3: _SKR (230)
*** ANTE/BLINDS ***
evann6ix9 posts small blind 10
_SKR posts big blind 20
Dealt to _SKR [2d 2c]
*** PRE-FLOP *** 
Cumplidollar folds
evann6ix9 folds
_SKR collected 30 from pot
*** SUMMARY ***
Total pot 30 | No rake
Seat 3: _SKR (big blind) won 30


Winamax Poker - Tournament "Expresso Nitro" buyIn: 0.93€ + 0.07€ level: 1 - HandId: #2690557012466466817-4-1674685879 - Holdem no limit (10/20) - 2023/01/25 22:31:19 UTC
Table: 'Expresso Nitro(626444121)#0' 3-max (real money) Seat #2 is the button
Seat 1: Cumplidollar (300)
Seat 2: evann6ix9 (360)
Seat 3: _SKR (240)
*** ANTE/BLINDS ***
_SKR posts small blind 10
Cumplidollar posts big blind 20
Dealt to _SKR [6c 9c]
*** PRE-FLOP *** 
evann6ix9 calls 20
_SKR folds
Cumplidollar checks
*** FLOP *** [8d Ad Qd]
Cumplidollar bets 50
evann6ix9 calls 50
*** TURN *** [8d Ad Qd][3c]
Cumplidollar bets 230 and is all-in
evann6ix9 folds
Cumplidollar collected 380 from pot
*** SUMMARY ***
Total pot 380 | No rake
Board: [8d Ad Qd 3c]
Seat 1: Cumplidollar (big blind) won 380


Winamax Poker - Tournament "Expresso Nitro" buyIn: 0.93€ + 0.07€ level: 2 - HandId: #2690557012466466817-5-1674685894 - Holdem no limit (15/30) - 2023/01/25 22:31:34 UTC
Table: 'Expresso Nitro(626444121)#0' 3-max (real money) Seat #3 is the button
Seat 1: Cumplidollar (380)
Seat 2: evann6ix9 (290)
Seat 3: _SKR (230)
*** ANTE/BLINDS ***
Cumplidollar posts small blind 15
evann6ix9 posts big blind 30
Dealt to _SKR [2h Qs]
*** PRE-FLOP *** 
_SKR folds
Cumplidollar folds
evann6ix9 collected 45 from pot
*** SUMMARY ***
Total pot 45 | No rake
Seat 2: evann6ix9 (big blind) won 45


Winamax Poker - Tournament "Expresso Nitro" buyIn: 0.93€ + 0.07€ level: 2 - HandId: #2690557012466466817-6-1674685901 - Holdem no limit (15/30) - 2023/01/25 22:31:41 UTC
Table: 'Expresso Nitro(626444121)#0' 3-max (real money) Seat #1 is the button
Seat 1: Cumplidollar (365)
Seat 2: evann6ix9 (305)
Seat 3: _SKR (230)
*** ANTE/BLINDS ***
evann6ix9 posts small blind 15
_SKR posts big blind 30
Dealt to _SKR [2h 4s]
*** PRE-FLOP *** 
Cumplidollar folds
evann6ix9 folds
_SKR collected 45 from pot
*** SUMMARY ***
Total pot 45 | No rake
Seat 3: _SKR (big blind) won 45


Winamax Poker - Tournament "Expresso Nitro" buyIn: 0.93€ + 0.07€ level: 2 - HandId: #2690557012466466817-7-1674685906 - Holdem no limit (15/30) - 2023/01/25 22:31:46 UTC
Table: 'Expresso Nitro(626444121)#0' 3-max (real money) Seat #2 is the button
Seat 1: Cumplidollar (365)
Seat 2: evann6ix9 (290)
Seat 3: _SKR (245)
*** ANTE/BLINDS ***
_SKR posts small blind 15
Cumplidollar posts big blind 30
Dealt to _SKR [7h Ah]
*** PRE-FLOP *** 
evann6ix9 folds
_SKR raises 215 to 245 and is all-in
Cumplidollar calls 215
*** FLOP *** [7s 3d 9d]
*** TURN *** [7s 3d 9d][3s]
*** RIVER *** [7s 3d 9d 3s][7d]
*** SHOW DOWN ***
Cumplidollar shows [5d Ad] (Flush Ace high)
_SKR shows [7h Ah] (Full of 7 and 3)
_SKR collected 490 from pot
*** SUMMARY ***
Total pot 490 | No rake
Board: [7s 3d 9d 3s 7d]
Seat 1: Cumplidollar (big blind) showed [5d Ad] and lost with Flush Ace high
Seat 3: _SKR (small blind) showed [7h Ah] and won 490 with Full of 7 and 3


Winamax Poker - Tournament "Expresso Nitro" buyIn: 0.93€ + 0.07€ level: 2 - HandId: #2690557012466466817-8-1674685928 - Holdem no limit (15/30) - 2023/01/25 22:32:08 UTC
Table: 'Expresso Nitro(626444121)#0' 3-max (real money) Seat #3 is the button
Seat 1: Cumplidollar (120)
Seat 2: evann6ix9 (290)
Seat 3: _SKR (490)
*** ANTE/BLINDS ***
Cumplidollar posts small blind 15
evann6ix9 posts big blind 30
Dealt to _SKR [5h 3c]
*** PRE-FLOP *** 
_SKR folds
Cumplidollar folds
evann6ix9 collected 45 from pot
*** SUMMARY ***
Total pot 45 | No rake
Seat 2: evann6ix9 (big blind) won 45


Winamax Poker - Tournament "Expresso Nitro" buyIn: 0.93€ + 0.07€ level: 2 - HandId: #2690557012466466817-9-1674685936 - Holdem no limit (15/30) - 2023/01/25 22:32:16 UTC
Table: 'Expresso Nitro(626444121)#0' 3-max (real money) Seat #1 is the button
Seat 1: Cumplidollar (105)
Seat 2: evann6ix9 (305)
Seat 3: _SKR (490)
*** ANTE/BLINDS ***
evann6ix9 posts small blind 15
_SKR posts big blind 30
Dealt to _SKR [Ks 3c]
*** PRE-FLOP *** 
Cumplidollar raises 75 to 105 and is all-in
evann6ix9 calls 90
_SKR folds
*** FLOP *** [As Qs Kc]
*** TURN *** [As Qs Kc][6h]
*** RIVER *** [As Qs Kc 6h][4d]
*** SHOW DOWN ***
evann6ix9 shows [Tc Td] (One pair : Tens)
Cumplidollar shows [Ah 2c] (One pair : Aces)
Cumplidollar collected 240 from pot
*** SUMMARY ***
Total pot 240 | No rake
Board: [As Qs Kc 6h 4d]
Seat 1: Cumplidollar (button) showed [Ah 2c] and won 240 with One pair : Aces
Seat 2: evann6ix9 (small blind) showed [Tc Td] and lost with One pair : Tens


Winamax Poker - Tournament "Expresso Nitro" buyIn: 0.93€ + 0.07€ level: 3 - HandId: #2690557012466466817-10-1674685959 - Holdem no limit (20/40) - 2023/01/25 22:32:39 UTC
Table: 'Expresso Nitro(626444121)#0' 3-max (real money) Seat #2 is the button
Seat 1: Cumplidollar (240)
Seat 2: evann6ix9 (200)
Seat 3: _SKR (460)
*** ANTE/BLINDS ***
_SKR posts small blind 20
Cumplidollar posts big blind 40
Dealt to _SKR [Th 4s]
*** PRE-FLOP *** 
evann6ix9 folds
_SKR folds
Cumplidollar collected 60 from pot
*** SUMMARY ***
Total pot 60 | No rake
Seat 1: Cumplidollar (big blind) won 60


Winamax Poker - Tournament "Expresso Nitro" buyIn: 0.93€ + 0.07€ level: 3 - HandId: #2690557012466466817-11-1674685967 - Holdem no limit (20/40) - 2023/01/25 22:32:47 UTC
Table: 'Expresso Nitro(626444121)#0' 3-max (real money) Seat #3 is the button
Seat 1: Cumplidollar (260)
Seat 2: evann6ix9 (200)
Seat 3: _SKR (440)
*** ANTE/BLINDS ***
Cumplidollar posts small blind 20
evann6ix9 posts big blind 40
Dealt to _SKR [3d Jh]
*** PRE-FLOP *** 
_SKR folds
Cumplidollar folds
evann6ix9 collected 60 from pot
*** SUMMARY ***
Total pot 60 | No rake
Seat 2: evann6ix9 (big blind) won 60


Winamax Poker - Tournament "Expresso Nitro" buyIn: 0.93€ + 0.07€ level: 3 - HandId: #2690557012466466817-12-1674685977 - Holdem no limit (20/40) - 2023/01/25 22:32:57 UTC
Table: 'Expresso Nitro(626444121)#0' 3-max (real money) Seat #1 is the button
Seat 1: Cumplidollar (240)
Seat 2: evann6ix9 (220)
Seat 3: _SKR (440)
*** ANTE/BLINDS ***
evann6ix9 posts small blind 20
_SKR posts big blind 40
Dealt to _SKR [9c Ad]
*** PRE-FLOP *** 
Cumplidollar raises 200 to 240 and is all-in
evann6ix9 calls 200 and is all-in
_SKR raises 200 to 440 and is all-in
*** FLOP *** [6d 7d 3d]
*** TURN *** [6d 7d 3d][Kd]
*** RIVER *** [6d 7d 3d Kd][As]
*** SHOW DOWN ***
Cumplidollar shows [Kc Jc] (One pair : Kings)
evann6ix9 shows [6s 8s] (One pair : 6)
_SKR shows [9c Ad] (Flush Ace high)
_SKR collected 900 from pot
*** SUMMARY ***
Total pot 900 | No rake
Board: [6d 7d 3d Kd As]
Seat 1: Cumplidollar (button) showed [Kc Jc] and lost with One pair : Kings
Seat 2: evann6ix9 (small blind) showed [6s 8s] and lost with One pair : 6
Seat 3: _SKR (big blind) showed [9c Ad] and won 900 with Flush Ace high


