Winamax Poker - Tournament "Expresso Nitro" buyIn: 0.93€ + 0.07€ level: 1 - HandId: #2717709748467138561-1-1676232423 - Holdem no limit (10/20) - 2023/02/12 20:07:03 UTC
Table: 'Expresso Nitro(632766110)#0' 3-max (real money) Seat #1 is the button
Seat 1: Mallena (300)
Seat 2: _SKR (300)
Seat 3: Ianfish (300)
*** ANTE/BLINDS ***
_SKR posts small blind 10
Ianfish posts big blind 20
Dealt to _SKR [5c 7s]
*** PRE-FLOP *** 
Mallena raises 20 to 40
_SKR folds
Ianfish folds
Mallena collected 70 from pot
*** SUMMARY ***
Total pot 70 | No rake
Seat 1: Mallena (button) won 70


Winamax Poker - Tournament "Expresso Nitro" buyIn: 0.93€ + 0.07€ level: 1 - HandId: #2717709748467138561-2-1676232431 - Holdem no limit (10/20) - 2023/02/12 20:07:11 UTC
Table: 'Expresso Nitro(632766110)#0' 3-max (real money) Seat #2 is the button
Seat 1: Mallena (330)
Seat 2: _SKR (290)
Seat 3: Ianfish (280)
*** ANTE/BLINDS ***
Ianfish posts small blind 10
Mallena posts big blind 20
Dealt to _SKR [Th 5c]
*** PRE-FLOP *** 
_SKR folds
Ianfish folds
Mallena collected 30 from pot
*** SUMMARY ***
Total pot 30 | No rake
Seat 1: Mallena (big blind) won 30


Winamax Poker - Tournament "Expresso Nitro" buyIn: 0.93€ + 0.07€ level: 1 - HandId: #2717709748467138561-3-1676232444 - Holdem no limit (10/20) - 2023/02/12 20:07:24 UTC
Table: 'Expresso Nitro(632766110)#0' 3-max (real money) Seat #3 is the button
Seat 1: Mallena (340)
Seat 2: _SKR (290)
Seat 3: Ianfish (270)
*** ANTE/BLINDS ***
Mallena posts small blind 10
_SKR posts big blind 20
Dealt to _SKR [Ac 7d]
*** PRE-FLOP *** 
Ianfish raises 250 to 270 and is all-in
Mallena folds
_SKR calls 250
*** FLOP *** [9c 8c 6d]
*** TURN *** [9c 8c 6d][6h]
*** RIVER *** [9c 8c 6d 6h][8h]
*** SHOW DOWN ***
Ianfish shows [Kd Qs] (Two pairs : 8 and 6)
_SKR shows [Ac 7d] (Two pairs : 8 and 6)
_SKR collected 550 from pot
*** SUMMARY ***
Total pot 550 | No rake
Board: [9c 8c 6d 6h 8h]
Seat 2: _SKR (big blind) showed [Ac 7d] and won 550 with Two pairs : 8 and 6
Seat 3: Ianfish (button) showed [Kd Qs] and lost with Two pairs : 8 and 6


Winamax Poker - Tournament "Expresso Nitro" buyIn: 0.93€ + 0.07€ level: 1 - HandId: #2717709748467138561-4-1676232466 - Holdem no limit (10/20) - 2023/02/12 20:07:46 UTC
Table: 'Expresso Nitro(632766110)#0' 3-max (real money) Seat #2 is the button
Seat 1: Mallena (330)
Seat 2: _SKR (570)
*** ANTE/BLINDS ***
_SKR posts small blind 10
Mallena posts big blind 20
Dealt to _SKR [Jd 9s]
*** PRE-FLOP *** 
_SKR calls 10
Mallena checks
*** FLOP *** [Js 7h 9c]
Mallena checks
_SKR checks
*** TURN *** [Js 7h 9c][Jc]
Mallena checks
_SKR bets 20
Mallena folds
_SKR collected 60 from pot
*** SUMMARY ***
Total pot 60 | No rake
Board: [Js 7h 9c Jc]
Seat 2: _SKR (small blind) (button) won 60


Winamax Poker - Tournament "Expresso Nitro" buyIn: 0.93€ + 0.07€ level: 2 - HandId: #2717709748467138561-5-1676232494 - Holdem no limit (15/30) - 2023/02/12 20:08:14 UTC
Table: 'Expresso Nitro(632766110)#0' 3-max (real money) Seat #1 is the button
Seat 1: Mallena (310)
Seat 2: _SKR (590)
*** ANTE/BLINDS ***
Mallena posts small blind 15
_SKR posts big blind 30
Dealt to _SKR [Js Kh]
*** PRE-FLOP *** 
Mallena calls 15
_SKR raises 560 to 590 and is all-in
Mallena folds
_SKR collected 620 from pot
*** SUMMARY ***
Total pot 620 | No rake
Seat 2: _SKR (big blind) won 620


Winamax Poker - Tournament "Expresso Nitro" buyIn: 0.93€ + 0.07€ level: 2 - HandId: #2717709748467138561-6-1676232507 - Holdem no limit (15/30) - 2023/02/12 20:08:27 UTC
Table: 'Expresso Nitro(632766110)#0' 3-max (real money) Seat #2 is the button
Seat 1: Mallena (280)
Seat 2: _SKR (620)
*** ANTE/BLINDS ***
_SKR posts small blind 15
Mallena posts big blind 30
Dealt to _SKR [Qs Kc]
*** PRE-FLOP *** 
_SKR raises 590 to 620 and is all-in
Mallena calls 250 and is all-in
*** FLOP *** [3c 5s 7d]
*** TURN *** [3c 5s 7d][Kd]
*** RIVER *** [3c 5s 7d Kd][Qh]
*** SHOW DOWN ***
Mallena shows [Ac Ts] (High card : Ace)
_SKR shows [Qs Kc] (Two pairs : Kings and Queens)
_SKR collected 900 from pot
*** SUMMARY ***
Total pot 900 | No rake
Board: [3c 5s 7d Kd Qh]
Seat 1: Mallena (big blind) showed [Ac Ts] and lost with High card : Ace
Seat 2: _SKR (small blind) (button) showed [Qs Kc] and won 900 with Two pairs : Kings and Queens


