Winamax Poker - Tournament "Expresso Nitro" buyIn: 1.86€ + 0.14€ level: 1 - HandId: #2695207216507518977-1-1674999933 - Holdem no limit (10/20) - 2023/01/29 13:45:33 UTC
Table: 'Expresso Nitro(627526831)#0' 3-max (real money) Seat #3 is the button
Seat 1: _SKR (300)
Seat 2: Bet Alpha (300)
Seat 3: barth26 (300)
*** ANTE/BLINDS ***
_SKR posts small blind 10
Bet Alpha posts big blind 20
Dealt to _SKR [8s Jc]
*** PRE-FLOP *** 
barth26 calls 20
_SKR folds
Bet Alpha checks
*** FLOP *** [4c 6h 5h]
Bet Alpha bets 20
barth26 calls 20
*** TURN *** [4c 6h 5h][5d]
Bet Alpha bets 20
barth26 calls 20
*** RIVER *** [4c 6h 5h 5d][Qs]
Bet Alpha checks
barth26 bets 130
Bet Alpha folds
barth26 collected 260 from pot
*** SUMMARY ***
Total pot 260 | No rake
Board: [4c 6h 5h 5d Qs]
Seat 3: barth26 (button) won 260


Winamax Poker - Tournament "Expresso Nitro" buyIn: 1.86€ + 0.14€ level: 2 - HandId: #2695207216507518977-2-1674999989 - Holdem no limit (15/30) - 2023/01/29 13:46:29 UTC
Table: 'Expresso Nitro(627526831)#0' 3-max (real money) Seat #1 is the button
Seat 1: _SKR (290)
Seat 2: Bet Alpha (240)
Seat 3: barth26 (370)
*** ANTE/BLINDS ***
Bet Alpha posts small blind 15
barth26 posts big blind 30
Dealt to _SKR [3d 5s]
*** PRE-FLOP *** 
_SKR folds
Bet Alpha folds
barth26 collected 45 from pot
*** SUMMARY ***
Total pot 45 | No rake
Seat 3: barth26 (big blind) won 45


Winamax Poker - Tournament "Expresso Nitro" buyIn: 1.86€ + 0.14€ level: 2 - HandId: #2695207216507518977-3-1674999997 - Holdem no limit (15/30) - 2023/01/29 13:46:37 UTC
Table: 'Expresso Nitro(627526831)#0' 3-max (real money) Seat #2 is the button
Seat 1: _SKR (290)
Seat 2: Bet Alpha (225)
Seat 3: barth26 (385)
*** ANTE/BLINDS ***
barth26 posts small blind 15
_SKR posts big blind 30
Dealt to _SKR [7s 8d]
*** PRE-FLOP *** 
Bet Alpha raises 195 to 225 and is all-in
barth26 calls 210
_SKR folds
*** FLOP *** [Ah 6s 7c]
*** TURN *** [Ah 6s 7c][Qd]
*** RIVER *** [Ah 6s 7c Qd][Kh]
*** SHOW DOWN ***
barth26 shows [Jh Qh] (One pair : Queens)
Bet Alpha shows [As Ad] (Trips of Aces)
Bet Alpha collected 480 from pot
*** SUMMARY ***
Total pot 480 | No rake
Board: [Ah 6s 7c Qd Kh]
Seat 2: Bet Alpha (button) showed [As Ad] and won 480 with Trips of Aces
Seat 3: barth26 (small blind) showed [Jh Qh] and lost with One pair : Queens


Winamax Poker - Tournament "Expresso Nitro" buyIn: 1.86€ + 0.14€ level: 2 - HandId: #2695207216507518977-4-1675000026 - Holdem no limit (15/30) - 2023/01/29 13:47:06 UTC
Table: 'Expresso Nitro(627526831)#0' 3-max (real money) Seat #3 is the button
Seat 1: _SKR (260)
Seat 2: Bet Alpha (480)
Seat 3: barth26 (160)
*** ANTE/BLINDS ***
_SKR posts small blind 15
Bet Alpha posts big blind 30
Dealt to _SKR [4s 5c]
*** PRE-FLOP *** 
barth26 raises 30 to 60
_SKR folds
Bet Alpha folds
barth26 collected 105 from pot
*** SUMMARY ***
Total pot 105 | No rake
Seat 3: barth26 (button) won 105


Winamax Poker - Tournament "Expresso Nitro" buyIn: 1.86€ + 0.14€ level: 2 - HandId: #2695207216507518977-5-1675000042 - Holdem no limit (15/30) - 2023/01/29 13:47:22 UTC
Table: 'Expresso Nitro(627526831)#0' 3-max (real money) Seat #1 is the button
Seat 1: _SKR (245)
Seat 2: Bet Alpha (450)
Seat 3: barth26 (205)
*** ANTE/BLINDS ***
Bet Alpha posts small blind 15
barth26 posts big blind 30
Dealt to _SKR [8c Jh]
*** PRE-FLOP *** 
_SKR folds
Bet Alpha folds
barth26 collected 45 from pot
*** SUMMARY ***
Total pot 45 | No rake
Seat 3: barth26 (big blind) won 45


Winamax Poker - Tournament "Expresso Nitro" buyIn: 1.86€ + 0.14€ level: 3 - HandId: #2695207216507518977-6-1675000050 - Holdem no limit (20/40) - 2023/01/29 13:47:30 UTC
Table: 'Expresso Nitro(627526831)#0' 3-max (real money) Seat #2 is the button
Seat 1: _SKR (245)
Seat 2: Bet Alpha (435)
Seat 3: barth26 (220)
*** ANTE/BLINDS ***
barth26 posts small blind 20
_SKR posts big blind 40
Dealt to _SKR [4c Tc]
*** PRE-FLOP *** 
Bet Alpha folds
barth26 folds
_SKR collected 60 from pot
*** SUMMARY ***
Total pot 60 | No rake
Seat 1: _SKR (big blind) won 60


Winamax Poker - Tournament "Expresso Nitro" buyIn: 1.86€ + 0.14€ level: 3 - HandId: #2695207216507518977-7-1675000066 - Holdem no limit (20/40) - 2023/01/29 13:47:46 UTC
Table: 'Expresso Nitro(627526831)#0' 3-max (real money) Seat #3 is the button
Seat 1: _SKR (265)
Seat 2: Bet Alpha (435)
Seat 3: barth26 (200)
*** ANTE/BLINDS ***
_SKR posts small blind 20
Bet Alpha posts big blind 40
Dealt to _SKR [Ks As]
*** PRE-FLOP *** 
barth26 calls 40
_SKR raises 225 to 265 and is all-in
Bet Alpha folds
barth26 folds
_SKR collected 345 from pot
*** SUMMARY ***
Total pot 345 | No rake
Seat 1: _SKR (small blind) won 345


Winamax Poker - Tournament "Expresso Nitro" buyIn: 1.86€ + 0.14€ level: 3 - HandId: #2695207216507518977-8-1675000105 - Holdem no limit (20/40) - 2023/01/29 13:48:25 UTC
Table: 'Expresso Nitro(627526831)#0' 3-max (real money) Seat #1 is the button
Seat 1: _SKR (345)
Seat 2: Bet Alpha (395)
Seat 3: barth26 (160)
*** ANTE/BLINDS ***
Bet Alpha posts small blind 20
barth26 posts big blind 40
Dealt to _SKR [6s 7h]
*** PRE-FLOP *** 
_SKR folds
Bet Alpha folds
barth26 collected 60 from pot
*** SUMMARY ***
Total pot 60 | No rake
Seat 3: barth26 (big blind) won 60


Winamax Poker - Tournament "Expresso Nitro" buyIn: 1.86€ + 0.14€ level: 4 - HandId: #2695207216507518977-9-1675000113 - Holdem no limit (30/60) - 2023/01/29 13:48:33 UTC
Table: 'Expresso Nitro(627526831)#0' 3-max (real money) Seat #2 is the button
Seat 1: _SKR (345)
Seat 2: Bet Alpha (375)
Seat 3: barth26 (180)
*** ANTE/BLINDS ***
barth26 posts small blind 30
_SKR posts big blind 60
Dealt to _SKR [Td 9h]
*** PRE-FLOP *** 
Bet Alpha folds
barth26 folds
_SKR collected 90 from pot
*** SUMMARY ***
Total pot 90 | No rake
Seat 1: _SKR (big blind) won 90


Winamax Poker - Tournament "Expresso Nitro" buyIn: 1.86€ + 0.14€ level: 4 - HandId: #2695207216507518977-10-1675000134 - Holdem no limit (30/60) - 2023/01/29 13:48:54 UTC
Table: 'Expresso Nitro(627526831)#0' 3-max (real money) Seat #3 is the button
Seat 1: _SKR (375)
Seat 2: Bet Alpha (375)
Seat 3: barth26 (150)
*** ANTE/BLINDS ***
_SKR posts small blind 30
Bet Alpha posts big blind 60
Dealt to _SKR [6s 4d]
*** PRE-FLOP *** 
barth26 calls 60
_SKR folds
Bet Alpha checks
*** FLOP *** [5c Js Ac]
Bet Alpha bets 60
barth26 raises 30 to 90 and is all-in
Bet Alpha calls 30
*** TURN *** [5c Js Ac][4c]
*** RIVER *** [5c Js Ac 4c][5d]
*** SHOW DOWN ***
barth26 shows [9d Jh] (Two pairs : Jacks and 5)
Bet Alpha shows [2c 6c] (Flush Ace high)
Bet Alpha collected 330 from pot
*** SUMMARY ***
Total pot 330 | No rake
Board: [5c Js Ac 4c 5d]
Seat 2: Bet Alpha (big blind) showed [2c 6c] and won 330 with Flush Ace high
Seat 3: barth26 (button) showed [9d Jh] and lost with Two pairs : Jacks and 5


Winamax Poker - Tournament "Expresso Nitro" buyIn: 1.86€ + 0.14€ level: 4 - HandId: #2695207216507518977-11-1675000159 - Holdem no limit (30/60) - 2023/01/29 13:49:19 UTC
Table: 'Expresso Nitro(627526831)#0' 3-max (real money) Seat #2 is the button
Seat 1: _SKR (345)
Seat 2: Bet Alpha (555)
*** ANTE/BLINDS ***
Bet Alpha posts small blind 30
_SKR posts big blind 60
Dealt to _SKR [4d Ks]
*** PRE-FLOP *** 
Bet Alpha raises 495 to 555 and is all-in
_SKR calls 285 and is all-in
*** FLOP *** [6d 2c Ad]
*** TURN *** [6d 2c Ad][8d]
*** RIVER *** [6d 2c Ad 8d][Ac]
*** SHOW DOWN ***
_SKR shows [4d Ks] (One pair : Aces)
Bet Alpha shows [8h Kc] (Two pairs : Aces and 8)
Bet Alpha collected 900 from pot
*** SUMMARY ***
Total pot 900 | No rake
Board: [6d 2c Ad 8d Ac]
Seat 1: _SKR (big blind) showed [4d Ks] and lost with One pair : Aces
Seat 2: Bet Alpha (small blind) (button) showed [8h Kc] and won 900 with Two pairs : Aces and 8


