Winamax Poker - Tournament "Expresso Nitro" buyIn: 0.93€ + 0.07€ level: 1 - HandId: #2717808781823049729-1-1676236080 - Holdem no limit (10/20) - 2023/02/12 21:08:00 UTC
Table: 'Expresso Nitro(632789168)#0' 3-max (real money) Seat #2 is the button
Seat 1: Gon-tran (300)
Seat 2: BEKKA10 (300)
Seat 3: _SKR (300)
*** ANTE/BLINDS ***
_SKR posts small blind 10
Gon-tran posts big blind 20
Dealt to _SKR [5h 7d]
*** PRE-FLOP *** 
BEKKA10 calls 20
_SKR folds
Gon-tran checks
*** FLOP *** [Kh Js 5s]
Gon-tran checks
BEKKA10 checks
*** TURN *** [Kh Js 5s][9s]
Gon-tran bets 20
BEKKA10 calls 20
*** RIVER *** [Kh Js 5s 9s][5c]
Gon-tran bets 45
BEKKA10 folds
Gon-tran collected 135 from pot
*** SUMMARY ***
Total pot 135 | No rake
Board: [Kh Js 5s 9s 5c]
Seat 1: Gon-tran (big blind) won 135


Winamax Poker - Tournament "Expresso Nitro" buyIn: 0.93€ + 0.07€ level: 2 - HandId: #2717808781823049729-2-1676236145 - Holdem no limit (15/30) - 2023/02/12 21:09:05 UTC
Table: 'Expresso Nitro(632789168)#0' 3-max (real money) Seat #3 is the button
Seat 1: Gon-tran (350)
Seat 2: BEKKA10 (260)
Seat 3: _SKR (290)
*** ANTE/BLINDS ***
Gon-tran posts small blind 15
BEKKA10 posts big blind 30
Dealt to _SKR [As 9d]
*** PRE-FLOP *** 
_SKR raises 260 to 290 and is all-in
Gon-tran folds
BEKKA10 calls 230 and is all-in
*** FLOP *** [7h Qd Jh]
*** TURN *** [7h Qd Jh][Ad]
*** RIVER *** [7h Qd Jh Ad][Jc]
*** SHOW DOWN ***
BEKKA10 shows [9c Kd] (One pair : Jacks)
_SKR shows [As 9d] (Two pairs : Aces and Jacks)
_SKR collected 565 from pot
*** SUMMARY ***
Total pot 565 | No rake
Board: [7h Qd Jh Ad Jc]
Seat 2: BEKKA10 (big blind) showed [9c Kd] and lost with One pair : Jacks
Seat 3: _SKR (button) showed [As 9d] and won 565 with Two pairs : Aces and Jacks


Winamax Poker - Tournament "Expresso Nitro" buyIn: 0.93€ + 0.07€ level: 2 - HandId: #2717808781823049729-3-1676236169 - Holdem no limit (15/30) - 2023/02/12 21:09:29 UTC
Table: 'Expresso Nitro(632789168)#0' 3-max (real money) Seat #3 is the button
Seat 1: Gon-tran (335)
Seat 3: _SKR (565)
*** ANTE/BLINDS ***
_SKR posts small blind 15
Gon-tran posts big blind 30
Dealt to _SKR [Ts 4d]
*** PRE-FLOP *** 
_SKR folds
Gon-tran collected 45 from pot
*** SUMMARY ***
Total pot 45 | No rake
Seat 1: Gon-tran (big blind) won 45


Winamax Poker - Tournament "Expresso Nitro" buyIn: 0.93€ + 0.07€ level: 2 - HandId: #2717808781823049729-4-1676236173 - Holdem no limit (15/30) - 2023/02/12 21:09:33 UTC
Table: 'Expresso Nitro(632789168)#0' 3-max (real money) Seat #1 is the button
Seat 1: Gon-tran (350)
Seat 3: _SKR (550)
*** ANTE/BLINDS ***
Gon-tran posts small blind 15
_SKR posts big blind 30
Dealt to _SKR [2h Kc]
*** PRE-FLOP *** 
Gon-tran calls 15
_SKR checks
*** FLOP *** [4c Kd Kh]
_SKR checks
Gon-tran bets 30
_SKR calls 30
*** TURN *** [4c Kd Kh][4h]
_SKR checks
Gon-tran checks
*** RIVER *** [4c Kd Kh 4h][Ts]
_SKR bets 78
Gon-tran calls 78
*** SHOW DOWN ***
Gon-tran shows [Th 5h] (Two pairs : Kings and Tens)
_SKR shows [2h Kc] (Full of Kings and 4)
_SKR collected 276 from pot
*** SUMMARY ***
Total pot 276 | No rake
Board: [4c Kd Kh 4h Ts]
Seat 1: Gon-tran (small blind) (button) showed [Th 5h] and lost with Two pairs : Kings and Tens
Seat 3: _SKR (big blind) showed [2h Kc] and won 276 with Full of Kings and 4


Winamax Poker - Tournament "Expresso Nitro" buyIn: 0.93€ + 0.07€ level: 3 - HandId: #2717808781823049729-5-1676236212 - Holdem no limit (20/40) - 2023/02/12 21:10:12 UTC
Table: 'Expresso Nitro(632789168)#0' 3-max (real money) Seat #3 is the button
Seat 1: Gon-tran (212)
Seat 3: _SKR (688)
*** ANTE/BLINDS ***
_SKR posts small blind 20
Gon-tran posts big blind 40
Dealt to _SKR [8s 4s]
*** PRE-FLOP *** 
_SKR folds
Gon-tran collected 60 from pot
*** SUMMARY ***
Total pot 60 | No rake
Seat 1: Gon-tran (big blind) won 60


Winamax Poker - Tournament "Expresso Nitro" buyIn: 0.93€ + 0.07€ level: 3 - HandId: #2717808781823049729-6-1676236217 - Holdem no limit (20/40) - 2023/02/12 21:10:17 UTC
Table: 'Expresso Nitro(632789168)#0' 3-max (real money) Seat #1 is the button
Seat 1: Gon-tran (232)
Seat 3: _SKR (668)
*** ANTE/BLINDS ***
Gon-tran posts small blind 20
_SKR posts big blind 40
Dealt to _SKR [Ks 4c]
*** PRE-FLOP *** 
Gon-tran calls 20
_SKR checks
*** FLOP *** [5h 9s Ah]
_SKR checks
Gon-tran bets 40
_SKR folds
Gon-tran collected 120 from pot
*** SUMMARY ***
Total pot 120 | No rake
Board: [5h 9s Ah]
Seat 1: Gon-tran (small blind) (button) won 120


Winamax Poker - Tournament "Expresso Nitro" buyIn: 0.93€ + 0.07€ level: 3 - HandId: #2717808781823049729-7-1676236236 - Holdem no limit (20/40) - 2023/02/12 21:10:36 UTC
Table: 'Expresso Nitro(632789168)#0' 3-max (real money) Seat #3 is the button
Seat 1: Gon-tran (272)
Seat 3: _SKR (628)
*** ANTE/BLINDS ***
_SKR posts small blind 20
Gon-tran posts big blind 40
Dealt to _SKR [3c 8c]
*** PRE-FLOP *** 
_SKR folds
Gon-tran collected 60 from pot
*** SUMMARY ***
Total pot 60 | No rake
Seat 1: Gon-tran (big blind) won 60


Winamax Poker - Tournament "Expresso Nitro" buyIn: 0.93€ + 0.07€ level: 3 - HandId: #2717808781823049729-8-1676236240 - Holdem no limit (20/40) - 2023/02/12 21:10:40 UTC
Table: 'Expresso Nitro(632789168)#0' 3-max (real money) Seat #1 is the button
Seat 1: Gon-tran (292)
Seat 3: _SKR (608)
*** ANTE/BLINDS ***
Gon-tran posts small blind 20
_SKR posts big blind 40
Dealt to _SKR [Ts Kd]
*** PRE-FLOP *** 
Gon-tran calls 20
_SKR raises 568 to 608 and is all-in
Gon-tran folds
_SKR collected 648 from pot
*** SUMMARY ***
Total pot 648 | No rake
Seat 3: _SKR (big blind) won 648


Winamax Poker - Tournament "Expresso Nitro" buyIn: 0.93€ + 0.07€ level: 3 - HandId: #2717808781823049729-9-1676236254 - Holdem no limit (20/40) - 2023/02/12 21:10:54 UTC
Table: 'Expresso Nitro(632789168)#0' 3-max (real money) Seat #3 is the button
Seat 1: Gon-tran (252)
Seat 3: _SKR (648)
*** ANTE/BLINDS ***
_SKR posts small blind 20
Gon-tran posts big blind 40
Dealt to _SKR [4c 6h]
*** PRE-FLOP *** 
_SKR folds
Gon-tran collected 60 from pot
*** SUMMARY ***
Total pot 60 | No rake
Seat 1: Gon-tran (big blind) won 60


Winamax Poker - Tournament "Expresso Nitro" buyIn: 0.93€ + 0.07€ level: 4 - HandId: #2717808781823049729-10-1676236257 - Holdem no limit (30/60) - 2023/02/12 21:10:57 UTC
Table: 'Expresso Nitro(632789168)#0' 3-max (real money) Seat #1 is the button
Seat 1: Gon-tran (272)
Seat 3: _SKR (628)
*** ANTE/BLINDS ***
Gon-tran posts small blind 30
_SKR posts big blind 60
Dealt to _SKR [6c 7c]
*** PRE-FLOP *** 
Gon-tran folds
_SKR collected 90 from pot
*** SUMMARY ***
Total pot 90 | No rake
Seat 3: _SKR (big blind) won 90


Winamax Poker - Tournament "Expresso Nitro" buyIn: 0.93€ + 0.07€ level: 4 - HandId: #2717808781823049729-11-1676236267 - Holdem no limit (30/60) - 2023/02/12 21:11:07 UTC
Table: 'Expresso Nitro(632789168)#0' 3-max (real money) Seat #3 is the button
Seat 1: Gon-tran (242)
Seat 3: _SKR (658)
*** ANTE/BLINDS ***
_SKR posts small blind 30
Gon-tran posts big blind 60
Dealt to _SKR [4h Kd]
*** PRE-FLOP *** 
_SKR raises 598 to 658 and is all-in
Gon-tran calls 182 and is all-in
*** FLOP *** [2d Tc Th]
*** TURN *** [2d Tc Th][7c]
*** RIVER *** [2d Tc Th 7c][Kc]
*** SHOW DOWN ***
Gon-tran shows [Qc Jh] (One pair : Tens)
_SKR shows [4h Kd] (Two pairs : Kings and Tens)
_SKR collected 900 from pot
*** SUMMARY ***
Total pot 900 | No rake
Board: [2d Tc Th 7c Kc]
Seat 1: Gon-tran (big blind) showed [Qc Jh] and lost with One pair : Tens
Seat 3: _SKR (small blind) (button) showed [4h Kd] and won 900 with Two pairs : Kings and Tens


