Winamax Poker - Tournament "Expresso Nitro" buyIn: 0.93€ + 0.07€ level: 1 - HandId: #2717904602543423489-1-1676239453 - Holdem no limit (10/20) - 2023/02/12 22:04:13 UTC
Table: 'Expresso Nitro(632811478)#0' 3-max (real money) Seat #1 is the button
Seat 1: AAAAron (300)
Seat 2: Bcouilloud (300)
Seat 3: _SKR (300)
*** ANTE/BLINDS ***
Bcouilloud posts small blind 10
_SKR posts big blind 20
Dealt to _SKR [2s 2h]
*** PRE-FLOP *** 
AAAAron raises 40 to 60
Bcouilloud raises 240 to 300 and is all-in
_SKR folds
AAAAron calls 240 and is all-in
*** FLOP *** [7h 3s 3d]
*** TURN *** [7h 3s 3d][Jc]
*** RIVER *** [7h 3s 3d Jc][9s]
*** SHOW DOWN ***
Bcouilloud shows [Ks 7s] (Two pairs : 7 and 3)
AAAAron shows [9c 9d] (Full of 9 and 3)
AAAAron collected 620 from pot
*** SUMMARY ***
Total pot 620 | No rake
Board: [7h 3s 3d Jc 9s]
Seat 1: AAAAron (button) showed [9c 9d] and won 620 with Full of 9 and 3
Seat 2: Bcouilloud (small blind) showed [Ks 7s] and lost with Two pairs : 7 and 3


Winamax Poker - Tournament "Expresso Nitro" buyIn: 0.93€ + 0.07€ level: 1 - HandId: #2717904602543423489-2-1676239473 - Holdem no limit (10/20) - 2023/02/12 22:04:33 UTC
Table: 'Expresso Nitro(632811478)#0' 3-max (real money) Seat #3 is the button
Seat 1: AAAAron (620)
Seat 3: _SKR (280)
*** ANTE/BLINDS ***
_SKR posts small blind 10
AAAAron posts big blind 20
Dealt to _SKR [4d 2s]
*** PRE-FLOP *** 
_SKR folds
AAAAron collected 30 from pot
*** SUMMARY ***
Total pot 30 | No rake
Seat 1: AAAAron (big blind) won 30


Winamax Poker - Tournament "Expresso Nitro" buyIn: 0.93€ + 0.07€ level: 1 - HandId: #2717904602543423489-3-1676239479 - Holdem no limit (10/20) - 2023/02/12 22:04:39 UTC
Table: 'Expresso Nitro(632811478)#0' 3-max (real money) Seat #1 is the button
Seat 1: AAAAron (630)
Seat 3: _SKR (270)
*** ANTE/BLINDS ***
AAAAron posts small blind 10
_SKR posts big blind 20
Dealt to _SKR [2c Jd]
*** PRE-FLOP *** 
AAAAron folds
_SKR collected 30 from pot
*** SUMMARY ***
Total pot 30 | No rake
Seat 3: _SKR (big blind) won 30


Winamax Poker - Tournament "Expresso Nitro" buyIn: 0.93€ + 0.07€ level: 1 - HandId: #2717904602543423489-4-1676239483 - Holdem no limit (10/20) - 2023/02/12 22:04:43 UTC
Table: 'Expresso Nitro(632811478)#0' 3-max (real money) Seat #3 is the button
Seat 1: AAAAron (620)
Seat 3: _SKR (280)
*** ANTE/BLINDS ***
_SKR posts small blind 10
AAAAron posts big blind 20
Dealt to _SKR [Jh 5d]
*** PRE-FLOP *** 
_SKR folds
AAAAron collected 30 from pot
*** SUMMARY ***
Total pot 30 | No rake
Seat 1: AAAAron (big blind) won 30


Winamax Poker - Tournament "Expresso Nitro" buyIn: 0.93€ + 0.07€ level: 1 - HandId: #2717904602543423489-5-1676239491 - Holdem no limit (10/20) - 2023/02/12 22:04:51 UTC
Table: 'Expresso Nitro(632811478)#0' 3-max (real money) Seat #1 is the button
Seat 1: AAAAron (630)
Seat 3: _SKR (270)
*** ANTE/BLINDS ***
AAAAron posts small blind 10
_SKR posts big blind 20
Dealt to _SKR [3h 7h]
*** PRE-FLOP *** 
AAAAron folds
_SKR collected 30 from pot
*** SUMMARY ***
Total pot 30 | No rake
Seat 3: _SKR (big blind) won 30


Winamax Poker - Tournament "Expresso Nitro" buyIn: 0.93€ + 0.07€ level: 1 - HandId: #2717904602543423489-6-1676239494 - Holdem no limit (10/20) - 2023/02/12 22:04:54 UTC
Table: 'Expresso Nitro(632811478)#0' 3-max (real money) Seat #3 is the button
Seat 1: AAAAron (620)
Seat 3: _SKR (280)
*** ANTE/BLINDS ***
_SKR posts small blind 10
AAAAron posts big blind 20
Dealt to _SKR [8h 8d]
*** PRE-FLOP *** 
_SKR raises 260 to 280 and is all-in
AAAAron folds
_SKR collected 300 from pot
*** SUMMARY ***
Total pot 300 | No rake
Seat 3: _SKR (small blind) (button) won 300


Winamax Poker - Tournament "Expresso Nitro" buyIn: 0.93€ + 0.07€ level: 2 - HandId: #2717904602543423489-7-1676239510 - Holdem no limit (15/30) - 2023/02/12 22:05:10 UTC
Table: 'Expresso Nitro(632811478)#0' 3-max (real money) Seat #1 is the button
Seat 1: AAAAron (600)
Seat 3: _SKR (300)
*** ANTE/BLINDS ***
AAAAron posts small blind 15
_SKR posts big blind 30
Dealt to _SKR [2d 6s]
*** PRE-FLOP *** 
AAAAron folds
_SKR collected 45 from pot
*** SUMMARY ***
Total pot 45 | No rake
Seat 3: _SKR (big blind) won 45


Winamax Poker - Tournament "Expresso Nitro" buyIn: 0.93€ + 0.07€ level: 2 - HandId: #2717904602543423489-8-1676239514 - Holdem no limit (15/30) - 2023/02/12 22:05:14 UTC
Table: 'Expresso Nitro(632811478)#0' 3-max (real money) Seat #3 is the button
Seat 1: AAAAron (585)
Seat 3: _SKR (315)
*** ANTE/BLINDS ***
_SKR posts small blind 15
AAAAron posts big blind 30
Dealt to _SKR [3s 6d]
*** PRE-FLOP *** 
_SKR folds
AAAAron collected 45 from pot
*** SUMMARY ***
Total pot 45 | No rake
Seat 1: AAAAron (big blind) won 45


Winamax Poker - Tournament "Expresso Nitro" buyIn: 0.93€ + 0.07€ level: 2 - HandId: #2717904602543423489-9-1676239520 - Holdem no limit (15/30) - 2023/02/12 22:05:20 UTC
Table: 'Expresso Nitro(632811478)#0' 3-max (real money) Seat #1 is the button
Seat 1: AAAAron (600)
Seat 3: _SKR (300)
*** ANTE/BLINDS ***
AAAAron posts small blind 15
_SKR posts big blind 30
Dealt to _SKR [6d 7h]
*** PRE-FLOP *** 
AAAAron calls 15
_SKR checks
*** FLOP *** [Kh Qd 8c]
_SKR checks
AAAAron checks
*** TURN *** [Kh Qd 8c][Td]
_SKR checks
AAAAron bets 39
_SKR folds
AAAAron collected 99 from pot
*** SUMMARY ***
Total pot 99 | No rake
Board: [Kh Qd 8c Td]
Seat 1: AAAAron (small blind) (button) won 99


Winamax Poker - Tournament "Expresso Nitro" buyIn: 0.93€ + 0.07€ level: 2 - HandId: #2717904602543423489-10-1676239545 - Holdem no limit (15/30) - 2023/02/12 22:05:45 UTC
Table: 'Expresso Nitro(632811478)#0' 3-max (real money) Seat #3 is the button
Seat 1: AAAAron (630)
Seat 3: _SKR (270)
*** ANTE/BLINDS ***
_SKR posts small blind 15
AAAAron posts big blind 30
Dealt to _SKR [Kh 3d]
*** PRE-FLOP *** 
_SKR folds
AAAAron collected 45 from pot
*** SUMMARY ***
Total pot 45 | No rake
Seat 1: AAAAron (big blind) won 45


Winamax Poker - Tournament "Expresso Nitro" buyIn: 0.93€ + 0.07€ level: 2 - HandId: #2717904602543423489-11-1676239550 - Holdem no limit (15/30) - 2023/02/12 22:05:50 UTC
Table: 'Expresso Nitro(632811478)#0' 3-max (real money) Seat #1 is the button
Seat 1: AAAAron (645)
Seat 3: _SKR (255)
*** ANTE/BLINDS ***
AAAAron posts small blind 15
_SKR posts big blind 30
Dealt to _SKR [Kh 7s]
*** PRE-FLOP *** 
AAAAron folds
_SKR collected 45 from pot
*** SUMMARY ***
Total pot 45 | No rake
Seat 3: _SKR (big blind) won 45


Winamax Poker - Tournament "Expresso Nitro" buyIn: 0.93€ + 0.07€ level: 2 - HandId: #2717904602543423489-12-1676239553 - Holdem no limit (15/30) - 2023/02/12 22:05:53 UTC
Table: 'Expresso Nitro(632811478)#0' 3-max (real money) Seat #3 is the button
Seat 1: AAAAron (630)
Seat 3: _SKR (270)
*** ANTE/BLINDS ***
_SKR posts small blind 15
AAAAron posts big blind 30
Dealt to _SKR [6c Js]
*** PRE-FLOP *** 
_SKR folds
AAAAron collected 45 from pot
*** SUMMARY ***
Total pot 45 | No rake
Seat 1: AAAAron (big blind) won 45


Winamax Poker - Tournament "Expresso Nitro" buyIn: 0.93€ + 0.07€ level: 2 - HandId: #2717904602543423489-13-1676239562 - Holdem no limit (15/30) - 2023/02/12 22:06:02 UTC
Table: 'Expresso Nitro(632811478)#0' 3-max (real money) Seat #1 is the button
Seat 1: AAAAron (645)
Seat 3: _SKR (255)
*** ANTE/BLINDS ***
AAAAron posts small blind 15
_SKR posts big blind 30
Dealt to _SKR [Jd Ts]
*** PRE-FLOP *** 
AAAAron folds
_SKR collected 45 from pot
*** SUMMARY ***
Total pot 45 | No rake
Seat 3: _SKR (big blind) won 45


Winamax Poker - Tournament "Expresso Nitro" buyIn: 0.93€ + 0.07€ level: 3 - HandId: #2717904602543423489-14-1676239571 - Holdem no limit (20/40) - 2023/02/12 22:06:11 UTC
Table: 'Expresso Nitro(632811478)#0' 3-max (real money) Seat #3 is the button
Seat 1: AAAAron (630)
Seat 3: _SKR (270)
*** ANTE/BLINDS ***
_SKR posts small blind 20
AAAAron posts big blind 40
Dealt to _SKR [9d 2c]
*** PRE-FLOP *** 
_SKR folds
AAAAron shows [Kd Kc] (One pair : Kings)
AAAAron collected 60 from pot
*** SUMMARY ***
Total pot 60 | No rake
Seat 1: AAAAron (big blind) showed [Kd Kc] and won 60 with One pair : Kings


Winamax Poker - Tournament "Expresso Nitro" buyIn: 0.93€ + 0.07€ level: 3 - HandId: #2717904602543423489-15-1676239575 - Holdem no limit (20/40) - 2023/02/12 22:06:15 UTC
Table: 'Expresso Nitro(632811478)#0' 3-max (real money) Seat #1 is the button
Seat 1: AAAAron (650)
Seat 3: _SKR (250)
*** ANTE/BLINDS ***
AAAAron posts small blind 20
_SKR posts big blind 40
Dealt to _SKR [6d 8h]
*** PRE-FLOP *** 
AAAAron folds
_SKR collected 60 from pot
*** SUMMARY ***
Total pot 60 | No rake
Seat 3: _SKR (big blind) won 60


Winamax Poker - Tournament "Expresso Nitro" buyIn: 0.93€ + 0.07€ level: 3 - HandId: #2717904602543423489-16-1676239579 - Holdem no limit (20/40) - 2023/02/12 22:06:19 UTC
Table: 'Expresso Nitro(632811478)#0' 3-max (real money) Seat #3 is the button
Seat 1: AAAAron (630)
Seat 3: _SKR (270)
*** ANTE/BLINDS ***
_SKR posts small blind 20
AAAAron posts big blind 40
Dealt to _SKR [9s Kh]
*** PRE-FLOP *** 
_SKR raises 230 to 270 and is all-in
AAAAron folds
_SKR collected 310 from pot
*** SUMMARY ***
Total pot 310 | No rake
Seat 3: _SKR (small blind) (button) won 310


Winamax Poker - Tournament "Expresso Nitro" buyIn: 0.93€ + 0.07€ level: 3 - HandId: #2717904602543423489-17-1676239585 - Holdem no limit (20/40) - 2023/02/12 22:06:25 UTC
Table: 'Expresso Nitro(632811478)#0' 3-max (real money) Seat #1 is the button
Seat 1: AAAAron (590)
Seat 3: _SKR (310)
*** ANTE/BLINDS ***
AAAAron posts small blind 20
_SKR posts big blind 40
Dealt to _SKR [5d 7s]
*** PRE-FLOP *** 
AAAAron folds
_SKR collected 60 from pot
*** SUMMARY ***
Total pot 60 | No rake
Seat 3: _SKR (big blind) won 60


Winamax Poker - Tournament "Expresso Nitro" buyIn: 0.93€ + 0.07€ level: 3 - HandId: #2717904602543423489-18-1676239594 - Holdem no limit (20/40) - 2023/02/12 22:06:34 UTC
Table: 'Expresso Nitro(632811478)#0' 3-max (real money) Seat #3 is the button
Seat 1: AAAAron (570)
Seat 3: _SKR (330)
*** ANTE/BLINDS ***
_SKR posts small blind 20
AAAAron posts big blind 40
Dealt to _SKR [9d 6c]
*** PRE-FLOP *** 
_SKR folds
AAAAron collected 60 from pot
*** SUMMARY ***
Total pot 60 | No rake
Seat 1: AAAAron (big blind) won 60


Winamax Poker - Tournament "Expresso Nitro" buyIn: 0.93€ + 0.07€ level: 3 - HandId: #2717904602543423489-19-1676239602 - Holdem no limit (20/40) - 2023/02/12 22:06:42 UTC
Table: 'Expresso Nitro(632811478)#0' 3-max (real money) Seat #1 is the button
Seat 1: AAAAron (590)
Seat 3: _SKR (310)
*** ANTE/BLINDS ***
AAAAron posts small blind 20
_SKR posts big blind 40
Dealt to _SKR [9c 5c]
*** PRE-FLOP *** 
AAAAron folds
_SKR collected 60 from pot
*** SUMMARY ***
Total pot 60 | No rake
Seat 3: _SKR (big blind) won 60


Winamax Poker - Tournament "Expresso Nitro" buyIn: 0.93€ + 0.07€ level: 3 - HandId: #2717904602543423489-20-1676239605 - Holdem no limit (20/40) - 2023/02/12 22:06:45 UTC
Table: 'Expresso Nitro(632811478)#0' 3-max (real money) Seat #3 is the button
Seat 1: AAAAron (570)
Seat 3: _SKR (330)
*** ANTE/BLINDS ***
_SKR posts small blind 20
AAAAron posts big blind 40
Dealt to _SKR [8c 8d]
*** PRE-FLOP *** 
_SKR raises 290 to 330 and is all-in
AAAAron folds
_SKR collected 370 from pot
*** SUMMARY ***
Total pot 370 | No rake
Seat 3: _SKR (small blind) (button) won 370


Winamax Poker - Tournament "Expresso Nitro" buyIn: 0.93€ + 0.07€ level: 3 - HandId: #2717904602543423489-21-1676239613 - Holdem no limit (20/40) - 2023/02/12 22:06:53 UTC
Table: 'Expresso Nitro(632811478)#0' 3-max (real money) Seat #1 is the button
Seat 1: AAAAron (530)
Seat 3: _SKR (370)
*** ANTE/BLINDS ***
AAAAron posts small blind 20
_SKR posts big blind 40
Dealt to _SKR [Td 2h]
*** PRE-FLOP *** 
AAAAron calls 20
_SKR checks
*** FLOP *** [6h 8d Ah]
_SKR checks
AAAAron checks
*** TURN *** [6h 8d Ah][7s]
_SKR checks
AAAAron checks
*** RIVER *** [6h 8d Ah 7s][2s]
_SKR checks
AAAAron checks
*** SHOW DOWN ***
_SKR shows [Td 2h] (One pair : 2)
AAAAron shows [5d 7d] (One pair : 7)
AAAAron collected 80 from pot
*** SUMMARY ***
Total pot 80 | No rake
Board: [6h 8d Ah 7s 2s]
Seat 1: AAAAron (small blind) (button) showed [5d 7d] and won 80 with One pair : 7
Seat 3: _SKR (big blind) showed [Td 2h] and lost with One pair : 2


Winamax Poker - Tournament "Expresso Nitro" buyIn: 0.93€ + 0.07€ level: 4 - HandId: #2717904602543423489-22-1676239635 - Holdem no limit (30/60) - 2023/02/12 22:07:15 UTC
Table: 'Expresso Nitro(632811478)#0' 3-max (real money) Seat #3 is the button
Seat 1: AAAAron (570)
Seat 3: _SKR (330)
*** ANTE/BLINDS ***
_SKR posts small blind 30
AAAAron posts big blind 60
Dealt to _SKR [4c Ac]
*** PRE-FLOP *** 
_SKR raises 270 to 330 and is all-in
AAAAron folds
_SKR collected 390 from pot
*** SUMMARY ***
Total pot 390 | No rake
Seat 3: _SKR (small blind) (button) won 390


Winamax Poker - Tournament "Expresso Nitro" buyIn: 0.93€ + 0.07€ level: 4 - HandId: #2717904602543423489-23-1676239644 - Holdem no limit (30/60) - 2023/02/12 22:07:24 UTC
Table: 'Expresso Nitro(632811478)#0' 3-max (real money) Seat #1 is the button
Seat 1: AAAAron (510)
Seat 3: _SKR (390)
*** ANTE/BLINDS ***
AAAAron posts small blind 30
_SKR posts big blind 60
Dealt to _SKR [Ah 6d]
*** PRE-FLOP *** 
AAAAron calls 30
_SKR raises 330 to 390 and is all-in
AAAAron calls 330
*** FLOP *** [7d 5c 3c]
*** TURN *** [7d 5c 3c][Kh]
*** RIVER *** [7d 5c 3c Kh][Jc]
*** SHOW DOWN ***
_SKR shows [Ah 6d] (High card : Ace)
AAAAron shows [Ad 7c] (One pair : 7)
AAAAron collected 780 from pot
*** SUMMARY ***
Total pot 780 | No rake
Board: [7d 5c 3c Kh Jc]
Seat 1: AAAAron (small blind) (button) showed [Ad 7c] and won 780 with One pair : 7
Seat 3: _SKR (big blind) showed [Ah 6d] and lost with High card : Ace


