Winamax Poker - Tournament "Expresso Nitro" buyIn: 0.93€ + 0.07€ level: 1 - HandId: #2692525473287634945-1-1674828816 - Holdem no limit (10/20) - 2023/01/27 14:13:36 UTC
Table: 'Expresso Nitro(626902439)#0' 3-max (real money) Seat #2 is the button
Seat 1: _SKR (300)
Seat 2: HermesMyGod (300)
Seat 3: Doude58 (300)
*** ANTE/BLINDS ***
Doude58 posts small blind 10
_SKR posts big blind 20
Dealt to _SKR [3s Jd]
*** PRE-FLOP *** 
HermesMyGod raises 20 to 40
Doude58 raises 260 to 300 and is all-in
_SKR folds
HermesMyGod calls 260 and is all-in
*** FLOP *** [6h Td Ac]
*** TURN *** [6h Td Ac][2c]
*** RIVER *** [6h Td Ac 2c][4s]
*** SHOW DOWN ***
Doude58 shows [4h 9s] (One pair : 4)
HermesMyGod shows [Ah Ks] (One pair : Aces)
HermesMyGod collected 620 from pot
*** SUMMARY ***
Total pot 620 | No rake
Board: [6h Td Ac 2c 4s]
Seat 2: HermesMyGod (button) showed [Ah Ks] and won 620 with One pair : Aces
Seat 3: Doude58 (small blind) showed [4h 9s] and lost with One pair : 4


Winamax Poker - Tournament "Expresso Nitro" buyIn: 0.93€ + 0.07€ level: 1 - HandId: #2692525473287634945-2-1674828850 - Holdem no limit (10/20) - 2023/01/27 14:14:10 UTC
Table: 'Expresso Nitro(626902439)#0' 3-max (real money) Seat #1 is the button
Seat 1: _SKR (280)
Seat 2: HermesMyGod (620)
*** ANTE/BLINDS ***
_SKR posts small blind 10
HermesMyGod posts big blind 20
Dealt to _SKR [Ks 7c]
*** PRE-FLOP *** 
_SKR raises 40 to 60
HermesMyGod folds
_SKR collected 80 from pot
*** SUMMARY ***
Total pot 80 | No rake
Seat 1: _SKR (small blind) (button) won 80


Winamax Poker - Tournament "Expresso Nitro" buyIn: 0.93€ + 0.07€ level: 1 - HandId: #2692525473287634945-3-1674828859 - Holdem no limit (10/20) - 2023/01/27 14:14:19 UTC
Table: 'Expresso Nitro(626902439)#0' 3-max (real money) Seat #2 is the button
Seat 1: _SKR (300)
Seat 2: HermesMyGod (600)
*** ANTE/BLINDS ***
HermesMyGod posts small blind 10
_SKR posts big blind 20
Dealt to _SKR [Js Qc]
*** PRE-FLOP *** 
HermesMyGod calls 10
_SKR checks
*** FLOP *** [2h Ts Qh]
_SKR bets 20
HermesMyGod folds
_SKR collected 60 from pot
*** SUMMARY ***
Total pot 60 | No rake
Board: [2h Ts Qh]
Seat 1: _SKR (big blind) won 60


Winamax Poker - Tournament "Expresso Nitro" buyIn: 0.93€ + 0.07€ level: 2 - HandId: #2692525473287634945-4-1674828881 - Holdem no limit (15/30) - 2023/01/27 14:14:41 UTC
Table: 'Expresso Nitro(626902439)#0' 3-max (real money) Seat #1 is the button
Seat 1: _SKR (320)
Seat 2: HermesMyGod (580)
*** ANTE/BLINDS ***
_SKR posts small blind 15
HermesMyGod posts big blind 30
Dealt to _SKR [Js 6h]
*** PRE-FLOP *** 
_SKR folds
HermesMyGod collected 45 from pot
*** SUMMARY ***
Total pot 45 | No rake
Seat 2: HermesMyGod (big blind) won 45


Winamax Poker - Tournament "Expresso Nitro" buyIn: 0.93€ + 0.07€ level: 2 - HandId: #2692525473287634945-5-1674828892 - Holdem no limit (15/30) - 2023/01/27 14:14:52 UTC
Table: 'Expresso Nitro(626902439)#0' 3-max (real money) Seat #2 is the button
Seat 1: _SKR (305)
Seat 2: HermesMyGod (595)
*** ANTE/BLINDS ***
HermesMyGod posts small blind 15
_SKR posts big blind 30
Dealt to _SKR [Ks Kc]
*** PRE-FLOP *** 
HermesMyGod calls 15
_SKR raises 38 to 68
HermesMyGod calls 38
*** FLOP *** [Js 7s Th]
_SKR bets 48
HermesMyGod folds
_SKR collected 184 from pot
*** SUMMARY ***
Total pot 184 | No rake
Board: [Js 7s Th]
Seat 1: _SKR (big blind) won 184


Winamax Poker - Tournament "Expresso Nitro" buyIn: 0.93€ + 0.07€ level: 2 - HandId: #2692525473287634945-6-1674828911 - Holdem no limit (15/30) - 2023/01/27 14:15:11 UTC
Table: 'Expresso Nitro(626902439)#0' 3-max (real money) Seat #1 is the button
Seat 1: _SKR (373)
Seat 2: HermesMyGod (527)
*** ANTE/BLINDS ***
_SKR posts small blind 15
HermesMyGod posts big blind 30
Dealt to _SKR [4c Ts]
*** PRE-FLOP *** 
_SKR folds
HermesMyGod collected 45 from pot
*** SUMMARY ***
Total pot 45 | No rake
Seat 2: HermesMyGod (big blind) won 45


Winamax Poker - Tournament "Expresso Nitro" buyIn: 0.93€ + 0.07€ level: 2 - HandId: #2692525473287634945-7-1674828915 - Holdem no limit (15/30) - 2023/01/27 14:15:15 UTC
Table: 'Expresso Nitro(626902439)#0' 3-max (real money) Seat #2 is the button
Seat 1: _SKR (358)
Seat 2: HermesMyGod (542)
*** ANTE/BLINDS ***
HermesMyGod posts small blind 15
_SKR posts big blind 30
Dealt to _SKR [Ad 8s]
*** PRE-FLOP *** 
HermesMyGod folds
_SKR collected 45 from pot
*** SUMMARY ***
Total pot 45 | No rake
Seat 1: _SKR (big blind) won 45


Winamax Poker - Tournament "Expresso Nitro" buyIn: 0.93€ + 0.07€ level: 2 - HandId: #2692525473287634945-8-1674828920 - Holdem no limit (15/30) - 2023/01/27 14:15:20 UTC
Table: 'Expresso Nitro(626902439)#0' 3-max (real money) Seat #1 is the button
Seat 1: _SKR (373)
Seat 2: HermesMyGod (527)
*** ANTE/BLINDS ***
_SKR posts small blind 15
HermesMyGod posts big blind 30
Dealt to _SKR [8c 3d]
*** PRE-FLOP *** 
_SKR folds
HermesMyGod collected 45 from pot
*** SUMMARY ***
Total pot 45 | No rake
Seat 2: HermesMyGod (big blind) won 45


Winamax Poker - Tournament "Expresso Nitro" buyIn: 0.93€ + 0.07€ level: 2 - HandId: #2692525473287634945-9-1674828923 - Holdem no limit (15/30) - 2023/01/27 14:15:23 UTC
Table: 'Expresso Nitro(626902439)#0' 3-max (real money) Seat #2 is the button
Seat 1: _SKR (358)
Seat 2: HermesMyGod (542)
*** ANTE/BLINDS ***
HermesMyGod posts small blind 15
_SKR posts big blind 30
Dealt to _SKR [4s 5s]
*** PRE-FLOP *** 
HermesMyGod raises 512 to 542 and is all-in
_SKR folds
HermesMyGod collected 572 from pot
*** SUMMARY ***
Total pot 572 | No rake
Seat 2: HermesMyGod (small blind) (button) won 572


Winamax Poker - Tournament "Expresso Nitro" buyIn: 0.93€ + 0.07€ level: 3 - HandId: #2692525473287634945-10-1674828932 - Holdem no limit (20/40) - 2023/01/27 14:15:32 UTC
Table: 'Expresso Nitro(626902439)#0' 3-max (real money) Seat #1 is the button
Seat 1: _SKR (328)
Seat 2: HermesMyGod (572)
*** ANTE/BLINDS ***
_SKR posts small blind 20
HermesMyGod posts big blind 40
Dealt to _SKR [8h 4s]
*** PRE-FLOP *** 
_SKR folds
HermesMyGod collected 60 from pot
*** SUMMARY ***
Total pot 60 | No rake
Seat 2: HermesMyGod (big blind) won 60


Winamax Poker - Tournament "Expresso Nitro" buyIn: 0.93€ + 0.07€ level: 3 - HandId: #2692525473287634945-11-1674828936 - Holdem no limit (20/40) - 2023/01/27 14:15:36 UTC
Table: 'Expresso Nitro(626902439)#0' 3-max (real money) Seat #2 is the button
Seat 1: _SKR (308)
Seat 2: HermesMyGod (592)
*** ANTE/BLINDS ***
HermesMyGod posts small blind 20
_SKR posts big blind 40
Dealt to _SKR [Jd 5c]
*** PRE-FLOP *** 
HermesMyGod calls 20
_SKR checks
*** FLOP *** [3d Kc 6h]
_SKR checks
HermesMyGod bets 40
_SKR folds
HermesMyGod collected 120 from pot
*** SUMMARY ***
Total pot 120 | No rake
Board: [3d Kc 6h]
Seat 2: HermesMyGod (small blind) (button) won 120


Winamax Poker - Tournament "Expresso Nitro" buyIn: 0.93€ + 0.07€ level: 3 - HandId: #2692525473287634945-12-1674828955 - Holdem no limit (20/40) - 2023/01/27 14:15:55 UTC
Table: 'Expresso Nitro(626902439)#0' 3-max (real money) Seat #1 is the button
Seat 1: _SKR (268)
Seat 2: HermesMyGod (632)
*** ANTE/BLINDS ***
_SKR posts small blind 20
HermesMyGod posts big blind 40
Dealt to _SKR [Kc 7s]
*** PRE-FLOP *** 
_SKR raises 228 to 268 and is all-in
HermesMyGod calls 228
*** FLOP *** [3h 2s 9h]
*** TURN *** [3h 2s 9h][2h]
*** RIVER *** [3h 2s 9h 2h][Kh]
*** SHOW DOWN ***
_SKR shows [Kc 7s] (Two pairs : Kings and 2)
HermesMyGod shows [Kd Th] (Flush King high)
HermesMyGod collected 536 from pot
*** SUMMARY ***
Total pot 536 | No rake
Board: [3h 2s 9h 2h Kh]
Seat 1: _SKR (small blind) (button) showed [Kc 7s] and lost with Two pairs : Kings and 2
Seat 2: HermesMyGod (big blind) showed [Kd Th] and won 536 with Flush King high


