Winamax Poker - Tournament "Expresso Nitro" buyIn: 0.93€ + 0.07€ level: 1 - HandId: #2729606996855619585-1-1676921732 - Holdem no limit (10/20) - 2023/02/20 19:35:32 UTC
Table: 'Expresso Nitro(635536154)#0' 3-max (real money) Seat #3 is the button
Seat 1: enzo77330 (300)
Seat 2: _SKR (300)
Seat 3: Ruding3869 (300)
*** ANTE/BLINDS ***
enzo77330 posts small blind 10
_SKR posts big blind 20
Dealt to _SKR [Js 6h]
*** PRE-FLOP *** 
Ruding3869 calls 20
enzo77330 folds
_SKR checks
*** FLOP *** [8s Ah As]
_SKR checks
Ruding3869 checks
*** TURN *** [8s Ah As][3s]
_SKR checks
Ruding3869 checks
*** RIVER *** [8s Ah As 3s][8h]
_SKR checks
Ruding3869 checks
*** SHOW DOWN ***
_SKR shows [Js 6h] (Two pairs : Aces and 8)
Ruding3869 shows [4h Kd] (Two pairs : Aces and 8)
Ruding3869 collected 50 from pot
*** SUMMARY ***
Total pot 50 | No rake
Board: [8s Ah As 3s 8h]
Seat 2: _SKR (big blind) showed [Js 6h] and lost with Two pairs : Aces and 8
Seat 3: Ruding3869 (button) showed [4h Kd] and won 50 with Two pairs : Aces and 8


Winamax Poker - Tournament "Expresso Nitro" buyIn: 0.93€ + 0.07€ level: 2 - HandId: #2729606996855619585-2-1676921790 - Holdem no limit (15/30) - 2023/02/20 19:36:30 UTC
Table: 'Expresso Nitro(635536154)#0' 3-max (real money) Seat #1 is the button
Seat 1: enzo77330 (290)
Seat 2: _SKR (280)
Seat 3: Ruding3869 (330)
*** ANTE/BLINDS ***
_SKR posts small blind 15
Ruding3869 posts big blind 30
Dealt to _SKR [As Js]
*** PRE-FLOP *** 
enzo77330 raises 260 to 290 and is all-in
_SKR calls 265 and is all-in
Ruding3869 folds
*** FLOP *** [2d 9h Ah]
*** TURN *** [2d 9h Ah][Qh]
*** RIVER *** [2d 9h Ah Qh][4c]
*** SHOW DOWN ***
enzo77330 shows [Jd Qd] (One pair : Queens)
_SKR shows [As Js] (One pair : Aces)
_SKR collected 590 from main pot
enzo77330 collected 10 from side pot 1
*** SUMMARY ***
Total pot 600 | No rake
Board: [2d 9h Ah Qh 4c]
Seat 1: enzo77330 (button) showed [Jd Qd] and won 10 with One pair : Queens
Seat 2: _SKR (small blind) showed [As Js] and won 590 with One pair : Aces


Winamax Poker - Tournament "Expresso Nitro" buyIn: 0.93€ + 0.07€ level: 2 - HandId: #2729606996855619585-3-1676921804 - Holdem no limit (15/30) - 2023/02/20 19:36:44 UTC
Table: 'Expresso Nitro(635536154)#0' 3-max (real money) Seat #2 is the button
Seat 1: enzo77330 (10)
Seat 2: _SKR (590)
Seat 3: Ruding3869 (300)
*** ANTE/BLINDS ***
Ruding3869 posts small blind 15
enzo77330 posts big blind 10 and is all-in
Dealt to _SKR [8s 5s]
*** PRE-FLOP *** 
_SKR folds
*** FLOP *** [Jc Kh 2h]
*** TURN *** [Jc Kh 2h][2c]
*** RIVER *** [Jc Kh 2h 2c][3c]
*** SHOW DOWN ***
enzo77330 shows [8h Qs] (One pair : 2)
Ruding3869 shows [Td 9h] (One pair : 2)
Ruding3869 collected 5 from side pot 1
enzo77330 collected 20 from main pot
*** SUMMARY ***
Total pot 25 | No rake
Board: [Jc Kh 2h 2c 3c]
Seat 1: enzo77330 (big blind) showed [8h Qs] and won 20 with One pair : 2
Seat 3: Ruding3869 (small blind) showed [Td 9h] and won 5 with One pair : 2


Winamax Poker - Tournament "Expresso Nitro" buyIn: 0.93€ + 0.07€ level: 2 - HandId: #2729606996855619585-4-1676921813 - Holdem no limit (15/30) - 2023/02/20 19:36:53 UTC
Table: 'Expresso Nitro(635536154)#0' 3-max (real money) Seat #3 is the button
Seat 1: enzo77330 (20)
Seat 2: _SKR (590)
Seat 3: Ruding3869 (290)
*** ANTE/BLINDS ***
enzo77330 posts small blind 15
_SKR posts big blind 30
Dealt to _SKR [Qh Ts]
*** PRE-FLOP *** 
Ruding3869 raises 260 to 290 and is all-in
enzo77330 calls 5 and is all-in
_SKR folds
*** FLOP *** [3s Th 5s]
*** TURN *** [3s Th 5s][Ah]
*** RIVER *** [3s Th 5s Ah][Ad]
*** SHOW DOWN ***
enzo77330 shows [7h 9h] (One pair : Aces)
Ruding3869 shows [Ac 3c] (Full of Aces and 3)
Ruding3869 collected 340 from pot
*** SUMMARY ***
Total pot 340 | No rake
Board: [3s Th 5s Ah Ad]
Seat 1: enzo77330 (small blind) showed [7h 9h] and lost with One pair : Aces
Seat 3: Ruding3869 (button) showed [Ac 3c] and won 340 with Full of Aces and 3


Winamax Poker - Tournament "Expresso Nitro" buyIn: 0.93€ + 0.07€ level: 2 - HandId: #2729606996855619585-5-1676921829 - Holdem no limit (15/30) - 2023/02/20 19:37:09 UTC
Table: 'Expresso Nitro(635536154)#0' 3-max (real money) Seat #2 is the button
Seat 2: _SKR (560)
Seat 3: Ruding3869 (340)
*** ANTE/BLINDS ***
_SKR posts small blind 15
Ruding3869 posts big blind 30
Dealt to _SKR [Tc Jc]
*** PRE-FLOP *** 
_SKR raises 530 to 560 and is all-in
Ruding3869 folds
_SKR collected 590 from pot
*** SUMMARY ***
Total pot 590 | No rake
Seat 2: _SKR (small blind) (button) won 590


Winamax Poker - Tournament "Expresso Nitro" buyIn: 0.93€ + 0.07€ level: 2 - HandId: #2729606996855619585-6-1676921834 - Holdem no limit (15/30) - 2023/02/20 19:37:14 UTC
Table: 'Expresso Nitro(635536154)#0' 3-max (real money) Seat #3 is the button
Seat 2: _SKR (590)
Seat 3: Ruding3869 (310)
*** ANTE/BLINDS ***
Ruding3869 posts small blind 15
_SKR posts big blind 30
Dealt to _SKR [2s Qd]
*** PRE-FLOP *** 
Ruding3869 calls 15
_SKR checks
*** FLOP *** [9s Qh Th]
_SKR checks
Ruding3869 bets 280 and is all-in
_SKR calls 280
*** TURN *** [9s Qh Th][6c]
*** RIVER *** [9s Qh Th 6c][Qc]
*** SHOW DOWN ***
Ruding3869 shows [9c 4c] (Two pairs : Queens and 9)
_SKR shows [2s Qd] (Trips of Queens)
_SKR collected 620 from pot
*** SUMMARY ***
Total pot 620 | No rake
Board: [9s Qh Th 6c Qc]
Seat 2: _SKR (big blind) showed [2s Qd] and won 620 with Trips of Queens
Seat 3: Ruding3869 (small blind) (button) showed [9c 4c] and lost with Two pairs : Queens and 9


