Winamax Poker - Tournament "Expresso Nitro" buyIn: 0.93€ + 0.07€ level: 1 - HandId: #2671058853080072193-1-1673529014 - Holdem no limit (10/20) - 2023/01/12 13:10:14 UTC
Table: 'Expresso Nitro(621904352)#0' 3-max (real money) Seat #3 is the button
Seat 1: _SKR (300)
Seat 2: Dwight.S (300)
Seat 3: alllst4r (300)
*** ANTE/BLINDS ***
_SKR posts small blind 10
Dwight.S posts big blind 20
Dealt to _SKR [6s Jc]
*** PRE-FLOP *** 
alllst4r calls 20
_SKR folds
Dwight.S checks
*** FLOP *** [Jd Qh Ks]
Dwight.S checks
alllst4r checks
*** TURN *** [Jd Qh Ks][4d]
Dwight.S checks
alllst4r bets 33
Dwight.S folds
alllst4r collected 83 from pot
*** SUMMARY ***
Total pot 83 | No rake
Board: [Jd Qh Ks 4d]
Seat 3: alllst4r (button) won 83


Winamax Poker - Tournament "Expresso Nitro" buyIn: 0.93€ + 0.07€ level: 1 - HandId: #2671058853080072193-2-1673529059 - Holdem no limit (10/20) - 2023/01/12 13:10:59 UTC
Table: 'Expresso Nitro(621904352)#0' 3-max (real money) Seat #1 is the button
Seat 1: _SKR (290)
Seat 2: Dwight.S (280)
Seat 3: alllst4r (330)
*** ANTE/BLINDS ***
Dwight.S posts small blind 10
alllst4r posts big blind 20
Dealt to _SKR [Js 7c]
*** PRE-FLOP *** 
_SKR folds
Dwight.S raises 20 to 40
alllst4r folds
Dwight.S collected 60 from pot
*** SUMMARY ***
Total pot 60 | No rake
Seat 2: Dwight.S (small blind) won 60


Winamax Poker - Tournament "Expresso Nitro" buyIn: 0.93€ + 0.07€ level: 2 - HandId: #2671058853080072193-3-1673529073 - Holdem no limit (15/30) - 2023/01/12 13:11:13 UTC
Table: 'Expresso Nitro(621904352)#0' 3-max (real money) Seat #2 is the button
Seat 1: _SKR (290)
Seat 2: Dwight.S (300)
Seat 3: alllst4r (310)
*** ANTE/BLINDS ***
alllst4r posts small blind 15
_SKR posts big blind 30
Dealt to _SKR [As 2h]
*** PRE-FLOP *** 
Dwight.S raises 30 to 60
alllst4r calls 45
_SKR folds
*** FLOP *** [6h 9d Ts]
alllst4r bets 250 and is all-in
Dwight.S folds
alllst4r collected 400 from pot
*** SUMMARY ***
Total pot 400 | No rake
Board: [6h 9d Ts]
Seat 3: alllst4r (small blind) won 400


Winamax Poker - Tournament "Expresso Nitro" buyIn: 0.93€ + 0.07€ level: 2 - HandId: #2671058853080072193-4-1673529112 - Holdem no limit (15/30) - 2023/01/12 13:11:52 UTC
Table: 'Expresso Nitro(621904352)#0' 3-max (real money) Seat #3 is the button
Seat 1: _SKR (260)
Seat 2: Dwight.S (240)
Seat 3: alllst4r (400)
*** ANTE/BLINDS ***
_SKR posts small blind 15
Dwight.S posts big blind 30
Dealt to _SKR [8s 8h]
*** PRE-FLOP *** 
alllst4r calls 30
_SKR raises 230 to 260 and is all-in
Dwight.S folds
alllst4r folds
_SKR collected 320 from pot
*** SUMMARY ***
Total pot 320 | No rake
Seat 1: _SKR (small blind) won 320


Winamax Poker - Tournament "Expresso Nitro" buyIn: 0.93€ + 0.07€ level: 2 - HandId: #2671058853080072193-5-1673529128 - Holdem no limit (15/30) - 2023/01/12 13:12:08 UTC
Table: 'Expresso Nitro(621904352)#0' 3-max (real money) Seat #1 is the button
Seat 1: _SKR (320)
Seat 2: Dwight.S (210)
Seat 3: alllst4r (370)
*** ANTE/BLINDS ***
Dwight.S posts small blind 15
alllst4r posts big blind 30
Dealt to _SKR [7s 9h]
*** PRE-FLOP *** 
_SKR folds
Dwight.S raises 180 to 210 and is all-in
alllst4r folds
Dwight.S collected 240 from pot
*** SUMMARY ***
Total pot 240 | No rake
Seat 2: Dwight.S (small blind) won 240


Winamax Poker - Tournament "Expresso Nitro" buyIn: 0.93€ + 0.07€ level: 3 - HandId: #2671058853080072193-6-1673529142 - Holdem no limit (20/40) - 2023/01/12 13:12:22 UTC
Table: 'Expresso Nitro(621904352)#0' 3-max (real money) Seat #2 is the button
Seat 1: _SKR (320)
Seat 2: Dwight.S (240)
Seat 3: alllst4r (340)
*** ANTE/BLINDS ***
alllst4r posts small blind 20
_SKR posts big blind 40
Dealt to _SKR [Jc 6c]
*** PRE-FLOP *** 
Dwight.S folds
alllst4r calls 20
_SKR checks
*** FLOP *** [Ad 3d 5h]
alllst4r bets 40
_SKR folds
alllst4r collected 120 from pot
*** SUMMARY ***
Total pot 120 | No rake
Board: [Ad 3d 5h]
Seat 3: alllst4r (small blind) won 120


Winamax Poker - Tournament "Expresso Nitro" buyIn: 0.93€ + 0.07€ level: 3 - HandId: #2671058853080072193-7-1673529157 - Holdem no limit (20/40) - 2023/01/12 13:12:37 UTC
Table: 'Expresso Nitro(621904352)#0' 3-max (real money) Seat #3 is the button
Seat 1: _SKR (280)
Seat 2: Dwight.S (240)
Seat 3: alllst4r (380)
*** ANTE/BLINDS ***
_SKR posts small blind 20
Dwight.S posts big blind 40
Dealt to _SKR [Tc 8s]
*** PRE-FLOP *** 
alllst4r raises 340 to 380 and is all-in
_SKR folds
Dwight.S calls 200 and is all-in
*** FLOP *** [Jc 2d Kc]
*** TURN *** [Jc 2d Kc][8d]
*** RIVER *** [Jc 2d Kc 8d][As]
*** SHOW DOWN ***
Dwight.S shows [3d Ah] (One pair : Aces)
alllst4r shows [Js Jh] (Trips of Jacks)
alllst4r collected 640 from pot
*** SUMMARY ***
Total pot 640 | No rake
Board: [Jc 2d Kc 8d As]
Seat 2: Dwight.S (big blind) showed [3d Ah] and lost with One pair : Aces
Seat 3: alllst4r (button) showed [Js Jh] and won 640 with Trips of Jacks


Winamax Poker - Tournament "Expresso Nitro" buyIn: 0.93€ + 0.07€ level: 3 - HandId: #2671058853080072193-8-1673529176 - Holdem no limit (20/40) - 2023/01/12 13:12:56 UTC
Table: 'Expresso Nitro(621904352)#0' 3-max (real money) Seat #3 is the button
Seat 1: _SKR (260)
Seat 3: alllst4r (640)
*** ANTE/BLINDS ***
alllst4r posts small blind 20
_SKR posts big blind 40
Dealt to _SKR [3c Ts]
*** PRE-FLOP *** 
alllst4r calls 20
_SKR checks
*** FLOP *** [2h 8d 7h]
_SKR checks
alllst4r bets 600 and is all-in
_SKR folds
alllst4r collected 680 from pot
*** SUMMARY ***
Total pot 680 | No rake
Board: [2h 8d 7h]
Seat 3: alllst4r (small blind) (button) won 680


Winamax Poker - Tournament "Expresso Nitro" buyIn: 0.93€ + 0.07€ level: 4 - HandId: #2671058853080072193-9-1673529194 - Holdem no limit (30/60) - 2023/01/12 13:13:14 UTC
Table: 'Expresso Nitro(621904352)#0' 3-max (real money) Seat #1 is the button
Seat 1: _SKR (220)
Seat 3: alllst4r (680)
*** ANTE/BLINDS ***
_SKR posts small blind 30
alllst4r posts big blind 60
Dealt to _SKR [3c 5h]
*** PRE-FLOP *** 
_SKR folds
alllst4r collected 90 from pot
*** SUMMARY ***
Total pot 90 | No rake
Seat 3: alllst4r (big blind) won 90


Winamax Poker - Tournament "Expresso Nitro" buyIn: 0.93€ + 0.07€ level: 4 - HandId: #2671058853080072193-10-1673529198 - Holdem no limit (30/60) - 2023/01/12 13:13:18 UTC
Table: 'Expresso Nitro(621904352)#0' 3-max (real money) Seat #3 is the button
Seat 1: _SKR (190)
Seat 3: alllst4r (710)
*** ANTE/BLINDS ***
alllst4r posts small blind 30
_SKR posts big blind 60
Dealt to _SKR [8s Jd]
*** PRE-FLOP *** 
alllst4r calls 30
_SKR checks
*** FLOP *** [7h 4s 9c]
_SKR checks
alllst4r bets 60
_SKR folds
alllst4r collected 180 from pot
*** SUMMARY ***
Total pot 180 | No rake
Board: [7h 4s 9c]
Seat 3: alllst4r (small blind) (button) won 180


Winamax Poker - Tournament "Expresso Nitro" buyIn: 0.93€ + 0.07€ level: 4 - HandId: #2671058853080072193-11-1673529208 - Holdem no limit (30/60) - 2023/01/12 13:13:28 UTC
Table: 'Expresso Nitro(621904352)#0' 3-max (real money) Seat #1 is the button
Seat 1: _SKR (130)
Seat 3: alllst4r (770)
*** ANTE/BLINDS ***
_SKR posts small blind 30
alllst4r posts big blind 60
Dealt to _SKR [9s Tc]
*** PRE-FLOP *** 
_SKR raises 70 to 130 and is all-in
alllst4r calls 70
*** FLOP *** [Qd Ah 9d]
*** TURN *** [Qd Ah 9d][7s]
*** RIVER *** [Qd Ah 9d 7s][7h]
*** SHOW DOWN ***
_SKR shows [9s Tc] (Two pairs : 9 and 7)
alllst4r shows [4c Qh] (Two pairs : Queens and 7)
alllst4r collected 260 from pot
*** SUMMARY ***
Total pot 260 | No rake
Board: [Qd Ah 9d 7s 7h]
Seat 1: _SKR (small blind) (button) showed [9s Tc] and lost with Two pairs : 9 and 7
Seat 3: alllst4r (big blind) showed [4c Qh] and won 260 with Two pairs : Queens and 7


