Winamax Poker - Tournament "Expresso Nitro" buyIn: 0.93€ + 0.07€ level: 1 - HandId: #2717560773231509505-1-1676226993 - Holdem no limit (10/20) - 2023/02/12 18:36:33 UTC
Table: 'Expresso Nitro(632731424)#0' 3-max (real money) Seat #2 is the button
Seat 1: Mateo8377 (300)
Seat 2: _SKR (300)
Seat 3: Alves212390 (300)
*** ANTE/BLINDS ***
Alves212390 posts small blind 10
Mateo8377 posts big blind 20
Dealt to _SKR [5d 9c]
*** PRE-FLOP *** 
_SKR folds
Alves212390 raises 280 to 300 and is all-in
Mateo8377 folds
Alves212390 collected 320 from pot
*** SUMMARY ***
Total pot 320 | No rake
Seat 3: Alves212390 (small blind) won 320


Winamax Poker - Tournament "Expresso Nitro" buyIn: 0.93€ + 0.07€ level: 1 - HandId: #2717560773231509505-2-1676227006 - Holdem no limit (10/20) - 2023/02/12 18:36:46 UTC
Table: 'Expresso Nitro(632731424)#0' 3-max (real money) Seat #3 is the button
Seat 1: Mateo8377 (280)
Seat 2: _SKR (300)
Seat 3: Alves212390 (320)
*** ANTE/BLINDS ***
Mateo8377 posts small blind 10
_SKR posts big blind 20
Dealt to _SKR [7d Jd]
*** PRE-FLOP *** 
Alves212390 raises 300 to 320 and is all-in
Mateo8377 calls 270 and is all-in
_SKR folds
*** FLOP *** [Ts Ah Ks]
*** TURN *** [Ts Ah Ks][Ac]
*** RIVER *** [Ts Ah Ks Ac][Kd]
*** SHOW DOWN ***
Mateo8377 shows [7s 7c] (Two pairs : Aces and Kings)
Alves212390 shows [Ad 5d] (Full of Aces and Kings)
Alves212390 collected 620 from pot
*** SUMMARY ***
Total pot 620 | No rake
Board: [Ts Ah Ks Ac Kd]
Seat 1: Mateo8377 (small blind) showed [7s 7c] and lost with Two pairs : Aces and Kings
Seat 3: Alves212390 (button) showed [Ad 5d] and won 620 with Full of Aces and Kings


Winamax Poker - Tournament "Expresso Nitro" buyIn: 0.93€ + 0.07€ level: 1 - HandId: #2717560773231509505-3-1676227025 - Holdem no limit (10/20) - 2023/02/12 18:37:05 UTC
Table: 'Expresso Nitro(632731424)#0' 3-max (real money) Seat #2 is the button
Seat 2: _SKR (280)
Seat 3: Alves212390 (620)
*** ANTE/BLINDS ***
_SKR posts small blind 10
Alves212390 posts big blind 20
Dealt to _SKR [Jh 6d]
*** PRE-FLOP *** 
_SKR folds
Alves212390 collected 30 from pot
*** SUMMARY ***
Total pot 30 | No rake
Seat 3: Alves212390 (big blind) won 30


Winamax Poker - Tournament "Expresso Nitro" buyIn: 0.93€ + 0.07€ level: 1 - HandId: #2717560773231509505-4-1676227029 - Holdem no limit (10/20) - 2023/02/12 18:37:09 UTC
Table: 'Expresso Nitro(632731424)#0' 3-max (real money) Seat #3 is the button
Seat 2: _SKR (270)
Seat 3: Alves212390 (630)
*** ANTE/BLINDS ***
Alves212390 posts small blind 10
_SKR posts big blind 20
Dealt to _SKR [Th 9s]
*** PRE-FLOP *** 
Alves212390 raises 610 to 630 and is all-in
_SKR folds
Alves212390 collected 650 from pot
*** SUMMARY ***
Total pot 650 | No rake
Seat 3: Alves212390 (small blind) (button) won 650


Winamax Poker - Tournament "Expresso Nitro" buyIn: 0.93€ + 0.07€ level: 1 - HandId: #2717560773231509505-5-1676227035 - Holdem no limit (10/20) - 2023/02/12 18:37:15 UTC
Table: 'Expresso Nitro(632731424)#0' 3-max (real money) Seat #2 is the button
Seat 2: _SKR (250)
Seat 3: Alves212390 (650)
*** ANTE/BLINDS ***
_SKR posts small blind 10
Alves212390 posts big blind 20
Dealt to _SKR [Td Qd]
*** PRE-FLOP *** 
_SKR raises 230 to 250 and is all-in
Alves212390 folds
_SKR collected 270 from pot
*** SUMMARY ***
Total pot 270 | No rake
Seat 2: _SKR (small blind) (button) won 270


Winamax Poker - Tournament "Expresso Nitro" buyIn: 0.93€ + 0.07€ level: 1 - HandId: #2717560773231509505-6-1676227046 - Holdem no limit (10/20) - 2023/02/12 18:37:26 UTC
Table: 'Expresso Nitro(632731424)#0' 3-max (real money) Seat #3 is the button
Seat 2: _SKR (270)
Seat 3: Alves212390 (630)
*** ANTE/BLINDS ***
Alves212390 posts small blind 10
_SKR posts big blind 20
Dealt to _SKR [8s Jh]
*** PRE-FLOP *** 
Alves212390 raises 610 to 630 and is all-in
_SKR folds
Alves212390 collected 650 from pot
*** SUMMARY ***
Total pot 650 | No rake
Seat 3: Alves212390 (small blind) (button) won 650


Winamax Poker - Tournament "Expresso Nitro" buyIn: 0.93€ + 0.07€ level: 2 - HandId: #2717560773231509505-7-1676227051 - Holdem no limit (15/30) - 2023/02/12 18:37:31 UTC
Table: 'Expresso Nitro(632731424)#0' 3-max (real money) Seat #2 is the button
Seat 2: _SKR (250)
Seat 3: Alves212390 (650)
*** ANTE/BLINDS ***
_SKR posts small blind 15
Alves212390 posts big blind 30
Dealt to _SKR [4d Th]
*** PRE-FLOP *** 
_SKR folds
Alves212390 collected 45 from pot
*** SUMMARY ***
Total pot 45 | No rake
Seat 3: Alves212390 (big blind) won 45


Winamax Poker - Tournament "Expresso Nitro" buyIn: 0.93€ + 0.07€ level: 2 - HandId: #2717560773231509505-8-1676227055 - Holdem no limit (15/30) - 2023/02/12 18:37:35 UTC
Table: 'Expresso Nitro(632731424)#0' 3-max (real money) Seat #3 is the button
Seat 2: _SKR (235)
Seat 3: Alves212390 (665)
*** ANTE/BLINDS ***
Alves212390 posts small blind 15
_SKR posts big blind 30
Dealt to _SKR [Kd 4s]
*** PRE-FLOP *** 
Alves212390 raises 635 to 665 and is all-in
_SKR folds
Alves212390 collected 695 from pot
*** SUMMARY ***
Total pot 695 | No rake
Seat 3: Alves212390 (small blind) (button) won 695


Winamax Poker - Tournament "Expresso Nitro" buyIn: 0.93€ + 0.07€ level: 2 - HandId: #2717560773231509505-9-1676227062 - Holdem no limit (15/30) - 2023/02/12 18:37:42 UTC
Table: 'Expresso Nitro(632731424)#0' 3-max (real money) Seat #2 is the button
Seat 2: _SKR (205)
Seat 3: Alves212390 (695)
*** ANTE/BLINDS ***
_SKR posts small blind 15
Alves212390 posts big blind 30
Dealt to _SKR [8c Kc]
*** PRE-FLOP *** 
_SKR raises 175 to 205 and is all-in
Alves212390 folds
_SKR collected 235 from pot
*** SUMMARY ***
Total pot 235 | No rake
Seat 2: _SKR (small blind) (button) won 235


Winamax Poker - Tournament "Expresso Nitro" buyIn: 0.93€ + 0.07€ level: 2 - HandId: #2717560773231509505-10-1676227068 - Holdem no limit (15/30) - 2023/02/12 18:37:48 UTC
Table: 'Expresso Nitro(632731424)#0' 3-max (real money) Seat #3 is the button
Seat 2: _SKR (235)
Seat 3: Alves212390 (665)
*** ANTE/BLINDS ***
Alves212390 posts small blind 15
_SKR posts big blind 30
Dealt to _SKR [7h 4c]
*** PRE-FLOP *** 
Alves212390 raises 635 to 665 and is all-in
_SKR folds
Alves212390 collected 695 from pot
*** SUMMARY ***
Total pot 695 | No rake
Seat 3: Alves212390 (small blind) (button) won 695


Winamax Poker - Tournament "Expresso Nitro" buyIn: 0.93€ + 0.07€ level: 2 - HandId: #2717560773231509505-11-1676227076 - Holdem no limit (15/30) - 2023/02/12 18:37:56 UTC
Table: 'Expresso Nitro(632731424)#0' 3-max (real money) Seat #2 is the button
Seat 2: _SKR (205)
Seat 3: Alves212390 (695)
*** ANTE/BLINDS ***
_SKR posts small blind 15
Alves212390 posts big blind 30
Dealt to _SKR [Kc 4d]
*** PRE-FLOP *** 
_SKR raises 175 to 205 and is all-in
Alves212390 folds
_SKR collected 235 from pot
*** SUMMARY ***
Total pot 235 | No rake
Seat 2: _SKR (small blind) (button) won 235


Winamax Poker - Tournament "Expresso Nitro" buyIn: 0.93€ + 0.07€ level: 2 - HandId: #2717560773231509505-12-1676227081 - Holdem no limit (15/30) - 2023/02/12 18:38:01 UTC
Table: 'Expresso Nitro(632731424)#0' 3-max (real money) Seat #3 is the button
Seat 2: _SKR (235)
Seat 3: Alves212390 (665)
*** ANTE/BLINDS ***
Alves212390 posts small blind 15
_SKR posts big blind 30
Dealt to _SKR [Ad Qd]
*** PRE-FLOP *** 
Alves212390 raises 635 to 665 and is all-in
_SKR calls 205 and is all-in
*** FLOP *** [5h Qh 7c]
*** TURN *** [5h Qh 7c][9c]
*** RIVER *** [5h Qh 7c 9c][7s]
*** SHOW DOWN ***
_SKR shows [Ad Qd] (Two pairs : Queens and 7)
Alves212390 shows [5d Kh] (Two pairs : 7 and 5)
Alves212390 collected 430 from side pot 1
_SKR collected 470 from main pot
*** SUMMARY ***
Total pot 900 | No rake
Board: [5h Qh 7c 9c 7s]
Seat 2: _SKR (big blind) showed [Ad Qd] and won 470 with Two pairs : Queens and 7
Seat 3: Alves212390 (small blind) (button) showed [5d Kh] and won 430 with Two pairs : 7 and 5


Winamax Poker - Tournament "Expresso Nitro" buyIn: 0.93€ + 0.07€ level: 2 - HandId: #2717560773231509505-13-1676227093 - Holdem no limit (15/30) - 2023/02/12 18:38:13 UTC
Table: 'Expresso Nitro(632731424)#0' 3-max (real money) Seat #2 is the button
Seat 2: _SKR (470)
Seat 3: Alves212390 (430)
*** ANTE/BLINDS ***
_SKR posts small blind 15
Alves212390 posts big blind 30
Dealt to _SKR [Kd 4c]
*** PRE-FLOP *** 
_SKR raises 30 to 60
Alves212390 raises 370 to 430 and is all-in
_SKR folds
Alves212390 collected 490 from pot
*** SUMMARY ***
Total pot 490 | No rake
Seat 3: Alves212390 (big blind) won 490


Winamax Poker - Tournament "Expresso Nitro" buyIn: 0.93€ + 0.07€ level: 2 - HandId: #2717560773231509505-14-1676227101 - Holdem no limit (15/30) - 2023/02/12 18:38:21 UTC
Table: 'Expresso Nitro(632731424)#0' 3-max (real money) Seat #3 is the button
Seat 2: _SKR (410)
Seat 3: Alves212390 (490)
*** ANTE/BLINDS ***
Alves212390 posts small blind 15
_SKR posts big blind 30
Dealt to _SKR [Qc Ad]
*** PRE-FLOP *** 
Alves212390 raises 460 to 490 and is all-in
_SKR calls 380 and is all-in
*** FLOP *** [9c Td Kd]
*** TURN *** [9c Td Kd][Ac]
*** RIVER *** [9c Td Kd Ac][Jd]
*** SHOW DOWN ***
_SKR shows [Qc Ad] (Straight Ace high)
Alves212390 shows [Qd 4c] (Straight Ace high)
Alves212390 collected 490 from side pot 1
_SKR collected 410 from main pot
*** SUMMARY ***
Total pot 900 | No rake
Board: [9c Td Kd Ac Jd]
Seat 2: _SKR (big blind) showed [Qc Ad] and won 410 with Straight Ace high
Seat 3: Alves212390 (small blind) (button) showed [Qd 4c] and won 490 with Straight Ace high


Winamax Poker - Tournament "Expresso Nitro" buyIn: 0.93€ + 0.07€ level: 3 - HandId: #2717560773231509505-15-1676227113 - Holdem no limit (20/40) - 2023/02/12 18:38:33 UTC
Table: 'Expresso Nitro(632731424)#0' 3-max (real money) Seat #2 is the button
Seat 2: _SKR (410)
Seat 3: Alves212390 (490)
*** ANTE/BLINDS ***
_SKR posts small blind 20
Alves212390 posts big blind 40
Dealt to _SKR [3d 5s]
*** PRE-FLOP *** 
_SKR folds
Alves212390 collected 60 from pot
*** SUMMARY ***
Total pot 60 | No rake
Seat 3: Alves212390 (big blind) won 60


Winamax Poker - Tournament "Expresso Nitro" buyIn: 0.93€ + 0.07€ level: 3 - HandId: #2717560773231509505-16-1676227117 - Holdem no limit (20/40) - 2023/02/12 18:38:37 UTC
Table: 'Expresso Nitro(632731424)#0' 3-max (real money) Seat #3 is the button
Seat 2: _SKR (390)
Seat 3: Alves212390 (510)
*** ANTE/BLINDS ***
Alves212390 posts small blind 20
_SKR posts big blind 40
Dealt to _SKR [9h Js]
*** PRE-FLOP *** 
Alves212390 raises 470 to 510 and is all-in
_SKR folds
Alves212390 collected 550 from pot
*** SUMMARY ***
Total pot 550 | No rake
Seat 3: Alves212390 (small blind) (button) won 550


Winamax Poker - Tournament "Expresso Nitro" buyIn: 0.93€ + 0.07€ level: 3 - HandId: #2717560773231509505-17-1676227122 - Holdem no limit (20/40) - 2023/02/12 18:38:42 UTC
Table: 'Expresso Nitro(632731424)#0' 3-max (real money) Seat #2 is the button
Seat 2: _SKR (350)
Seat 3: Alves212390 (550)
*** ANTE/BLINDS ***
_SKR posts small blind 20
Alves212390 posts big blind 40
Dealt to _SKR [2h Jh]
*** PRE-FLOP *** 
_SKR folds
Alves212390 collected 60 from pot
*** SUMMARY ***
Total pot 60 | No rake
Seat 3: Alves212390 (big blind) won 60


Winamax Poker - Tournament "Expresso Nitro" buyIn: 0.93€ + 0.07€ level: 3 - HandId: #2717560773231509505-18-1676227126 - Holdem no limit (20/40) - 2023/02/12 18:38:46 UTC
Table: 'Expresso Nitro(632731424)#0' 3-max (real money) Seat #3 is the button
Seat 2: _SKR (330)
Seat 3: Alves212390 (570)
*** ANTE/BLINDS ***
Alves212390 posts small blind 20
_SKR posts big blind 40
Dealt to _SKR [4h Qs]
*** PRE-FLOP *** 
Alves212390 raises 530 to 570 and is all-in
_SKR folds
Alves212390 collected 610 from pot
*** SUMMARY ***
Total pot 610 | No rake
Seat 3: Alves212390 (small blind) (button) won 610


Winamax Poker - Tournament "Expresso Nitro" buyIn: 0.93€ + 0.07€ level: 3 - HandId: #2717560773231509505-19-1676227137 - Holdem no limit (20/40) - 2023/02/12 18:38:57 UTC
Table: 'Expresso Nitro(632731424)#0' 3-max (real money) Seat #2 is the button
Seat 2: _SKR (290)
Seat 3: Alves212390 (610)
*** ANTE/BLINDS ***
_SKR posts small blind 20
Alves212390 posts big blind 40
Dealt to _SKR [Ac Qs]
*** PRE-FLOP *** 
_SKR raises 250 to 290 and is all-in
Alves212390 calls 250
*** FLOP *** [7s 8h 5s]
*** TURN *** [7s 8h 5s][6h]
*** RIVER *** [7s 8h 5s 6h][Qc]
*** SHOW DOWN ***
_SKR shows [Ac Qs] (One pair : Queens)
Alves212390 shows [9c Jd] (Straight 9 high)
Alves212390 collected 580 from pot
*** SUMMARY ***
Total pot 580 | No rake
Board: [7s 8h 5s 6h Qc]
Seat 2: _SKR (small blind) (button) showed [Ac Qs] and lost with One pair : Queens
Seat 3: Alves212390 (big blind) showed [9c Jd] and won 580 with Straight 9 high


