Winamax Poker - Tournament "Expresso Nitro" buyIn: 0.93€ + 0.07€ level: 1 - HandId: #2675056406775726081-1-1673741977 - Holdem no limit (10/20) - 2023/01/15 00:19:37 UTC
Table: 'Expresso Nitro(622835105)#0' 3-max (real money) Seat #1 is the button
Seat 1: LL_Striker15 (300)
Seat 2: Renuie (300)
Seat 3: _SKR (300)
*** ANTE/BLINDS ***
Renuie posts small blind 10
_SKR posts big blind 20
Dealt to _SKR [Js Td]
*** PRE-FLOP *** 
LL_Striker15 raises 40 to 60
Renuie raises 240 to 300 and is all-in
_SKR folds
LL_Striker15 calls 240 and is all-in
*** FLOP *** [3c Th 7d]
*** TURN *** [3c Th 7d][8s]
*** RIVER *** [3c Th 7d 8s][7h]
*** SHOW DOWN ***
LL_Striker15 shows [Ah Kc] (One pair : 7)
Renuie shows [8d Qd] (Two pairs : 8 and 7)
Renuie collected 620 from pot
*** SUMMARY ***
Total pot 620 | No rake
Board: [3c Th 7d 8s 7h]
Seat 1: LL_Striker15 (button) showed [Ah Kc] and lost with One pair : 7
Seat 2: Renuie (small blind) showed [8d Qd] and won 620 with Two pairs : 8 and 7


Winamax Poker - Tournament "Expresso Nitro" buyIn: 0.93€ + 0.07€ level: 1 - HandId: #2675056406775726081-2-1673741998 - Holdem no limit (10/20) - 2023/01/15 00:19:58 UTC
Table: 'Expresso Nitro(622835105)#0' 3-max (real money) Seat #3 is the button
Seat 2: Renuie (620)
Seat 3: _SKR (280)
*** ANTE/BLINDS ***
_SKR posts small blind 10
Renuie posts big blind 20
Dealt to _SKR [8s 5s]
*** PRE-FLOP *** 
_SKR folds
Renuie collected 30 from pot
*** SUMMARY ***
Total pot 30 | No rake
Seat 2: Renuie (big blind) won 30


Winamax Poker - Tournament "Expresso Nitro" buyIn: 0.93€ + 0.07€ level: 1 - HandId: #2675056406775726081-3-1673742002 - Holdem no limit (10/20) - 2023/01/15 00:20:02 UTC
Table: 'Expresso Nitro(622835105)#0' 3-max (real money) Seat #2 is the button
Seat 2: Renuie (630)
Seat 3: _SKR (270)
*** ANTE/BLINDS ***
Renuie posts small blind 10
_SKR posts big blind 20
Dealt to _SKR [Tc 8c]
*** PRE-FLOP *** 
Renuie raises 610 to 630 and is all-in
_SKR folds
Renuie collected 650 from pot
*** SUMMARY ***
Total pot 650 | No rake
Seat 2: Renuie (small blind) (button) won 650


Winamax Poker - Tournament "Expresso Nitro" buyIn: 0.93€ + 0.07€ level: 1 - HandId: #2675056406775726081-4-1673742013 - Holdem no limit (10/20) - 2023/01/15 00:20:13 UTC
Table: 'Expresso Nitro(622835105)#0' 3-max (real money) Seat #3 is the button
Seat 2: Renuie (650)
Seat 3: _SKR (250)
*** ANTE/BLINDS ***
_SKR posts small blind 10
Renuie posts big blind 20
Dealt to _SKR [Kh 6h]
*** PRE-FLOP *** 
_SKR raises 20 to 40
Renuie calls 20
*** FLOP *** [7c Ah Qs]
Renuie checks
_SKR checks
*** TURN *** [7c Ah Qs][Qh]
Renuie checks
_SKR bets 40
Renuie calls 40
*** RIVER *** [7c Ah Qs Qh][Ts]
Renuie checks
_SKR bets 170 and is all-in
Renuie folds
_SKR collected 330 from pot
*** SUMMARY ***
Total pot 330 | No rake
Board: [7c Ah Qs Qh Ts]
Seat 3: _SKR (small blind) (button) won 330


Winamax Poker - Tournament "Expresso Nitro" buyIn: 0.93€ + 0.07€ level: 2 - HandId: #2675056406775726081-5-1673742038 - Holdem no limit (15/30) - 2023/01/15 00:20:38 UTC
Table: 'Expresso Nitro(622835105)#0' 3-max (real money) Seat #2 is the button
Seat 2: Renuie (570)
Seat 3: _SKR (330)
*** ANTE/BLINDS ***
Renuie posts small blind 15
_SKR posts big blind 30
Dealt to _SKR [Qh 5h]
*** PRE-FLOP *** 
Renuie raises 60 to 90
_SKR folds
Renuie collected 120 from pot
*** SUMMARY ***
Total pot 120 | No rake
Seat 2: Renuie (small blind) (button) won 120


Winamax Poker - Tournament "Expresso Nitro" buyIn: 0.93€ + 0.07€ level: 2 - HandId: #2675056406775726081-6-1673742046 - Holdem no limit (15/30) - 2023/01/15 00:20:46 UTC
Table: 'Expresso Nitro(622835105)#0' 3-max (real money) Seat #3 is the button
Seat 2: Renuie (600)
Seat 3: _SKR (300)
*** ANTE/BLINDS ***
_SKR posts small blind 15
Renuie posts big blind 30
Dealt to _SKR [6h Tc]
*** PRE-FLOP *** 
_SKR folds
Renuie collected 45 from pot
*** SUMMARY ***
Total pot 45 | No rake
Seat 2: Renuie (big blind) won 45


Winamax Poker - Tournament "Expresso Nitro" buyIn: 0.93€ + 0.07€ level: 2 - HandId: #2675056406775726081-7-1673742049 - Holdem no limit (15/30) - 2023/01/15 00:20:49 UTC
Table: 'Expresso Nitro(622835105)#0' 3-max (real money) Seat #2 is the button
Seat 2: Renuie (615)
Seat 3: _SKR (285)
*** ANTE/BLINDS ***
Renuie posts small blind 15
_SKR posts big blind 30
Dealt to _SKR [9d 8s]
*** PRE-FLOP *** 
Renuie raises 60 to 90
_SKR folds
Renuie collected 120 from pot
*** SUMMARY ***
Total pot 120 | No rake
Seat 2: Renuie (small blind) (button) won 120


Winamax Poker - Tournament "Expresso Nitro" buyIn: 0.93€ + 0.07€ level: 2 - HandId: #2675056406775726081-8-1673742056 - Holdem no limit (15/30) - 2023/01/15 00:20:56 UTC
Table: 'Expresso Nitro(622835105)#0' 3-max (real money) Seat #3 is the button
Seat 2: Renuie (645)
Seat 3: _SKR (255)
*** ANTE/BLINDS ***
_SKR posts small blind 15
Renuie posts big blind 30
Dealt to _SKR [3c 4s]
*** PRE-FLOP *** 
_SKR folds
Renuie collected 45 from pot
*** SUMMARY ***
Total pot 45 | No rake
Seat 2: Renuie (big blind) won 45


Winamax Poker - Tournament "Expresso Nitro" buyIn: 0.93€ + 0.07€ level: 2 - HandId: #2675056406775726081-9-1673742059 - Holdem no limit (15/30) - 2023/01/15 00:20:59 UTC
Table: 'Expresso Nitro(622835105)#0' 3-max (real money) Seat #2 is the button
Seat 2: Renuie (660)
Seat 3: _SKR (240)
*** ANTE/BLINDS ***
Renuie posts small blind 15
_SKR posts big blind 30
Dealt to _SKR [Td 9h]
*** PRE-FLOP *** 
Renuie raises 630 to 660 and is all-in
_SKR folds
Renuie collected 690 from pot
*** SUMMARY ***
Total pot 690 | No rake
Seat 2: Renuie (small blind) (button) won 690


Winamax Poker - Tournament "Expresso Nitro" buyIn: 0.93€ + 0.07€ level: 2 - HandId: #2675056406775726081-10-1673742073 - Holdem no limit (15/30) - 2023/01/15 00:21:13 UTC
Table: 'Expresso Nitro(622835105)#0' 3-max (real money) Seat #3 is the button
Seat 2: Renuie (690)
Seat 3: _SKR (210)
*** ANTE/BLINDS ***
_SKR posts small blind 15
Renuie posts big blind 30
Dealt to _SKR [Th 6d]
*** PRE-FLOP *** 
_SKR folds
Renuie collected 45 from pot
*** SUMMARY ***
Total pot 45 | No rake
Seat 2: Renuie (big blind) won 45


Winamax Poker - Tournament "Expresso Nitro" buyIn: 0.93€ + 0.07€ level: 2 - HandId: #2675056406775726081-11-1673742079 - Holdem no limit (15/30) - 2023/01/15 00:21:19 UTC
Table: 'Expresso Nitro(622835105)#0' 3-max (real money) Seat #2 is the button
Seat 2: Renuie (705)
Seat 3: _SKR (195)
*** ANTE/BLINDS ***
Renuie posts small blind 15
_SKR posts big blind 30
Dealt to _SKR [Th As]
*** PRE-FLOP *** 
Renuie raises 675 to 705 and is all-in
_SKR calls 165 and is all-in
*** FLOP *** [8d 6h Ks]
*** TURN *** [8d 6h Ks][Qs]
*** RIVER *** [8d 6h Ks Qs][Qh]
*** SHOW DOWN ***
_SKR shows [Th As] (One pair : Queens)
Renuie shows [5s 6d] (Two pairs : Queens and 6)
Renuie collected 900 from pot
*** SUMMARY ***
Total pot 900 | No rake
Board: [8d 6h Ks Qs Qh]
Seat 2: Renuie (small blind) (button) showed [5s 6d] and won 900 with Two pairs : Queens and 6
Seat 3: _SKR (big blind) showed [Th As] and lost with One pair : Queens


