Winamax Poker - Tournament "Expresso Nitro" buyIn: 0.93€ + 0.07€ level: 1 - HandId: #2689816237982089217-1-1674653641 - Holdem no limit (10/20) - 2023/01/25 13:34:01 UTC
Table: 'Expresso Nitro(626271646)#0' 3-max (real money) Seat #3 is the button
Seat 1: _SKR (300)
Seat 2: Sosoc43 (300)
Seat 3: mhdbogos (300)
*** ANTE/BLINDS ***
_SKR posts small blind 10
Sosoc43 posts big blind 20
Dealt to _SKR [Kc 7s]
*** PRE-FLOP *** 
mhdbogos raises 280 to 300 and is all-in
_SKR folds
Sosoc43 calls 280 and is all-in
*** FLOP *** [Jh 7c 2s]
*** TURN *** [Jh 7c 2s][6s]
*** RIVER *** [Jh 7c 2s 6s][4c]
*** SHOW DOWN ***
mhdbogos shows [Ad 5h] (High card : Ace)
Sosoc43 shows [Ac 2h] (One pair : 2)
Sosoc43 collected 610 from pot
*** SUMMARY ***
Total pot 610 | No rake
Board: [Jh 7c 2s 6s 4c]
Seat 2: Sosoc43 (big blind) showed [Ac 2h] and won 610 with One pair : 2
Seat 3: mhdbogos (button) showed [Ad 5h] and lost with High card : Ace


Winamax Poker - Tournament "Expresso Nitro" buyIn: 0.93€ + 0.07€ level: 1 - HandId: #2689816237982089217-2-1674653662 - Holdem no limit (10/20) - 2023/01/25 13:34:22 UTC
Table: 'Expresso Nitro(626271646)#0' 3-max (real money) Seat #2 is the button
Seat 1: _SKR (290)
Seat 2: Sosoc43 (610)
*** ANTE/BLINDS ***
Sosoc43 posts small blind 10
_SKR posts big blind 20
Dealt to _SKR [Kc 9s]
*** PRE-FLOP *** 
Sosoc43 calls 10
_SKR raises 20 to 40
Sosoc43 calls 20
*** FLOP *** [3h Qd 3s]
_SKR checks
Sosoc43 checks
*** TURN *** [3h Qd 3s][Ac]
_SKR checks
Sosoc43 checks
*** RIVER *** [3h Qd 3s Ac][9d]
_SKR checks
Sosoc43 checks
*** SHOW DOWN ***
Sosoc43 shows [Td 8s] (One pair : 3)
_SKR shows [Kc 9s] (Two pairs : 9 and 3)
_SKR collected 80 from pot
*** SUMMARY ***
Total pot 80 | No rake
Board: [3h Qd 3s Ac 9d]
Seat 1: _SKR (big blind) showed [Kc 9s] and won 80 with Two pairs : 9 and 3
Seat 2: Sosoc43 (small blind) (button) showed [Td 8s] and lost with One pair : 3


Winamax Poker - Tournament "Expresso Nitro" buyIn: 0.93€ + 0.07€ level: 2 - HandId: #2689816237982089217-3-1674653700 - Holdem no limit (15/30) - 2023/01/25 13:35:00 UTC
Table: 'Expresso Nitro(626271646)#0' 3-max (real money) Seat #1 is the button
Seat 1: _SKR (330)
Seat 2: Sosoc43 (570)
*** ANTE/BLINDS ***
_SKR posts small blind 15
Sosoc43 posts big blind 30
Dealt to _SKR [9d Kd]
*** PRE-FLOP *** 
_SKR raises 300 to 330 and is all-in
Sosoc43 folds
_SKR collected 360 from pot
*** SUMMARY ***
Total pot 360 | No rake
Seat 1: _SKR (small blind) (button) won 360


Winamax Poker - Tournament "Expresso Nitro" buyIn: 0.93€ + 0.07€ level: 2 - HandId: #2689816237982089217-4-1674653710 - Holdem no limit (15/30) - 2023/01/25 13:35:10 UTC
Table: 'Expresso Nitro(626271646)#0' 3-max (real money) Seat #2 is the button
Seat 1: _SKR (360)
Seat 2: Sosoc43 (540)
*** ANTE/BLINDS ***
Sosoc43 posts small blind 15
_SKR posts big blind 30
Dealt to _SKR [8d Ac]
*** PRE-FLOP *** 
Sosoc43 calls 15
_SKR raises 330 to 360 and is all-in
Sosoc43 folds
_SKR collected 390 from pot
*** SUMMARY ***
Total pot 390 | No rake
Seat 1: _SKR (big blind) won 390


Winamax Poker - Tournament "Expresso Nitro" buyIn: 0.93€ + 0.07€ level: 2 - HandId: #2689816237982089217-5-1674653723 - Holdem no limit (15/30) - 2023/01/25 13:35:23 UTC
Table: 'Expresso Nitro(626271646)#0' 3-max (real money) Seat #1 is the button
Seat 1: _SKR (390)
Seat 2: Sosoc43 (510)
*** ANTE/BLINDS ***
_SKR posts small blind 15
Sosoc43 posts big blind 30
Dealt to _SKR [7s Kd]
*** PRE-FLOP *** 
_SKR raises 360 to 390 and is all-in
Sosoc43 folds
_SKR collected 420 from pot
*** SUMMARY ***
Total pot 420 | No rake
Seat 1: _SKR (small blind) (button) won 420


Winamax Poker - Tournament "Expresso Nitro" buyIn: 0.93€ + 0.07€ level: 2 - HandId: #2689816237982089217-6-1674653730 - Holdem no limit (15/30) - 2023/01/25 13:35:30 UTC
Table: 'Expresso Nitro(626271646)#0' 3-max (real money) Seat #2 is the button
Seat 1: _SKR (420)
Seat 2: Sosoc43 (480)
*** ANTE/BLINDS ***
Sosoc43 posts small blind 15
_SKR posts big blind 30
Dealt to _SKR [Jd 5h]
*** PRE-FLOP *** 
Sosoc43 calls 15
_SKR checks
*** FLOP *** [Tc Qd 3s]
_SKR checks
Sosoc43 checks
*** TURN *** [Tc Qd 3s][4s]
_SKR checks
Sosoc43 checks
*** RIVER *** [Tc Qd 3s 4s][8c]
_SKR checks
Sosoc43 checks
*** SHOW DOWN ***
_SKR shows [Jd 5h] (High card : Queen)
Sosoc43 shows [8d Jh] (One pair : 8)
Sosoc43 collected 60 from pot
*** SUMMARY ***
Total pot 60 | No rake
Board: [Tc Qd 3s 4s 8c]
Seat 1: _SKR (big blind) showed [Jd 5h] and lost with High card : Queen
Seat 2: Sosoc43 (small blind) (button) showed [8d Jh] and won 60 with One pair : 8


Winamax Poker - Tournament "Expresso Nitro" buyIn: 0.93€ + 0.07€ level: 3 - HandId: #2689816237982089217-7-1674653757 - Holdem no limit (20/40) - 2023/01/25 13:35:57 UTC
Table: 'Expresso Nitro(626271646)#0' 3-max (real money) Seat #1 is the button
Seat 1: _SKR (390)
Seat 2: Sosoc43 (510)
*** ANTE/BLINDS ***
_SKR posts small blind 20
Sosoc43 posts big blind 40
Dealt to _SKR [Td Kh]
*** PRE-FLOP *** 
_SKR raises 350 to 390 and is all-in
Sosoc43 folds
_SKR collected 430 from pot
*** SUMMARY ***
Total pot 430 | No rake
Seat 1: _SKR (small blind) (button) won 430


Winamax Poker - Tournament "Expresso Nitro" buyIn: 0.93€ + 0.07€ level: 3 - HandId: #2689816237982089217-8-1674653763 - Holdem no limit (20/40) - 2023/01/25 13:36:03 UTC
Table: 'Expresso Nitro(626271646)#0' 3-max (real money) Seat #2 is the button
Seat 1: _SKR (430)
Seat 2: Sosoc43 (470)
*** ANTE/BLINDS ***
Sosoc43 posts small blind 20
_SKR posts big blind 40
Dealt to _SKR [9h Ts]
*** PRE-FLOP *** 
Sosoc43 calls 20
_SKR checks
*** FLOP *** [3s 7c 5s]
_SKR checks
Sosoc43 bets 430 and is all-in
_SKR folds
Sosoc43 collected 510 from pot
*** SUMMARY ***
Total pot 510 | No rake
Board: [3s 7c 5s]
Seat 2: Sosoc43 (small blind) (button) won 510


Winamax Poker - Tournament "Expresso Nitro" buyIn: 0.93€ + 0.07€ level: 3 - HandId: #2689816237982089217-9-1674653788 - Holdem no limit (20/40) - 2023/01/25 13:36:28 UTC
Table: 'Expresso Nitro(626271646)#0' 3-max (real money) Seat #1 is the button
Seat 1: _SKR (390)
Seat 2: Sosoc43 (510)
*** ANTE/BLINDS ***
_SKR posts small blind 20
Sosoc43 posts big blind 40
Dealt to _SKR [8c 2h]
*** PRE-FLOP *** 
_SKR folds
Sosoc43 collected 60 from pot
*** SUMMARY ***
Total pot 60 | No rake
Seat 2: Sosoc43 (big blind) won 60


Winamax Poker - Tournament "Expresso Nitro" buyIn: 0.93€ + 0.07€ level: 3 - HandId: #2689816237982089217-10-1674653806 - Holdem no limit (20/40) - 2023/01/25 13:36:46 UTC
Table: 'Expresso Nitro(626271646)#0' 3-max (real money) Seat #2 is the button
Seat 1: _SKR (370)
Seat 2: Sosoc43 (530)
*** ANTE/BLINDS ***
Sosoc43 posts small blind 20
_SKR posts big blind 40
Dealt to _SKR [3h 9s]
*** PRE-FLOP *** 
Sosoc43 calls 20
_SKR checks
*** FLOP *** [3d 2s Qh]
_SKR checks
Sosoc43 checks
*** TURN *** [3d 2s Qh][Kh]
_SKR checks
Sosoc43 checks
*** RIVER *** [3d 2s Qh Kh][Qs]
_SKR checks
Sosoc43 checks
*** SHOW DOWN ***
Sosoc43 shows [8c 6h] (One pair : Queens)
_SKR shows [3h 9s] (Two pairs : Queens and 3)
_SKR collected 80 from pot
*** SUMMARY ***
Total pot 80 | No rake
Board: [3d 2s Qh Kh Qs]
Seat 1: _SKR (big blind) showed [3h 9s] and won 80 with Two pairs : Queens and 3
Seat 2: Sosoc43 (small blind) (button) showed [8c 6h] and lost with One pair : Queens


Winamax Poker - Tournament "Expresso Nitro" buyIn: 0.93€ + 0.07€ level: 4 - HandId: #2689816237982089217-11-1674653839 - Holdem no limit (30/60) - 2023/01/25 13:37:19 UTC
Table: 'Expresso Nitro(626271646)#0' 3-max (real money) Seat #1 is the button
Seat 1: _SKR (410)
Seat 2: Sosoc43 (490)
*** ANTE/BLINDS ***
_SKR posts small blind 30
Sosoc43 posts big blind 60
Dealt to _SKR [Qh 8s]
*** PRE-FLOP *** 
_SKR raises 350 to 410 and is all-in
Sosoc43 folds
_SKR collected 470 from pot
*** SUMMARY ***
Total pot 470 | No rake
Seat 1: _SKR (small blind) (button) won 470


Winamax Poker - Tournament "Expresso Nitro" buyIn: 0.93€ + 0.07€ level: 4 - HandId: #2689816237982089217-12-1674653845 - Holdem no limit (30/60) - 2023/01/25 13:37:25 UTC
Table: 'Expresso Nitro(626271646)#0' 3-max (real money) Seat #2 is the button
Seat 1: _SKR (470)
Seat 2: Sosoc43 (430)
*** ANTE/BLINDS ***
Sosoc43 posts small blind 30
_SKR posts big blind 60
Dealt to _SKR [4c Qd]
*** PRE-FLOP *** 
Sosoc43 calls 30
_SKR checks
*** FLOP *** [4s Td 9d]
_SKR checks
Sosoc43 bets 370 and is all-in
_SKR folds
Sosoc43 collected 490 from pot
*** SUMMARY ***
Total pot 490 | No rake
Board: [4s Td 9d]
Seat 2: Sosoc43 (small blind) (button) won 490


Winamax Poker - Tournament "Expresso Nitro" buyIn: 0.93€ + 0.07€ level: 4 - HandId: #2689816237982089217-13-1674653866 - Holdem no limit (30/60) - 2023/01/25 13:37:46 UTC
Table: 'Expresso Nitro(626271646)#0' 3-max (real money) Seat #1 is the button
Seat 1: _SKR (410)
Seat 2: Sosoc43 (490)
*** ANTE/BLINDS ***
_SKR posts small blind 30
Sosoc43 posts big blind 60
Dealt to _SKR [Ts 9s]
*** PRE-FLOP *** 
_SKR raises 350 to 410 and is all-in
Sosoc43 folds
_SKR collected 470 from pot
*** SUMMARY ***
Total pot 470 | No rake
Seat 1: _SKR (small blind) (button) won 470


Winamax Poker - Tournament "Expresso Nitro" buyIn: 0.93€ + 0.07€ level: 5 - HandId: #2689816237982089217-14-1674653881 - Holdem no limit (40/80) - 2023/01/25 13:38:01 UTC
Table: 'Expresso Nitro(626271646)#0' 3-max (real money) Seat #2 is the button
Seat 1: _SKR (470)
Seat 2: Sosoc43 (430)
*** ANTE/BLINDS ***
Sosoc43 posts small blind 40
_SKR posts big blind 80
Dealt to _SKR [4s 7h]
*** PRE-FLOP *** 
Sosoc43 calls 40
_SKR checks
*** FLOP *** [4d 7c 6d]
_SKR bets 80
Sosoc43 raises 270 to 350 and is all-in
_SKR calls 270
*** TURN *** [4d 7c 6d][3s]
*** RIVER *** [4d 7c 6d 3s][Tc]
*** SHOW DOWN ***
Sosoc43 shows [9d Qd] (High card : Queen)
_SKR shows [4s 7h] (Two pairs : 7 and 4)
_SKR collected 860 from pot
*** SUMMARY ***
Total pot 860 | No rake
Board: [4d 7c 6d 3s Tc]
Seat 1: _SKR (big blind) showed [4s 7h] and won 860 with Two pairs : 7 and 4
Seat 2: Sosoc43 (small blind) (button) showed [9d Qd] and lost with High card : Queen


