Winamax Poker - Tournament "Expresso Nitro" buyIn: 0.93€ + 0.07€ level: 1 - HandId: #2661421431799152641-1-1673012424 - Holdem no limit (10/20) - 2023/01/06 13:40:24 UTC
Table: 'Expresso Nitro(619660465)#0' 3-max (real money) Seat #3 is the button
Seat 1: migantel0 (300)
Seat 2: chris1k2plus (300)
Seat 3: _SKR (300)
*** ANTE/BLINDS ***
migantel0 posts small blind 10
chris1k2plus posts big blind 20
Dealt to _SKR [7h 9c]
*** PRE-FLOP *** 
_SKR folds
migantel0 folds
chris1k2plus collected 30 from pot
*** SUMMARY ***
Total pot 30 | No rake
Seat 2: chris1k2plus (big blind) won 30


Winamax Poker - Tournament "Expresso Nitro" buyIn: 0.93€ + 0.07€ level: 1 - HandId: #2661421431799152641-2-1673012429 - Holdem no limit (10/20) - 2023/01/06 13:40:29 UTC
Table: 'Expresso Nitro(619660465)#0' 3-max (real money) Seat #1 is the button
Seat 1: migantel0 (290)
Seat 2: chris1k2plus (310)
Seat 3: _SKR (300)
*** ANTE/BLINDS ***
chris1k2plus posts small blind 10
_SKR posts big blind 20
Dealt to _SKR [Qc 4h]
*** PRE-FLOP *** 
migantel0 raises 20 to 40
chris1k2plus folds
_SKR folds
migantel0 collected 70 from pot
*** SUMMARY ***
Total pot 70 | No rake
Seat 1: migantel0 (button) won 70


Winamax Poker - Tournament "Expresso Nitro" buyIn: 0.93€ + 0.07€ level: 1 - HandId: #2661421431799152641-3-1673012444 - Holdem no limit (10/20) - 2023/01/06 13:40:44 UTC
Table: 'Expresso Nitro(619660465)#0' 3-max (real money) Seat #2 is the button
Seat 1: migantel0 (320)
Seat 2: chris1k2plus (300)
Seat 3: _SKR (280)
*** ANTE/BLINDS ***
_SKR posts small blind 10
migantel0 posts big blind 20
Dealt to _SKR [4s 5s]
*** PRE-FLOP *** 
chris1k2plus calls 20
_SKR folds
migantel0 checks
*** FLOP *** [Qd 4h 7s]
migantel0 checks
chris1k2plus checks
*** TURN *** [Qd 4h 7s][9d]
migantel0 checks
chris1k2plus checks
*** RIVER *** [Qd 4h 7s 9d][3c]
migantel0 checks
chris1k2plus checks
*** SHOW DOWN ***
migantel0 shows [Jc 2c] (High card : Queen)
chris1k2plus shows [2h Kh] (High card : King)
chris1k2plus collected 50 from pot
*** SUMMARY ***
Total pot 50 | No rake
Board: [Qd 4h 7s 9d 3c]
Seat 1: migantel0 (big blind) showed [Jc 2c] and lost with High card : Queen
Seat 2: chris1k2plus (button) showed [2h Kh] and won 50 with High card : King


Winamax Poker - Tournament "Expresso Nitro" buyIn: 0.93€ + 0.07€ level: 1 - HandId: #2661421431799152641-4-1673012474 - Holdem no limit (10/20) - 2023/01/06 13:41:14 UTC
Table: 'Expresso Nitro(619660465)#0' 3-max (real money) Seat #3 is the button
Seat 1: migantel0 (300)
Seat 2: chris1k2plus (330)
Seat 3: _SKR (270)
*** ANTE/BLINDS ***
migantel0 posts small blind 10
chris1k2plus posts big blind 20
Dealt to _SKR [Th Ts]
*** PRE-FLOP *** 
_SKR raises 250 to 270 and is all-in
migantel0 folds
chris1k2plus folds
_SKR collected 300 from pot
*** SUMMARY ***
Total pot 300 | No rake
Seat 3: _SKR (button) won 300


Winamax Poker - Tournament "Expresso Nitro" buyIn: 0.93€ + 0.07€ level: 2 - HandId: #2661421431799152641-5-1673012481 - Holdem no limit (15/30) - 2023/01/06 13:41:21 UTC
Table: 'Expresso Nitro(619660465)#0' 3-max (real money) Seat #1 is the button
Seat 1: migantel0 (290)
Seat 2: chris1k2plus (310)
Seat 3: _SKR (300)
*** ANTE/BLINDS ***
chris1k2plus posts small blind 15
_SKR posts big blind 30
Dealt to _SKR [Kd 6h]
*** PRE-FLOP *** 
migantel0 raises 30 to 60
chris1k2plus folds
_SKR calls 30
*** FLOP *** [3c 8h 5c]
_SKR checks
migantel0 bets 30
_SKR folds
migantel0 collected 165 from pot
*** SUMMARY ***
Total pot 165 | No rake
Board: [3c 8h 5c]
Seat 1: migantel0 (button) won 165


Winamax Poker - Tournament "Expresso Nitro" buyIn: 0.93€ + 0.07€ level: 2 - HandId: #2661421431799152641-6-1673012516 - Holdem no limit (15/30) - 2023/01/06 13:41:56 UTC
Table: 'Expresso Nitro(619660465)#0' 3-max (real money) Seat #2 is the button
Seat 1: migantel0 (365)
Seat 2: chris1k2plus (295)
Seat 3: _SKR (240)
*** ANTE/BLINDS ***
_SKR posts small blind 15
migantel0 posts big blind 30
Dealt to _SKR [7h 8s]
*** PRE-FLOP *** 
chris1k2plus folds
_SKR folds
migantel0 collected 45 from pot
*** SUMMARY ***
Total pot 45 | No rake
Seat 1: migantel0 (big blind) won 45


Winamax Poker - Tournament "Expresso Nitro" buyIn: 0.93€ + 0.07€ level: 2 - HandId: #2661421431799152641-7-1673012527 - Holdem no limit (15/30) - 2023/01/06 13:42:07 UTC
Table: 'Expresso Nitro(619660465)#0' 3-max (real money) Seat #3 is the button
Seat 1: migantel0 (380)
Seat 2: chris1k2plus (295)
Seat 3: _SKR (225)
*** ANTE/BLINDS ***
migantel0 posts small blind 15
chris1k2plus posts big blind 30
Dealt to _SKR [Tc Kd]
*** PRE-FLOP *** 
_SKR raises 195 to 225 and is all-in
migantel0 raises 155 to 380 and is all-in
chris1k2plus folds
*** FLOP *** [4c 5c Jd]
*** TURN *** [4c 5c Jd][Qc]
*** RIVER *** [4c 5c Jd Qc][3h]
*** SHOW DOWN ***
_SKR shows [Tc Kd] (High card : King)
migantel0 shows [Ac Qd] (One pair : Queens)
migantel0 collected 635 from pot
*** SUMMARY ***
Total pot 635 | No rake
Board: [4c 5c Jd Qc 3h]
Seat 1: migantel0 (small blind) showed [Ac Qd] and won 635 with One pair : Queens
Seat 3: _SKR (button) showed [Tc Kd] and lost with High card : King


