Winamax Poker - Tournament "Expresso Nitro" buyIn: 1.86€ + 0.14€ level: 1 - HandId: #2696914221194543105-1-1675103174 - Holdem no limit (10/20) - 2023/01/30 18:26:14 UTC
Table: 'Expresso Nitro(627924274)#0' 3-max (real money) Seat #1 is the button
Seat 1: _SKR (300)
Seat 2: kent1_azn (300)
Seat 3: Ly0nnais (300)
*** ANTE/BLINDS ***
kent1_azn posts small blind 10
Ly0nnais posts big blind 20
Dealt to _SKR [Jh Qd]
*** PRE-FLOP *** 
_SKR folds
kent1_azn calls 10
Ly0nnais raises 280 to 300 and is all-in
kent1_azn calls 280 and is all-in
*** FLOP *** [Td 9s 4h]
*** TURN *** [Td 9s 4h][5s]
*** RIVER *** [Td 9s 4h 5s][7c]
*** SHOW DOWN ***
kent1_azn shows [2h As] (High card : Ace)
Ly0nnais shows [2c 2s] (One pair : 2)
Ly0nnais collected 600 from pot
*** SUMMARY ***
Total pot 600 | No rake
Board: [Td 9s 4h 5s 7c]
Seat 2: kent1_azn (small blind) showed [2h As] and lost with High card : Ace
Seat 3: Ly0nnais (big blind) showed [2c 2s] and won 600 with One pair : 2


Winamax Poker - Tournament "Expresso Nitro" buyIn: 1.86€ + 0.14€ level: 1 - HandId: #2696914221194543105-2-1675103200 - Holdem no limit (10/20) - 2023/01/30 18:26:40 UTC
Table: 'Expresso Nitro(627924274)#0' 3-max (real money) Seat #3 is the button
Seat 1: _SKR (300)
Seat 3: Ly0nnais (600)
*** ANTE/BLINDS ***
Ly0nnais posts small blind 10
_SKR posts big blind 20
Dealt to _SKR [7d 7s]
*** PRE-FLOP *** 
Ly0nnais raises 30 to 50
_SKR raises 250 to 300 and is all-in
Ly0nnais calls 250
*** FLOP *** [3s 4s 7c]
*** TURN *** [3s 4s 7c][6s]
*** RIVER *** [3s 4s 7c 6s][Qd]
*** SHOW DOWN ***
Ly0nnais shows [Ah Js] (High card : Ace)
_SKR shows [7d 7s] (Trips of 7)
_SKR collected 600 from pot
*** SUMMARY ***
Total pot 600 | No rake
Board: [3s 4s 7c 6s Qd]
Seat 1: _SKR (big blind) showed [7d 7s] and won 600 with Trips of 7
Seat 3: Ly0nnais (small blind) (button) showed [Ah Js] and lost with High card : Ace


Winamax Poker - Tournament "Expresso Nitro" buyIn: 1.86€ + 0.14€ level: 1 - HandId: #2696914221194543105-3-1675103216 - Holdem no limit (10/20) - 2023/01/30 18:26:56 UTC
Table: 'Expresso Nitro(627924274)#0' 3-max (real money) Seat #1 is the button
Seat 1: _SKR (600)
Seat 3: Ly0nnais (300)
*** ANTE/BLINDS ***
_SKR posts small blind 10
Ly0nnais posts big blind 20
Dealt to _SKR [Jd 7c]
*** PRE-FLOP *** 
_SKR folds
Ly0nnais collected 30 from pot
*** SUMMARY ***
Total pot 30 | No rake
Seat 3: Ly0nnais (big blind) won 30


Winamax Poker - Tournament "Expresso Nitro" buyIn: 1.86€ + 0.14€ level: 1 - HandId: #2696914221194543105-4-1675103219 - Holdem no limit (10/20) - 2023/01/30 18:26:59 UTC
Table: 'Expresso Nitro(627924274)#0' 3-max (real money) Seat #3 is the button
Seat 1: _SKR (590)
Seat 3: Ly0nnais (310)
*** ANTE/BLINDS ***
Ly0nnais posts small blind 10
_SKR posts big blind 20
Dealt to _SKR [5d Ad]
*** PRE-FLOP *** 
Ly0nnais folds
_SKR collected 30 from pot
*** SUMMARY ***
Total pot 30 | No rake
Seat 1: _SKR (big blind) won 30


Winamax Poker - Tournament "Expresso Nitro" buyIn: 1.86€ + 0.14€ level: 1 - HandId: #2696914221194543105-5-1675103223 - Holdem no limit (10/20) - 2023/01/30 18:27:03 UTC
Table: 'Expresso Nitro(627924274)#0' 3-max (real money) Seat #1 is the button
Seat 1: _SKR (600)
Seat 3: Ly0nnais (300)
*** ANTE/BLINDS ***
_SKR posts small blind 10
Ly0nnais posts big blind 20
Dealt to _SKR [Th 8c]
*** PRE-FLOP *** 
_SKR folds
Ly0nnais collected 30 from pot
*** SUMMARY ***
Total pot 30 | No rake
Seat 3: Ly0nnais (big blind) won 30


Winamax Poker - Tournament "Expresso Nitro" buyIn: 1.86€ + 0.14€ level: 1 - HandId: #2696914221194543105-6-1675103228 - Holdem no limit (10/20) - 2023/01/30 18:27:08 UTC
Table: 'Expresso Nitro(627924274)#0' 3-max (real money) Seat #3 is the button
Seat 1: _SKR (590)
Seat 3: Ly0nnais (310)
*** ANTE/BLINDS ***
Ly0nnais posts small blind 10
_SKR posts big blind 20
Dealt to _SKR [5d Jd]
*** PRE-FLOP *** 
Ly0nnais folds
_SKR collected 30 from pot
*** SUMMARY ***
Total pot 30 | No rake
Seat 1: _SKR (big blind) won 30


Winamax Poker - Tournament "Expresso Nitro" buyIn: 1.86€ + 0.14€ level: 2 - HandId: #2696914221194543105-7-1675103231 - Holdem no limit (15/30) - 2023/01/30 18:27:11 UTC
Table: 'Expresso Nitro(627924274)#0' 3-max (real money) Seat #1 is the button
Seat 1: _SKR (600)
Seat 3: Ly0nnais (300)
*** ANTE/BLINDS ***
_SKR posts small blind 15
Ly0nnais posts big blind 30
Dealt to _SKR [6c Tc]
*** PRE-FLOP *** 
_SKR folds
Ly0nnais collected 45 from pot
*** SUMMARY ***
Total pot 45 | No rake
Seat 3: Ly0nnais (big blind) won 45


Winamax Poker - Tournament "Expresso Nitro" buyIn: 1.86€ + 0.14€ level: 2 - HandId: #2696914221194543105-8-1675103235 - Holdem no limit (15/30) - 2023/01/30 18:27:15 UTC
Table: 'Expresso Nitro(627924274)#0' 3-max (real money) Seat #3 is the button
Seat 1: _SKR (585)
Seat 3: Ly0nnais (315)
*** ANTE/BLINDS ***
Ly0nnais posts small blind 15
_SKR posts big blind 30
Dealt to _SKR [2h 5h]
*** PRE-FLOP *** 
Ly0nnais folds
_SKR collected 45 from pot
*** SUMMARY ***
Total pot 45 | No rake
Seat 1: _SKR (big blind) won 45


Winamax Poker - Tournament "Expresso Nitro" buyIn: 1.86€ + 0.14€ level: 2 - HandId: #2696914221194543105-9-1675103239 - Holdem no limit (15/30) - 2023/01/30 18:27:19 UTC
Table: 'Expresso Nitro(627924274)#0' 3-max (real money) Seat #1 is the button
Seat 1: _SKR (600)
Seat 3: Ly0nnais (300)
*** ANTE/BLINDS ***
_SKR posts small blind 15
Ly0nnais posts big blind 30
Dealt to _SKR [6c Js]
*** PRE-FLOP *** 
_SKR folds
Ly0nnais collected 45 from pot
*** SUMMARY ***
Total pot 45 | No rake
Seat 3: Ly0nnais (big blind) won 45


Winamax Poker - Tournament "Expresso Nitro" buyIn: 1.86€ + 0.14€ level: 2 - HandId: #2696914221194543105-10-1675103242 - Holdem no limit (15/30) - 2023/01/30 18:27:22 UTC
Table: 'Expresso Nitro(627924274)#0' 3-max (real money) Seat #3 is the button
Seat 1: _SKR (585)
Seat 3: Ly0nnais (315)
*** ANTE/BLINDS ***
Ly0nnais posts small blind 15
_SKR posts big blind 30
Dealt to _SKR [Qh Td]
*** PRE-FLOP *** 
Ly0nnais folds
_SKR collected 45 from pot
*** SUMMARY ***
Total pot 45 | No rake
Seat 1: _SKR (big blind) won 45


Winamax Poker - Tournament "Expresso Nitro" buyIn: 1.86€ + 0.14€ level: 2 - HandId: #2696914221194543105-11-1675103246 - Holdem no limit (15/30) - 2023/01/30 18:27:26 UTC
Table: 'Expresso Nitro(627924274)#0' 3-max (real money) Seat #1 is the button
Seat 1: _SKR (600)
Seat 3: Ly0nnais (300)
*** ANTE/BLINDS ***
_SKR posts small blind 15
Ly0nnais posts big blind 30
Dealt to _SKR [3d 6h]
*** PRE-FLOP *** 
_SKR folds
Ly0nnais collected 45 from pot
*** SUMMARY ***
Total pot 45 | No rake
Seat 3: Ly0nnais (big blind) won 45


Winamax Poker - Tournament "Expresso Nitro" buyIn: 1.86€ + 0.14€ level: 2 - HandId: #2696914221194543105-12-1675103249 - Holdem no limit (15/30) - 2023/01/30 18:27:29 UTC
Table: 'Expresso Nitro(627924274)#0' 3-max (real money) Seat #3 is the button
Seat 1: _SKR (585)
Seat 3: Ly0nnais (315)
*** ANTE/BLINDS ***
Ly0nnais posts small blind 15
_SKR posts big blind 30
Dealt to _SKR [Qc 3h]
*** PRE-FLOP *** 
Ly0nnais raises 285 to 315 and is all-in
_SKR folds
Ly0nnais collected 345 from pot
*** SUMMARY ***
Total pot 345 | No rake
Seat 3: Ly0nnais (small blind) (button) won 345


Winamax Poker - Tournament "Expresso Nitro" buyIn: 1.86€ + 0.14€ level: 2 - HandId: #2696914221194543105-13-1675103255 - Holdem no limit (15/30) - 2023/01/30 18:27:35 UTC
Table: 'Expresso Nitro(627924274)#0' 3-max (real money) Seat #1 is the button
Seat 1: _SKR (555)
Seat 3: Ly0nnais (345)
*** ANTE/BLINDS ***
_SKR posts small blind 15
Ly0nnais posts big blind 30
Dealt to _SKR [Ts 9c]
*** PRE-FLOP *** 
_SKR folds
Ly0nnais collected 45 from pot
*** SUMMARY ***
Total pot 45 | No rake
Seat 3: Ly0nnais (big blind) won 45


Winamax Poker - Tournament "Expresso Nitro" buyIn: 1.86€ + 0.14€ level: 2 - HandId: #2696914221194543105-14-1675103260 - Holdem no limit (15/30) - 2023/01/30 18:27:40 UTC
Table: 'Expresso Nitro(627924274)#0' 3-max (real money) Seat #3 is the button
Seat 1: _SKR (540)
Seat 3: Ly0nnais (360)
*** ANTE/BLINDS ***
Ly0nnais posts small blind 15
_SKR posts big blind 30
Dealt to _SKR [Qh 9c]
*** PRE-FLOP *** 
Ly0nnais raises 330 to 360 and is all-in
_SKR folds
Ly0nnais collected 390 from pot
*** SUMMARY ***
Total pot 390 | No rake
Seat 3: Ly0nnais (small blind) (button) won 390


Winamax Poker - Tournament "Expresso Nitro" buyIn: 1.86€ + 0.14€ level: 2 - HandId: #2696914221194543105-15-1675103266 - Holdem no limit (15/30) - 2023/01/30 18:27:46 UTC
Table: 'Expresso Nitro(627924274)#0' 3-max (real money) Seat #1 is the button
Seat 1: _SKR (510)
Seat 3: Ly0nnais (390)
*** ANTE/BLINDS ***
_SKR posts small blind 15
Ly0nnais posts big blind 30
Dealt to _SKR [Ad 2h]
*** PRE-FLOP *** 
_SKR raises 480 to 510 and is all-in
Ly0nnais folds
_SKR collected 540 from pot
*** SUMMARY ***
Total pot 540 | No rake
Seat 1: _SKR (small blind) (button) won 540


Winamax Poker - Tournament "Expresso Nitro" buyIn: 1.86€ + 0.14€ level: 2 - HandId: #2696914221194543105-16-1675103272 - Holdem no limit (15/30) - 2023/01/30 18:27:52 UTC
Table: 'Expresso Nitro(627924274)#0' 3-max (real money) Seat #3 is the button
Seat 1: _SKR (540)
Seat 3: Ly0nnais (360)
*** ANTE/BLINDS ***
Ly0nnais posts small blind 15
_SKR posts big blind 30
Dealt to _SKR [6c Qc]
*** PRE-FLOP *** 
Ly0nnais folds
_SKR collected 45 from pot
*** SUMMARY ***
Total pot 45 | No rake
Seat 1: _SKR (big blind) won 45


Winamax Poker - Tournament "Expresso Nitro" buyIn: 1.86€ + 0.14€ level: 2 - HandId: #2696914221194543105-17-1675103275 - Holdem no limit (15/30) - 2023/01/30 18:27:55 UTC
Table: 'Expresso Nitro(627924274)#0' 3-max (real money) Seat #1 is the button
Seat 1: _SKR (555)
Seat 3: Ly0nnais (345)
*** ANTE/BLINDS ***
_SKR posts small blind 15
Ly0nnais posts big blind 30
Dealt to _SKR [6d 4h]
*** PRE-FLOP *** 
_SKR folds
Ly0nnais collected 45 from pot
*** SUMMARY ***
Total pot 45 | No rake
Seat 3: Ly0nnais (big blind) won 45


Winamax Poker - Tournament "Expresso Nitro" buyIn: 1.86€ + 0.14€ level: 2 - HandId: #2696914221194543105-18-1675103279 - Holdem no limit (15/30) - 2023/01/30 18:27:59 UTC
Table: 'Expresso Nitro(627924274)#0' 3-max (real money) Seat #3 is the button
Seat 1: _SKR (540)
Seat 3: Ly0nnais (360)
*** ANTE/BLINDS ***
Ly0nnais posts small blind 15
_SKR posts big blind 30
Dealt to _SKR [Ah Ts]
*** PRE-FLOP *** 
Ly0nnais raises 330 to 360 and is all-in
_SKR calls 330
*** FLOP *** [6s 4s Kc]
*** TURN *** [6s 4s Kc][3h]
*** RIVER *** [6s 4s Kc 3h][Tc]
*** SHOW DOWN ***
Ly0nnais shows [Td Qd] (One pair : Tens)
_SKR shows [Ah Ts] (One pair : Tens)
_SKR collected 720 from pot
*** SUMMARY ***
Total pot 720 | No rake
Board: [6s 4s Kc 3h Tc]
Seat 1: _SKR (big blind) showed [Ah Ts] and won 720 with One pair : Tens
Seat 3: Ly0nnais (small blind) (button) showed [Td Qd] and lost with One pair : Tens


