Winamax Poker - Tournament "Expresso Nitro" buyIn: 0.93€ + 0.07€ level: 1 - HandId: #2717613923451797505-1-1676228924 - Holdem no limit (10/20) - 2023/02/12 19:08:44 UTC
Table: 'Expresso Nitro(632743799)#0' 3-max (real money) Seat #1 is the button
Seat 1: Papily48 (300)
Seat 2: _SKR (300)
Seat 3: Zlatan60100i (300)
*** ANTE/BLINDS ***
_SKR posts small blind 10
Zlatan60100i posts big blind 20
Dealt to _SKR [5h Qc]
*** PRE-FLOP *** 
Papily48 folds
_SKR folds
Zlatan60100i collected 30 from pot
*** SUMMARY ***
Total pot 30 | No rake
Seat 3: Zlatan60100i (big blind) won 30


Winamax Poker - Tournament "Expresso Nitro" buyIn: 0.93€ + 0.07€ level: 1 - HandId: #2717613923451797505-2-1676228940 - Holdem no limit (10/20) - 2023/02/12 19:09:00 UTC
Table: 'Expresso Nitro(632743799)#0' 3-max (real money) Seat #2 is the button
Seat 1: Papily48 (300)
Seat 2: _SKR (290)
Seat 3: Zlatan60100i (310)
*** ANTE/BLINDS ***
Zlatan60100i posts small blind 10
Papily48 posts big blind 20
Dealt to _SKR [Tc 7s]
*** PRE-FLOP *** 
_SKR folds
Zlatan60100i calls 10
Papily48 raises 280 to 300 and is all-in
Zlatan60100i folds
Papily48 collected 320 from pot
*** SUMMARY ***
Total pot 320 | No rake
Seat 1: Papily48 (big blind) won 320


Winamax Poker - Tournament "Expresso Nitro" buyIn: 0.93€ + 0.07€ level: 1 - HandId: #2717613923451797505-3-1676228955 - Holdem no limit (10/20) - 2023/02/12 19:09:15 UTC
Table: 'Expresso Nitro(632743799)#0' 3-max (real money) Seat #3 is the button
Seat 1: Papily48 (320)
Seat 2: _SKR (290)
Seat 3: Zlatan60100i (290)
*** ANTE/BLINDS ***
Papily48 posts small blind 10
_SKR posts big blind 20
Dealt to _SKR [Qh 3c]
*** PRE-FLOP *** 
Zlatan60100i folds
Papily48 folds
_SKR collected 30 from pot
*** SUMMARY ***
Total pot 30 | No rake
Seat 2: _SKR (big blind) won 30


Winamax Poker - Tournament "Expresso Nitro" buyIn: 0.93€ + 0.07€ level: 1 - HandId: #2717613923451797505-4-1676228971 - Holdem no limit (10/20) - 2023/02/12 19:09:31 UTC
Table: 'Expresso Nitro(632743799)#0' 3-max (real money) Seat #1 is the button
Seat 1: Papily48 (310)
Seat 2: _SKR (300)
Seat 3: Zlatan60100i (290)
*** ANTE/BLINDS ***
_SKR posts small blind 10
Zlatan60100i posts big blind 20
Dealt to _SKR [9c 7d]
*** PRE-FLOP *** 
Papily48 raises 20 to 40
_SKR folds
Zlatan60100i calls 20
*** FLOP *** [3s Kd Ac]
Zlatan60100i checks
Papily48 checks
*** TURN *** [3s Kd Ac][Kc]
Zlatan60100i checks
Papily48 checks
*** RIVER *** [3s Kd Ac Kc][4s]
Zlatan60100i checks
Papily48 bets 40
Zlatan60100i folds
Papily48 collected 130 from pot
*** SUMMARY ***
Total pot 130 | No rake
Board: [3s Kd Ac Kc 4s]
Seat 1: Papily48 (button) won 130


Winamax Poker - Tournament "Expresso Nitro" buyIn: 0.93€ + 0.07€ level: 2 - HandId: #2717613923451797505-5-1676228999 - Holdem no limit (15/30) - 2023/02/12 19:09:59 UTC
Table: 'Expresso Nitro(632743799)#0' 3-max (real money) Seat #2 is the button
Seat 1: Papily48 (360)
Seat 2: _SKR (290)
Seat 3: Zlatan60100i (250)
*** ANTE/BLINDS ***
Zlatan60100i posts small blind 15
Papily48 posts big blind 30
Dealt to _SKR [Js As]
*** PRE-FLOP *** 
_SKR raises 260 to 290 and is all-in
Zlatan60100i calls 235 and is all-in
Papily48 folds
*** FLOP *** [5c 3d 9h]
*** TURN *** [5c 3d 9h][4c]
*** RIVER *** [5c 3d 9h 4c][Ts]
*** SHOW DOWN ***
_SKR shows [Js As] (High card : Ace)
Zlatan60100i shows [Kc Td] (One pair : Tens)
Zlatan60100i collected 530 from main pot
_SKR collected 40 from side pot 1
*** SUMMARY ***
Total pot 570 | No rake
Board: [5c 3d 9h 4c Ts]
Seat 2: _SKR (button) showed [Js As] and won 40 with High card : Ace
Seat 3: Zlatan60100i (small blind) showed [Kc Td] and won 530 with One pair : Tens


Winamax Poker - Tournament "Expresso Nitro" buyIn: 0.93€ + 0.07€ level: 2 - HandId: #2717613923451797505-6-1676229012 - Holdem no limit (15/30) - 2023/02/12 19:10:12 UTC
Table: 'Expresso Nitro(632743799)#0' 3-max (real money) Seat #3 is the button
Seat 1: Papily48 (330)
Seat 2: _SKR (40)
Seat 3: Zlatan60100i (530)
*** ANTE/BLINDS ***
Papily48 posts small blind 15
_SKR posts big blind 30
Dealt to _SKR [5h 7s]
*** PRE-FLOP *** 
Zlatan60100i raises 500 to 530 and is all-in
Papily48 calls 315 and is all-in
_SKR folds
*** FLOP *** [7d 6s 8c]
*** TURN *** [7d 6s 8c][Qd]
*** RIVER *** [7d 6s 8c Qd][8s]
*** SHOW DOWN ***
Papily48 shows [3s Ac] (One pair : 8)
Zlatan60100i shows [Th Jd] (One pair : 8)
Zlatan60100i collected 200 from side pot 1
Papily48 collected 690 from main pot
*** SUMMARY ***
Total pot 890 | No rake
Board: [7d 6s 8c Qd 8s]
Seat 1: Papily48 (small blind) showed [3s Ac] and won 690 with One pair : 8
Seat 3: Zlatan60100i (button) showed [Th Jd] and won 200 with One pair : 8


Winamax Poker - Tournament "Expresso Nitro" buyIn: 0.93€ + 0.07€ level: 2 - HandId: #2717613923451797505-7-1676229028 - Holdem no limit (15/30) - 2023/02/12 19:10:28 UTC
Table: 'Expresso Nitro(632743799)#0' 3-max (real money) Seat #1 is the button
Seat 1: Papily48 (690)
Seat 2: _SKR (10)
Seat 3: Zlatan60100i (200)
*** ANTE/BLINDS ***
_SKR posts small blind 10 and is all-in
Zlatan60100i posts big blind 30
Dealt to _SKR [3s 6d]
*** PRE-FLOP *** 
Papily48 raises 660 to 690 and is all-in
Zlatan60100i folds
*** FLOP *** [Qc Ks As]
*** TURN *** [Qc Ks As][4h]
*** RIVER *** [Qc Ks As 4h][8h]
*** SHOW DOWN ***
_SKR shows [3s 6d] (High card : Ace)
Papily48 shows [7s 8s] (One pair : 8)
Papily48 collected 730 from pot
*** SUMMARY ***
Total pot 730 | No rake
Board: [Qc Ks As 4h 8h]
Seat 1: Papily48 (button) showed [7s 8s] and won 730 with One pair : 8
Seat 2: _SKR (small blind) showed [3s 6d] and lost with High card : Ace


