Winamax Poker - Tournament "Expresso Nitro" buyIn: 1.86€ + 0.14€ level: 1 - HandId: #2695165744303308801-1-1674997513 - Holdem no limit (10/20) - 2023/01/29 13:05:13 UTC
Table: 'Expresso Nitro(627517175)#0' 3-max (real money) Seat #2 is the button
Seat 1: Vicieux-2873 (300)
Seat 2: _SKR (300)
Seat 3: LilTkon (300)
*** ANTE/BLINDS ***
LilTkon posts small blind 10
Vicieux-2873 posts big blind 20
Dealt to _SKR [Qs 9c]
*** PRE-FLOP *** 
_SKR folds
LilTkon raises 40 to 60
Vicieux-2873 calls 40
*** FLOP *** [Ks Ad 8h]
LilTkon checks
Vicieux-2873 checks
*** TURN *** [Ks Ad 8h][Ah]
LilTkon bets 20
Vicieux-2873 calls 20
*** RIVER *** [Ks Ad 8h Ah][4d]
LilTkon bets 160
Vicieux-2873 folds
LilTkon collected 320 from pot
*** SUMMARY ***
Total pot 320 | No rake
Board: [Ks Ad 8h Ah 4d]
Seat 3: LilTkon (small blind) won 320


Winamax Poker - Tournament "Expresso Nitro" buyIn: 1.86€ + 0.14€ level: 1 - HandId: #2695165744303308801-2-1674997533 - Holdem no limit (10/20) - 2023/01/29 13:05:33 UTC
Table: 'Expresso Nitro(627517175)#0' 3-max (real money) Seat #3 is the button
Seat 1: Vicieux-2873 (220)
Seat 2: _SKR (300)
Seat 3: LilTkon (380)
*** ANTE/BLINDS ***
Vicieux-2873 posts small blind 10
_SKR posts big blind 20
Dealt to _SKR [3s 5h]
*** PRE-FLOP *** 
LilTkon calls 20
Vicieux-2873 folds
_SKR checks
*** FLOP *** [Qd 7c 3c]
_SKR checks
LilTkon bets 20
_SKR folds
LilTkon collected 70 from pot
*** SUMMARY ***
Total pot 70 | No rake
Board: [Qd 7c 3c]
Seat 3: LilTkon (button) won 70


Winamax Poker - Tournament "Expresso Nitro" buyIn: 1.86€ + 0.14€ level: 1 - HandId: #2695165744303308801-3-1674997547 - Holdem no limit (10/20) - 2023/01/29 13:05:47 UTC
Table: 'Expresso Nitro(627517175)#0' 3-max (real money) Seat #1 is the button
Seat 1: Vicieux-2873 (210)
Seat 2: _SKR (280)
Seat 3: LilTkon (410)
*** ANTE/BLINDS ***
_SKR posts small blind 10
LilTkon posts big blind 20
Dealt to _SKR [3h 4h]
*** PRE-FLOP *** 
Vicieux-2873 raises 190 to 210 and is all-in
_SKR folds
LilTkon folds
Vicieux-2873 collected 240 from pot
*** SUMMARY ***
Total pot 240 | No rake
Seat 1: Vicieux-2873 (button) won 240


Winamax Poker - Tournament "Expresso Nitro" buyIn: 1.86€ + 0.14€ level: 1 - HandId: #2695165744303308801-4-1674997553 - Holdem no limit (10/20) - 2023/01/29 13:05:53 UTC
Table: 'Expresso Nitro(627517175)#0' 3-max (real money) Seat #2 is the button
Seat 1: Vicieux-2873 (240)
Seat 2: _SKR (270)
Seat 3: LilTkon (390)
*** ANTE/BLINDS ***
LilTkon posts small blind 10
Vicieux-2873 posts big blind 20
Dealt to _SKR [5c 3h]
*** PRE-FLOP *** 
_SKR folds
LilTkon raises 40 to 60
Vicieux-2873 calls 40
*** FLOP *** [Ac 8c 3s]
LilTkon bets 42
Vicieux-2873 calls 42
*** TURN *** [Ac 8c 3s][Ks]
LilTkon bets 20
Vicieux-2873 raises 118 to 138 and is all-in
LilTkon calls 118
*** RIVER *** [Ac 8c 3s Ks][2d]
*** SHOW DOWN ***
LilTkon shows [Ts Th] (One pair : Tens)
Vicieux-2873 shows [Kh 8h] (Two pairs : Kings and 8)
Vicieux-2873 collected 480 from pot
*** SUMMARY ***
Total pot 480 | No rake
Board: [Ac 8c 3s Ks 2d]
Seat 1: Vicieux-2873 (big blind) showed [Kh 8h] and won 480 with Two pairs : Kings and 8
Seat 3: LilTkon (small blind) showed [Ts Th] and lost with One pair : Tens


Winamax Poker - Tournament "Expresso Nitro" buyIn: 1.86€ + 0.14€ level: 2 - HandId: #2695165744303308801-5-1674997576 - Holdem no limit (15/30) - 2023/01/29 13:06:16 UTC
Table: 'Expresso Nitro(627517175)#0' 3-max (real money) Seat #3 is the button
Seat 1: Vicieux-2873 (480)
Seat 2: _SKR (270)
Seat 3: LilTkon (150)
*** ANTE/BLINDS ***
Vicieux-2873 posts small blind 15
_SKR posts big blind 30
Dealt to _SKR [Jd 4c]
*** PRE-FLOP *** 
LilTkon raises 120 to 150 and is all-in
Vicieux-2873 raises 330 to 480 and is all-in
_SKR folds
*** FLOP *** [5h Qh 5d]
*** TURN *** [5h Qh 5d][Td]
*** RIVER *** [5h Qh 5d Td][2d]
*** SHOW DOWN ***
LilTkon shows [Js Ks] (One pair : 5)
Vicieux-2873 shows [Qs Ad] (Two pairs : Queens and 5)
Vicieux-2873 collected 660 from pot
*** SUMMARY ***
Total pot 660 | No rake
Board: [5h Qh 5d Td 2d]
Seat 1: Vicieux-2873 (small blind) showed [Qs Ad] and won 660 with Two pairs : Queens and 5
Seat 3: LilTkon (button) showed [Js Ks] and lost with One pair : 5


Winamax Poker - Tournament "Expresso Nitro" buyIn: 1.86€ + 0.14€ level: 2 - HandId: #2695165744303308801-6-1674997597 - Holdem no limit (15/30) - 2023/01/29 13:06:37 UTC
Table: 'Expresso Nitro(627517175)#0' 3-max (real money) Seat #2 is the button
Seat 1: Vicieux-2873 (660)
Seat 2: _SKR (240)
*** ANTE/BLINDS ***
_SKR posts small blind 15
Vicieux-2873 posts big blind 30
Dealt to _SKR [Jc Qh]
*** PRE-FLOP *** 
_SKR raises 210 to 240 and is all-in
Vicieux-2873 folds
_SKR collected 270 from pot
*** SUMMARY ***
Total pot 270 | No rake
Seat 2: _SKR (small blind) (button) won 270


Winamax Poker - Tournament "Expresso Nitro" buyIn: 1.86€ + 0.14€ level: 2 - HandId: #2695165744303308801-7-1674997620 - Holdem no limit (15/30) - 2023/01/29 13:07:00 UTC
Table: 'Expresso Nitro(627517175)#0' 3-max (real money) Seat #1 is the button
Seat 1: Vicieux-2873 (630)
Seat 2: _SKR (270)
*** ANTE/BLINDS ***
Vicieux-2873 posts small blind 15
_SKR posts big blind 30
Dealt to _SKR [5h 8d]
*** PRE-FLOP *** 
Vicieux-2873 folds
_SKR collected 45 from pot
*** SUMMARY ***
Total pot 45 | No rake
Seat 2: _SKR (big blind) won 45


Winamax Poker - Tournament "Expresso Nitro" buyIn: 1.86€ + 0.14€ level: 2 - HandId: #2695165744303308801-8-1674997623 - Holdem no limit (15/30) - 2023/01/29 13:07:03 UTC
Table: 'Expresso Nitro(627517175)#0' 3-max (real money) Seat #2 is the button
Seat 1: Vicieux-2873 (615)
Seat 2: _SKR (285)
*** ANTE/BLINDS ***
_SKR posts small blind 15
Vicieux-2873 posts big blind 30
Dealt to _SKR [6s 9s]
*** PRE-FLOP *** 
_SKR folds
Vicieux-2873 collected 45 from pot
*** SUMMARY ***
Total pot 45 | No rake
Seat 1: Vicieux-2873 (big blind) won 45


Winamax Poker - Tournament "Expresso Nitro" buyIn: 1.86€ + 0.14€ level: 2 - HandId: #2695165744303308801-9-1674997628 - Holdem no limit (15/30) - 2023/01/29 13:07:08 UTC
Table: 'Expresso Nitro(627517175)#0' 3-max (real money) Seat #1 is the button
Seat 1: Vicieux-2873 (630)
Seat 2: _SKR (270)
*** ANTE/BLINDS ***
Vicieux-2873 posts small blind 15
_SKR posts big blind 30
Dealt to _SKR [9h 5d]
*** PRE-FLOP *** 
Vicieux-2873 calls 15
_SKR checks
*** FLOP *** [6d Kc 7h]
_SKR checks
Vicieux-2873 bets 39
_SKR folds
Vicieux-2873 collected 99 from pot
*** SUMMARY ***
Total pot 99 | No rake
Board: [6d Kc 7h]
Seat 1: Vicieux-2873 (small blind) (button) won 99


Winamax Poker - Tournament "Expresso Nitro" buyIn: 1.86€ + 0.14€ level: 3 - HandId: #2695165744303308801-10-1674997651 - Holdem no limit (20/40) - 2023/01/29 13:07:31 UTC
Table: 'Expresso Nitro(627517175)#0' 3-max (real money) Seat #2 is the button
Seat 1: Vicieux-2873 (660)
Seat 2: _SKR (240)
*** ANTE/BLINDS ***
_SKR posts small blind 20
Vicieux-2873 posts big blind 40
Dealt to _SKR [3c Ts]
*** PRE-FLOP *** 
_SKR folds
Vicieux-2873 collected 60 from pot
*** SUMMARY ***
Total pot 60 | No rake
Seat 1: Vicieux-2873 (big blind) won 60


Winamax Poker - Tournament "Expresso Nitro" buyIn: 1.86€ + 0.14€ level: 3 - HandId: #2695165744303308801-11-1674997659 - Holdem no limit (20/40) - 2023/01/29 13:07:39 UTC
Table: 'Expresso Nitro(627517175)#0' 3-max (real money) Seat #1 is the button
Seat 1: Vicieux-2873 (680)
Seat 2: _SKR (220)
*** ANTE/BLINDS ***
Vicieux-2873 posts small blind 20
_SKR posts big blind 40
Dealt to _SKR [6h 7s]
*** PRE-FLOP *** 
Vicieux-2873 raises 640 to 680 and is all-in
_SKR folds
Vicieux-2873 collected 720 from pot
*** SUMMARY ***
Total pot 720 | No rake
Seat 1: Vicieux-2873 (small blind) (button) won 720


Winamax Poker - Tournament "Expresso Nitro" buyIn: 1.86€ + 0.14€ level: 3 - HandId: #2695165744303308801-12-1674997666 - Holdem no limit (20/40) - 2023/01/29 13:07:46 UTC
Table: 'Expresso Nitro(627517175)#0' 3-max (real money) Seat #2 is the button
Seat 1: Vicieux-2873 (720)
Seat 2: _SKR (180)
*** ANTE/BLINDS ***
_SKR posts small blind 20
Vicieux-2873 posts big blind 40
Dealt to _SKR [5s 8c]
*** PRE-FLOP *** 
_SKR folds
Vicieux-2873 collected 60 from pot
*** SUMMARY ***
Total pot 60 | No rake
Seat 1: Vicieux-2873 (big blind) won 60


Winamax Poker - Tournament "Expresso Nitro" buyIn: 1.86€ + 0.14€ level: 3 - HandId: #2695165744303308801-13-1674997672 - Holdem no limit (20/40) - 2023/01/29 13:07:52 UTC
Table: 'Expresso Nitro(627517175)#0' 3-max (real money) Seat #1 is the button
Seat 1: Vicieux-2873 (740)
Seat 2: _SKR (160)
*** ANTE/BLINDS ***
Vicieux-2873 posts small blind 20
_SKR posts big blind 40
Dealt to _SKR [Th Qs]
*** PRE-FLOP *** 
Vicieux-2873 folds
_SKR collected 60 from pot
*** SUMMARY ***
Total pot 60 | No rake
Seat 2: _SKR (big blind) won 60


Winamax Poker - Tournament "Expresso Nitro" buyIn: 1.86€ + 0.14€ level: 3 - HandId: #2695165744303308801-14-1674997681 - Holdem no limit (20/40) - 2023/01/29 13:08:01 UTC
Table: 'Expresso Nitro(627517175)#0' 3-max (real money) Seat #2 is the button
Seat 1: Vicieux-2873 (720)
Seat 2: _SKR (180)
*** ANTE/BLINDS ***
_SKR posts small blind 20
Vicieux-2873 posts big blind 40
Dealt to _SKR [Jh 5s]
*** PRE-FLOP *** 
_SKR raises 140 to 180 and is all-in
Vicieux-2873 folds
_SKR collected 220 from pot
*** SUMMARY ***
Total pot 220 | No rake
Seat 2: _SKR (small blind) (button) won 220


Winamax Poker - Tournament "Expresso Nitro" buyIn: 1.86€ + 0.14€ level: 4 - HandId: #2695165744303308801-15-1674997700 - Holdem no limit (30/60) - 2023/01/29 13:08:20 UTC
Table: 'Expresso Nitro(627517175)#0' 3-max (real money) Seat #1 is the button
Seat 1: Vicieux-2873 (680)
Seat 2: _SKR (220)
*** ANTE/BLINDS ***
Vicieux-2873 posts small blind 30
_SKR posts big blind 60
Dealt to _SKR [Jh Ac]
*** PRE-FLOP *** 
Vicieux-2873 raises 620 to 680 and is all-in
_SKR calls 160 and is all-in
*** FLOP *** [8d 3h 4s]
*** TURN *** [8d 3h 4s][7s]
*** RIVER *** [8d 3h 4s 7s][Qh]
*** SHOW DOWN ***
_SKR shows [Jh Ac] (High card : Ace)
Vicieux-2873 shows [8h 9h] (One pair : 8)
Vicieux-2873 collected 900 from pot
*** SUMMARY ***
Total pot 900 | No rake
Board: [8d 3h 4s 7s Qh]
Seat 1: Vicieux-2873 (small blind) (button) showed [8h 9h] and won 900 with One pair : 8
Seat 2: _SKR (big blind) showed [Jh Ac] and lost with High card : Ace


