Winamax Poker - Tournament "Expresso Nitro" buyIn: 1.86€ + 0.14€ level: 1 - HandId: #2695218258868436993-1-1675000543 - Holdem no limit (10/20) - 2023/01/29 13:55:43 UTC
Table: 'Expresso Nitro(627529402)#0' 3-max (real money) Seat #2 is the button
Seat 1: _SKR (300)
Seat 2: krilin95200 (300)
Seat 3: susscrofa 07 (300)
*** ANTE/BLINDS ***
susscrofa 07 posts small blind 10
_SKR posts big blind 20
Dealt to _SKR [5h Ah]
*** PRE-FLOP *** 
krilin95200 raises 280 to 300 and is all-in
susscrofa 07 calls 290 and is all-in
_SKR folds
*** FLOP *** [Td 8h As]
*** TURN *** [Td 8h As][8d]
*** RIVER *** [Td 8h As 8d][3d]
*** SHOW DOWN ***
susscrofa 07 shows [4h Ad] (Two pairs : Aces and 8)
krilin95200 shows [3c 3h] (Full of 3 and 8)
krilin95200 collected 620 from pot
*** SUMMARY ***
Total pot 620 | No rake
Board: [Td 8h As 8d 3d]
Seat 2: krilin95200 (button) showed [3c 3h] and won 620 with Full of 3 and 8
Seat 3: susscrofa 07 (small blind) showed [4h Ad] and lost with Two pairs : Aces and 8


Winamax Poker - Tournament "Expresso Nitro" buyIn: 1.86€ + 0.14€ level: 1 - HandId: #2695218258868436993-2-1675000563 - Holdem no limit (10/20) - 2023/01/29 13:56:03 UTC
Table: 'Expresso Nitro(627529402)#0' 3-max (real money) Seat #1 is the button
Seat 1: _SKR (280)
Seat 2: krilin95200 (620)
*** ANTE/BLINDS ***
_SKR posts small blind 10
krilin95200 posts big blind 20
Dealt to _SKR [Ad 5c]
*** PRE-FLOP *** 
_SKR raises 260 to 280 and is all-in
krilin95200 folds
_SKR collected 300 from pot
*** SUMMARY ***
Total pot 300 | No rake
Seat 1: _SKR (small blind) (button) won 300


Winamax Poker - Tournament "Expresso Nitro" buyIn: 1.86€ + 0.14€ level: 1 - HandId: #2695218258868436993-3-1675000572 - Holdem no limit (10/20) - 2023/01/29 13:56:12 UTC
Table: 'Expresso Nitro(627529402)#0' 3-max (real money) Seat #2 is the button
Seat 1: _SKR (300)
Seat 2: krilin95200 (600)
*** ANTE/BLINDS ***
krilin95200 posts small blind 10
_SKR posts big blind 20
Dealt to _SKR [2d 6s]
*** PRE-FLOP *** 
krilin95200 raises 20 to 40
_SKR folds
krilin95200 collected 60 from pot
*** SUMMARY ***
Total pot 60 | No rake
Seat 2: krilin95200 (small blind) (button) won 60


Winamax Poker - Tournament "Expresso Nitro" buyIn: 1.86€ + 0.14€ level: 1 - HandId: #2695218258868436993-4-1675000582 - Holdem no limit (10/20) - 2023/01/29 13:56:22 UTC
Table: 'Expresso Nitro(627529402)#0' 3-max (real money) Seat #1 is the button
Seat 1: _SKR (280)
Seat 2: krilin95200 (620)
*** ANTE/BLINDS ***
_SKR posts small blind 10
krilin95200 posts big blind 20
Dealt to _SKR [3h 9c]
*** PRE-FLOP *** 
_SKR folds
krilin95200 collected 30 from pot
*** SUMMARY ***
Total pot 30 | No rake
Seat 2: krilin95200 (big blind) won 30


Winamax Poker - Tournament "Expresso Nitro" buyIn: 1.86€ + 0.14€ level: 1 - HandId: #2695218258868436993-5-1675000588 - Holdem no limit (10/20) - 2023/01/29 13:56:28 UTC
Table: 'Expresso Nitro(627529402)#0' 3-max (real money) Seat #2 is the button
Seat 1: _SKR (270)
Seat 2: krilin95200 (630)
*** ANTE/BLINDS ***
krilin95200 posts small blind 10
_SKR posts big blind 20
Dealt to _SKR [9d As]
*** PRE-FLOP *** 
krilin95200 calls 10
_SKR raises 250 to 270 and is all-in
krilin95200 folds
_SKR collected 290 from pot
*** SUMMARY ***
Total pot 290 | No rake
Seat 1: _SKR (big blind) won 290


Winamax Poker - Tournament "Expresso Nitro" buyIn: 1.86€ + 0.14€ level: 1 - HandId: #2695218258868436993-6-1675000596 - Holdem no limit (10/20) - 2023/01/29 13:56:36 UTC
Table: 'Expresso Nitro(627529402)#0' 3-max (real money) Seat #1 is the button
Seat 1: _SKR (290)
Seat 2: krilin95200 (610)
*** ANTE/BLINDS ***
_SKR posts small blind 10
krilin95200 posts big blind 20
Dealt to _SKR [Ac 3d]
*** PRE-FLOP *** 
_SKR raises 270 to 290 and is all-in
krilin95200 folds
_SKR collected 310 from pot
*** SUMMARY ***
Total pot 310 | No rake
Seat 1: _SKR (small blind) (button) won 310


Winamax Poker - Tournament "Expresso Nitro" buyIn: 1.86€ + 0.14€ level: 2 - HandId: #2695218258868436993-7-1675000602 - Holdem no limit (15/30) - 2023/01/29 13:56:42 UTC
Table: 'Expresso Nitro(627529402)#0' 3-max (real money) Seat #2 is the button
Seat 1: _SKR (310)
Seat 2: krilin95200 (590)
*** ANTE/BLINDS ***
krilin95200 posts small blind 15
_SKR posts big blind 30
Dealt to _SKR [4h 5d]
*** PRE-FLOP *** 
krilin95200 calls 15
_SKR checks
*** FLOP *** [Jd 4c 4d]
_SKR checks
krilin95200 bets 30
_SKR calls 30
*** TURN *** [Jd 4c 4d][6h]
_SKR checks
krilin95200 bets 60
_SKR calls 60
*** RIVER *** [Jd 4c 4d 6h][Ac]
_SKR checks
krilin95200 checks
*** SHOW DOWN ***
krilin95200 shows [8h 9h] (One pair : 4)
_SKR shows [4h 5d] (Trips of 4)
_SKR collected 240 from pot
*** SUMMARY ***
Total pot 240 | No rake
Board: [Jd 4c 4d 6h Ac]
Seat 1: _SKR (big blind) showed [4h 5d] and won 240 with Trips of 4
Seat 2: krilin95200 (small blind) (button) showed [8h 9h] and lost with One pair : 4


Winamax Poker - Tournament "Expresso Nitro" buyIn: 1.86€ + 0.14€ level: 2 - HandId: #2695218258868436993-8-1675000632 - Holdem no limit (15/30) - 2023/01/29 13:57:12 UTC
Table: 'Expresso Nitro(627529402)#0' 3-max (real money) Seat #1 is the button
Seat 1: _SKR (430)
Seat 2: krilin95200 (470)
*** ANTE/BLINDS ***
_SKR posts small blind 15
krilin95200 posts big blind 30
Dealt to _SKR [Qd Jc]
*** PRE-FLOP *** 
_SKR raises 30 to 60
krilin95200 raises 120 to 180
_SKR folds
krilin95200 collected 240 from pot
*** SUMMARY ***
Total pot 240 | No rake
Seat 2: krilin95200 (big blind) won 240


Winamax Poker - Tournament "Expresso Nitro" buyIn: 1.86€ + 0.14€ level: 2 - HandId: #2695218258868436993-9-1675000645 - Holdem no limit (15/30) - 2023/01/29 13:57:25 UTC
Table: 'Expresso Nitro(627529402)#0' 3-max (real money) Seat #2 is the button
Seat 1: _SKR (370)
Seat 2: krilin95200 (530)
*** ANTE/BLINDS ***
krilin95200 posts small blind 15
_SKR posts big blind 30
Dealt to _SKR [5h Tc]
*** PRE-FLOP *** 
krilin95200 raises 60 to 90
_SKR folds
krilin95200 collected 120 from pot
*** SUMMARY ***
Total pot 120 | No rake
Seat 2: krilin95200 (small blind) (button) won 120


Winamax Poker - Tournament "Expresso Nitro" buyIn: 1.86€ + 0.14€ level: 2 - HandId: #2695218258868436993-10-1675000655 - Holdem no limit (15/30) - 2023/01/29 13:57:35 UTC
Table: 'Expresso Nitro(627529402)#0' 3-max (real money) Seat #1 is the button
Seat 1: _SKR (340)
Seat 2: krilin95200 (560)
*** ANTE/BLINDS ***
_SKR posts small blind 15
krilin95200 posts big blind 30
Dealt to _SKR [4h 8c]
*** PRE-FLOP *** 
_SKR folds
krilin95200 collected 45 from pot
*** SUMMARY ***
Total pot 45 | No rake
Seat 2: krilin95200 (big blind) won 45


Winamax Poker - Tournament "Expresso Nitro" buyIn: 1.86€ + 0.14€ level: 3 - HandId: #2695218258868436993-11-1675000664 - Holdem no limit (20/40) - 2023/01/29 13:57:44 UTC
Table: 'Expresso Nitro(627529402)#0' 3-max (real money) Seat #2 is the button
Seat 1: _SKR (325)
Seat 2: krilin95200 (575)
*** ANTE/BLINDS ***
krilin95200 posts small blind 20
_SKR posts big blind 40
Dealt to _SKR [6s Qh]
*** PRE-FLOP *** 
krilin95200 calls 20
_SKR checks
*** FLOP *** [7d Kh 9d]
_SKR checks
krilin95200 bets 40
_SKR folds
krilin95200 collected 120 from pot
*** SUMMARY ***
Total pot 120 | No rake
Board: [7d Kh 9d]
Seat 2: krilin95200 (small blind) (button) won 120


Winamax Poker - Tournament "Expresso Nitro" buyIn: 1.86€ + 0.14€ level: 3 - HandId: #2695218258868436993-12-1675000689 - Holdem no limit (20/40) - 2023/01/29 13:58:09 UTC
Table: 'Expresso Nitro(627529402)#0' 3-max (real money) Seat #1 is the button
Seat 1: _SKR (285)
Seat 2: krilin95200 (615)
*** ANTE/BLINDS ***
_SKR posts small blind 20
krilin95200 posts big blind 40
Dealt to _SKR [3s 5d]
*** PRE-FLOP *** 
_SKR folds
krilin95200 collected 60 from pot
*** SUMMARY ***
Total pot 60 | No rake
Seat 2: krilin95200 (big blind) won 60


Winamax Poker - Tournament "Expresso Nitro" buyIn: 1.86€ + 0.14€ level: 3 - HandId: #2695218258868436993-13-1675000696 - Holdem no limit (20/40) - 2023/01/29 13:58:16 UTC
Table: 'Expresso Nitro(627529402)#0' 3-max (real money) Seat #2 is the button
Seat 1: _SKR (265)
Seat 2: krilin95200 (635)
*** ANTE/BLINDS ***
krilin95200 posts small blind 20
_SKR posts big blind 40
Dealt to _SKR [5c 2c]
*** PRE-FLOP *** 
krilin95200 raises 80 to 120
_SKR folds
krilin95200 collected 160 from pot
*** SUMMARY ***
Total pot 160 | No rake
Seat 2: krilin95200 (small blind) (button) won 160


Winamax Poker - Tournament "Expresso Nitro" buyIn: 1.86€ + 0.14€ level: 3 - HandId: #2695218258868436993-14-1675000705 - Holdem no limit (20/40) - 2023/01/29 13:58:25 UTC
Table: 'Expresso Nitro(627529402)#0' 3-max (real money) Seat #1 is the button
Seat 1: _SKR (225)
Seat 2: krilin95200 (675)
*** ANTE/BLINDS ***
_SKR posts small blind 20
krilin95200 posts big blind 40
Dealt to _SKR [Kh 4c]
*** PRE-FLOP *** 
_SKR raises 185 to 225 and is all-in
krilin95200 folds
_SKR collected 265 from pot
*** SUMMARY ***
Total pot 265 | No rake
Seat 1: _SKR (small blind) (button) won 265


Winamax Poker - Tournament "Expresso Nitro" buyIn: 1.86€ + 0.14€ level: 3 - HandId: #2695218258868436993-15-1675000711 - Holdem no limit (20/40) - 2023/01/29 13:58:31 UTC
Table: 'Expresso Nitro(627529402)#0' 3-max (real money) Seat #2 is the button
Seat 1: _SKR (265)
Seat 2: krilin95200 (635)
*** ANTE/BLINDS ***
krilin95200 posts small blind 20
_SKR posts big blind 40
Dealt to _SKR [9h 4h]
*** PRE-FLOP *** 
krilin95200 raises 80 to 120
_SKR folds
krilin95200 collected 160 from pot
*** SUMMARY ***
Total pot 160 | No rake
Seat 2: krilin95200 (small blind) (button) won 160


Winamax Poker - Tournament "Expresso Nitro" buyIn: 1.86€ + 0.14€ level: 4 - HandId: #2695218258868436993-16-1675000720 - Holdem no limit (30/60) - 2023/01/29 13:58:40 UTC
Table: 'Expresso Nitro(627529402)#0' 3-max (real money) Seat #1 is the button
Seat 1: _SKR (225)
Seat 2: krilin95200 (675)
*** ANTE/BLINDS ***
_SKR posts small blind 30
krilin95200 posts big blind 60
Dealt to _SKR [4c Kh]
*** PRE-FLOP *** 
_SKR raises 165 to 225 and is all-in
krilin95200 folds
_SKR collected 285 from pot
*** SUMMARY ***
Total pot 285 | No rake
Seat 1: _SKR (small blind) (button) won 285


Winamax Poker - Tournament "Expresso Nitro" buyIn: 1.86€ + 0.14€ level: 4 - HandId: #2695218258868436993-17-1675000727 - Holdem no limit (30/60) - 2023/01/29 13:58:47 UTC
Table: 'Expresso Nitro(627529402)#0' 3-max (real money) Seat #2 is the button
Seat 1: _SKR (285)
Seat 2: krilin95200 (615)
*** ANTE/BLINDS ***
krilin95200 posts small blind 30
_SKR posts big blind 60
Dealt to _SKR [Ad Th]
*** PRE-FLOP *** 
krilin95200 raises 120 to 180
_SKR raises 105 to 285 and is all-in
krilin95200 calls 105
*** FLOP *** [Qs 8c Td]
*** TURN *** [Qs 8c Td][6s]
*** RIVER *** [Qs 8c Td 6s][4d]
*** SHOW DOWN ***
_SKR shows [Ad Th] (One pair : Tens)
krilin95200 shows [8s Ts] (Two pairs : Tens and 8)
krilin95200 collected 570 from pot
*** SUMMARY ***
Total pot 570 | No rake
Board: [Qs 8c Td 6s 4d]
Seat 1: _SKR (big blind) showed [Ad Th] and lost with One pair : Tens
Seat 2: krilin95200 (small blind) (button) showed [8s Ts] and won 570 with Two pairs : Tens and 8


