Winamax Poker - Tournament "Expresso Nitro" buyIn: 1.86€ + 0.14€ level: 1 - HandId: #2695210502157500417-1-1675000110 - Holdem no limit (10/20) - 2023/01/29 13:48:30 UTC
Table: 'Expresso Nitro(627527596)#0' 3-max (real money) Seat #3 is the button
Seat 1: Ivar60190 (300)
Seat 2: Felisc (300)
Seat 3: _SKR (300)
*** ANTE/BLINDS ***
Ivar60190 posts small blind 10
Felisc posts big blind 20
Dealt to _SKR [9d Jd]
*** PRE-FLOP *** 
_SKR folds
Ivar60190 folds
Felisc collected 30 from pot
*** SUMMARY ***
Total pot 30 | No rake
Seat 2: Felisc (big blind) won 30


Winamax Poker - Tournament "Expresso Nitro" buyIn: 1.86€ + 0.14€ level: 1 - HandId: #2695210502157500417-2-1675000119 - Holdem no limit (10/20) - 2023/01/29 13:48:39 UTC
Table: 'Expresso Nitro(627527596)#0' 3-max (real money) Seat #1 is the button
Seat 1: Ivar60190 (290)
Seat 2: Felisc (310)
Seat 3: _SKR (300)
*** ANTE/BLINDS ***
Felisc posts small blind 10
_SKR posts big blind 20
Dealt to _SKR [5c 9h]
*** PRE-FLOP *** 
Ivar60190 calls 20
Felisc folds
_SKR checks
*** FLOP *** [7c Qd Jh]
_SKR checks
Ivar60190 bets 20
_SKR folds
Ivar60190 collected 70 from pot
*** SUMMARY ***
Total pot 70 | No rake
Board: [7c Qd Jh]
Seat 1: Ivar60190 (button) won 70


Winamax Poker - Tournament "Expresso Nitro" buyIn: 1.86€ + 0.14€ level: 1 - HandId: #2695210502157500417-3-1675000143 - Holdem no limit (10/20) - 2023/01/29 13:49:03 UTC
Table: 'Expresso Nitro(627527596)#0' 3-max (real money) Seat #2 is the button
Seat 1: Ivar60190 (320)
Seat 2: Felisc (300)
Seat 3: _SKR (280)
*** ANTE/BLINDS ***
_SKR posts small blind 10
Ivar60190 posts big blind 20
Dealt to _SKR [8s 5c]
*** PRE-FLOP *** 
Felisc raises 40 to 60
_SKR folds
Ivar60190 folds
Felisc collected 90 from pot
*** SUMMARY ***
Total pot 90 | No rake
Seat 2: Felisc (button) won 90


Winamax Poker - Tournament "Expresso Nitro" buyIn: 1.86€ + 0.14€ level: 1 - HandId: #2695210502157500417-4-1675000148 - Holdem no limit (10/20) - 2023/01/29 13:49:08 UTC
Table: 'Expresso Nitro(627527596)#0' 3-max (real money) Seat #3 is the button
Seat 1: Ivar60190 (300)
Seat 2: Felisc (330)
Seat 3: _SKR (270)
*** ANTE/BLINDS ***
Ivar60190 posts small blind 10
Felisc posts big blind 20
Dealt to _SKR [5d 3c]
*** PRE-FLOP *** 
_SKR folds
Ivar60190 folds
Felisc collected 30 from pot
*** SUMMARY ***
Total pot 30 | No rake
Seat 2: Felisc (big blind) won 30


Winamax Poker - Tournament "Expresso Nitro" buyIn: 1.86€ + 0.14€ level: 2 - HandId: #2695210502157500417-5-1675000169 - Holdem no limit (15/30) - 2023/01/29 13:49:29 UTC
Table: 'Expresso Nitro(627527596)#0' 3-max (real money) Seat #1 is the button
Seat 1: Ivar60190 (290)
Seat 2: Felisc (340)
Seat 3: _SKR (270)
*** ANTE/BLINDS ***
Felisc posts small blind 15
_SKR posts big blind 30
Dealt to _SKR [9s Ac]
*** PRE-FLOP *** 
Ivar60190 raises 260 to 290 and is all-in
Felisc folds
_SKR calls 240 and is all-in
*** FLOP *** [4c 6c 9h]
*** TURN *** [4c 6c 9h][4s]
*** RIVER *** [4c 6c 9h 4s][7s]
*** SHOW DOWN ***
Ivar60190 shows [6s As] (Two pairs : 6 and 4)
_SKR shows [9s Ac] (Two pairs : 9 and 4)
_SKR collected 555 from main pot
Ivar60190 collected 20 from side pot 1
*** SUMMARY ***
Total pot 575 | No rake
Board: [4c 6c 9h 4s 7s]
Seat 1: Ivar60190 (button) showed [6s As] and won 20 with Two pairs : 6 and 4
Seat 3: _SKR (big blind) showed [9s Ac] and won 555 with Two pairs : 9 and 4


Winamax Poker - Tournament "Expresso Nitro" buyIn: 1.86€ + 0.14€ level: 2 - HandId: #2695210502157500417-6-1675000192 - Holdem no limit (15/30) - 2023/01/29 13:49:52 UTC
Table: 'Expresso Nitro(627527596)#0' 3-max (real money) Seat #2 is the button
Seat 1: Ivar60190 (20)
Seat 2: Felisc (325)
Seat 3: _SKR (555)
*** ANTE/BLINDS ***
_SKR posts small blind 15
Ivar60190 posts big blind 20 and is all-in
Dealt to _SKR [Kc 5c]
*** PRE-FLOP *** 
Felisc calls 30
_SKR raises 525 to 555 and is all-in
Felisc folds
*** FLOP *** [9d Tc 3d]
*** TURN *** [9d Tc 3d][7c]
*** RIVER *** [9d Tc 3d 7c][6d]
*** SHOW DOWN ***
Ivar60190 shows [2h 4s] (High card : Ten)
_SKR shows [Kc 5c] (High card : King)
_SKR collected 605 from pot
*** SUMMARY ***
Total pot 605 | No rake
Board: [9d Tc 3d 7c 6d]
Seat 1: Ivar60190 (big blind) showed [2h 4s] and lost with High card : Ten
Seat 3: _SKR (small blind) showed [Kc 5c] and won 605 with High card : King


Winamax Poker - Tournament "Expresso Nitro" buyIn: 1.86€ + 0.14€ level: 2 - HandId: #2695210502157500417-7-1675000210 - Holdem no limit (15/30) - 2023/01/29 13:50:10 UTC
Table: 'Expresso Nitro(627527596)#0' 3-max (real money) Seat #2 is the button
Seat 2: Felisc (295)
Seat 3: _SKR (605)
*** ANTE/BLINDS ***
Felisc posts small blind 15
_SKR posts big blind 30
Dealt to _SKR [8c 8h]
*** PRE-FLOP *** 
Felisc folds
_SKR collected 45 from pot
*** SUMMARY ***
Total pot 45 | No rake
Seat 3: _SKR (big blind) won 45


Winamax Poker - Tournament "Expresso Nitro" buyIn: 1.86€ + 0.14€ level: 2 - HandId: #2695210502157500417-8-1675000214 - Holdem no limit (15/30) - 2023/01/29 13:50:14 UTC
Table: 'Expresso Nitro(627527596)#0' 3-max (real money) Seat #3 is the button
Seat 2: Felisc (280)
Seat 3: _SKR (620)
*** ANTE/BLINDS ***
_SKR posts small blind 15
Felisc posts big blind 30
Dealt to _SKR [6h 3d]
*** PRE-FLOP *** 
_SKR folds
Felisc collected 45 from pot
*** SUMMARY ***
Total pot 45 | No rake
Seat 2: Felisc (big blind) won 45


Winamax Poker - Tournament "Expresso Nitro" buyIn: 1.86€ + 0.14€ level: 2 - HandId: #2695210502157500417-9-1675000218 - Holdem no limit (15/30) - 2023/01/29 13:50:18 UTC
Table: 'Expresso Nitro(627527596)#0' 3-max (real money) Seat #2 is the button
Seat 2: Felisc (295)
Seat 3: _SKR (605)
*** ANTE/BLINDS ***
Felisc posts small blind 15
_SKR posts big blind 30
Dealt to _SKR [Js As]
*** PRE-FLOP *** 
Felisc calls 15
_SKR raises 575 to 605 and is all-in
Felisc folds
_SKR collected 635 from pot
*** SUMMARY ***
Total pot 635 | No rake
Seat 3: _SKR (big blind) won 635


Winamax Poker - Tournament "Expresso Nitro" buyIn: 1.86€ + 0.14€ level: 2 - HandId: #2695210502157500417-10-1675000226 - Holdem no limit (15/30) - 2023/01/29 13:50:26 UTC
Table: 'Expresso Nitro(627527596)#0' 3-max (real money) Seat #3 is the button
Seat 2: Felisc (265)
Seat 3: _SKR (635)
*** ANTE/BLINDS ***
_SKR posts small blind 15
Felisc posts big blind 30
Dealt to _SKR [Ks Tc]
*** PRE-FLOP *** 
_SKR raises 605 to 635 and is all-in
Felisc folds
_SKR collected 665 from pot
*** SUMMARY ***
Total pot 665 | No rake
Seat 3: _SKR (small blind) (button) won 665


Winamax Poker - Tournament "Expresso Nitro" buyIn: 1.86€ + 0.14€ level: 3 - HandId: #2695210502157500417-11-1675000231 - Holdem no limit (20/40) - 2023/01/29 13:50:31 UTC
Table: 'Expresso Nitro(627527596)#0' 3-max (real money) Seat #2 is the button
Seat 2: Felisc (235)
Seat 3: _SKR (665)
*** ANTE/BLINDS ***
Felisc posts small blind 20
_SKR posts big blind 40
Dealt to _SKR [2s 9d]
*** PRE-FLOP *** 
Felisc raises 80 to 120
_SKR folds
Felisc collected 160 from pot
*** SUMMARY ***
Total pot 160 | No rake
Seat 2: Felisc (small blind) (button) won 160


Winamax Poker - Tournament "Expresso Nitro" buyIn: 1.86€ + 0.14€ level: 3 - HandId: #2695210502157500417-12-1675000238 - Holdem no limit (20/40) - 2023/01/29 13:50:38 UTC
Table: 'Expresso Nitro(627527596)#0' 3-max (real money) Seat #3 is the button
Seat 2: Felisc (275)
Seat 3: _SKR (625)
*** ANTE/BLINDS ***
_SKR posts small blind 20
Felisc posts big blind 40
Dealt to _SKR [8s 7h]
*** PRE-FLOP *** 
_SKR folds
Felisc collected 60 from pot
*** SUMMARY ***
Total pot 60 | No rake
Seat 2: Felisc (big blind) won 60


Winamax Poker - Tournament "Expresso Nitro" buyIn: 1.86€ + 0.14€ level: 3 - HandId: #2695210502157500417-13-1675000242 - Holdem no limit (20/40) - 2023/01/29 13:50:42 UTC
Table: 'Expresso Nitro(627527596)#0' 3-max (real money) Seat #2 is the button
Seat 2: Felisc (295)
Seat 3: _SKR (605)
*** ANTE/BLINDS ***
Felisc posts small blind 20
_SKR posts big blind 40
Dealt to _SKR [6c Th]
*** PRE-FLOP *** 
Felisc raises 80 to 120
_SKR folds
Felisc collected 160 from pot
*** SUMMARY ***
Total pot 160 | No rake
Seat 2: Felisc (small blind) (button) won 160


Winamax Poker - Tournament "Expresso Nitro" buyIn: 1.86€ + 0.14€ level: 3 - HandId: #2695210502157500417-14-1675000251 - Holdem no limit (20/40) - 2023/01/29 13:50:51 UTC
Table: 'Expresso Nitro(627527596)#0' 3-max (real money) Seat #3 is the button
Seat 2: Felisc (335)
Seat 3: _SKR (565)
*** ANTE/BLINDS ***
_SKR posts small blind 20
Felisc posts big blind 40
Dealt to _SKR [9s 2s]
*** PRE-FLOP *** 
_SKR folds
Felisc collected 60 from pot
*** SUMMARY ***
Total pot 60 | No rake
Seat 2: Felisc (big blind) won 60


Winamax Poker - Tournament "Expresso Nitro" buyIn: 1.86€ + 0.14€ level: 3 - HandId: #2695210502157500417-15-1675000259 - Holdem no limit (20/40) - 2023/01/29 13:50:59 UTC
Table: 'Expresso Nitro(627527596)#0' 3-max (real money) Seat #2 is the button
Seat 2: Felisc (355)
Seat 3: _SKR (545)
*** ANTE/BLINDS ***
Felisc posts small blind 20
_SKR posts big blind 40
Dealt to _SKR [2s 6d]
*** PRE-FLOP *** 
Felisc folds
_SKR collected 60 from pot
*** SUMMARY ***
Total pot 60 | No rake
Seat 3: _SKR (big blind) won 60


Winamax Poker - Tournament "Expresso Nitro" buyIn: 1.86€ + 0.14€ level: 3 - HandId: #2695210502157500417-16-1675000265 - Holdem no limit (20/40) - 2023/01/29 13:51:05 UTC
Table: 'Expresso Nitro(627527596)#0' 3-max (real money) Seat #3 is the button
Seat 2: Felisc (335)
Seat 3: _SKR (565)
*** ANTE/BLINDS ***
_SKR posts small blind 20
Felisc posts big blind 40
Dealt to _SKR [7s 5s]
*** PRE-FLOP *** 
_SKR folds
Felisc collected 60 from pot
*** SUMMARY ***
Total pot 60 | No rake
Seat 2: Felisc (big blind) won 60


Winamax Poker - Tournament "Expresso Nitro" buyIn: 1.86€ + 0.14€ level: 3 - HandId: #2695210502157500417-17-1675000269 - Holdem no limit (20/40) - 2023/01/29 13:51:09 UTC
Table: 'Expresso Nitro(627527596)#0' 3-max (real money) Seat #2 is the button
Seat 2: Felisc (355)
Seat 3: _SKR (545)
*** ANTE/BLINDS ***
Felisc posts small blind 20
_SKR posts big blind 40
Dealt to _SKR [Td 5h]
*** PRE-FLOP *** 
Felisc folds
_SKR collected 60 from pot
*** SUMMARY ***
Total pot 60 | No rake
Seat 3: _SKR (big blind) won 60


Winamax Poker - Tournament "Expresso Nitro" buyIn: 1.86€ + 0.14€ level: 3 - HandId: #2695210502157500417-18-1675000272 - Holdem no limit (20/40) - 2023/01/29 13:51:12 UTC
Table: 'Expresso Nitro(627527596)#0' 3-max (real money) Seat #3 is the button
Seat 2: Felisc (335)
Seat 3: _SKR (565)
*** ANTE/BLINDS ***
_SKR posts small blind 20
Felisc posts big blind 40
Dealt to _SKR [Kh 6h]
*** PRE-FLOP *** 
_SKR raises 525 to 565 and is all-in
Felisc calls 295 and is all-in
*** FLOP *** [8d 9h Kd]
*** TURN *** [8d 9h Kd][2c]
*** RIVER *** [8d 9h Kd 2c][7s]
*** SHOW DOWN ***
Felisc shows [2h Ah] (One pair : 2)
_SKR shows [Kh 6h] (One pair : Kings)
_SKR collected 900 from pot
*** SUMMARY ***
Total pot 900 | No rake
Board: [8d 9h Kd 2c 7s]
Seat 2: Felisc (big blind) showed [2h Ah] and lost with One pair : 2
Seat 3: _SKR (small blind) (button) showed [Kh 6h] and won 900 with One pair : Kings


