Winamax Poker - Tournament "Expresso Nitro" buyIn: 0.93€ + 0.07€ level: 1 - HandId: #2671025133291831297-1-1673527216 - Holdem no limit (10/20) - 2023/01/12 12:40:16 UTC
Table: 'Expresso Nitro(621896501)#0' 3-max (real money) Seat #1 is the button
Seat 1: _SKR (300)
Seat 2: AV_Sniper11 (300)
Seat 3: Atypix34 (300)
*** ANTE/BLINDS ***
AV_Sniper11 posts small blind 10
Atypix34 posts big blind 20
Dealt to _SKR [2d 6c]
*** PRE-FLOP *** 
_SKR folds
AV_Sniper11 raises 40 to 60
Atypix34 folds
AV_Sniper11 collected 80 from pot
*** SUMMARY ***
Total pot 80 | No rake
Seat 2: AV_Sniper11 (small blind) won 80


Winamax Poker - Tournament "Expresso Nitro" buyIn: 0.93€ + 0.07€ level: 1 - HandId: #2671025133291831297-2-1673527225 - Holdem no limit (10/20) - 2023/01/12 12:40:25 UTC
Table: 'Expresso Nitro(621896501)#0' 3-max (real money) Seat #2 is the button
Seat 1: _SKR (300)
Seat 2: AV_Sniper11 (320)
Seat 3: Atypix34 (280)
*** ANTE/BLINDS ***
Atypix34 posts small blind 10
_SKR posts big blind 20
Dealt to _SKR [Qc 2d]
*** PRE-FLOP *** 
AV_Sniper11 raises 40 to 60
Atypix34 folds
_SKR folds
AV_Sniper11 collected 90 from pot
*** SUMMARY ***
Total pot 90 | No rake
Seat 2: AV_Sniper11 (button) won 90


Winamax Poker - Tournament "Expresso Nitro" buyIn: 0.93€ + 0.07€ level: 1 - HandId: #2671025133291831297-3-1673527239 - Holdem no limit (10/20) - 2023/01/12 12:40:39 UTC
Table: 'Expresso Nitro(621896501)#0' 3-max (real money) Seat #3 is the button
Seat 1: _SKR (280)
Seat 2: AV_Sniper11 (350)
Seat 3: Atypix34 (270)
*** ANTE/BLINDS ***
_SKR posts small blind 10
AV_Sniper11 posts big blind 20
Dealt to _SKR [9h 7d]
*** PRE-FLOP *** 
Atypix34 raises 250 to 270 and is all-in
_SKR folds
AV_Sniper11 folds
Atypix34 collected 300 from pot
*** SUMMARY ***
Total pot 300 | No rake
Seat 3: Atypix34 (button) won 300


Winamax Poker - Tournament "Expresso Nitro" buyIn: 0.93€ + 0.07€ level: 1 - HandId: #2671025133291831297-4-1673527247 - Holdem no limit (10/20) - 2023/01/12 12:40:47 UTC
Table: 'Expresso Nitro(621896501)#0' 3-max (real money) Seat #1 is the button
Seat 1: _SKR (270)
Seat 2: AV_Sniper11 (330)
Seat 3: Atypix34 (300)
*** ANTE/BLINDS ***
AV_Sniper11 posts small blind 10
Atypix34 posts big blind 20
Dealt to _SKR [Js 2c]
*** PRE-FLOP *** 
_SKR folds
AV_Sniper11 folds
Atypix34 collected 30 from pot
*** SUMMARY ***
Total pot 30 | No rake
Seat 3: Atypix34 (big blind) won 30


Winamax Poker - Tournament "Expresso Nitro" buyIn: 0.93€ + 0.07€ level: 1 - HandId: #2671025133291831297-5-1673527255 - Holdem no limit (10/20) - 2023/01/12 12:40:55 UTC
Table: 'Expresso Nitro(621896501)#0' 3-max (real money) Seat #2 is the button
Seat 1: _SKR (270)
Seat 2: AV_Sniper11 (320)
Seat 3: Atypix34 (310)
*** ANTE/BLINDS ***
Atypix34 posts small blind 10
_SKR posts big blind 20
Dealt to _SKR [Ks 9d]
*** PRE-FLOP *** 
AV_Sniper11 folds
Atypix34 folds
_SKR collected 30 from pot
*** SUMMARY ***
Total pot 30 | No rake
Seat 1: _SKR (big blind) won 30


Winamax Poker - Tournament "Expresso Nitro" buyIn: 0.93€ + 0.07€ level: 1 - HandId: #2671025133291831297-6-1673527266 - Holdem no limit (10/20) - 2023/01/12 12:41:06 UTC
Table: 'Expresso Nitro(621896501)#0' 3-max (real money) Seat #3 is the button
Seat 1: _SKR (280)
Seat 2: AV_Sniper11 (320)
Seat 3: Atypix34 (300)
*** ANTE/BLINDS ***
_SKR posts small blind 10
AV_Sniper11 posts big blind 20
Dealt to _SKR [9h 5d]
*** PRE-FLOP *** 
Atypix34 folds
_SKR folds
AV_Sniper11 collected 30 from pot
*** SUMMARY ***
Total pot 30 | No rake
Seat 2: AV_Sniper11 (big blind) won 30


Winamax Poker - Tournament "Expresso Nitro" buyIn: 0.93€ + 0.07€ level: 2 - HandId: #2671025133291831297-7-1673527273 - Holdem no limit (15/30) - 2023/01/12 12:41:13 UTC
Table: 'Expresso Nitro(621896501)#0' 3-max (real money) Seat #1 is the button
Seat 1: _SKR (270)
Seat 2: AV_Sniper11 (330)
Seat 3: Atypix34 (300)
*** ANTE/BLINDS ***
AV_Sniper11 posts small blind 15
Atypix34 posts big blind 30
Dealt to _SKR [3c 4s]
*** PRE-FLOP *** 
_SKR folds
AV_Sniper11 folds
Atypix34 collected 45 from pot
*** SUMMARY ***
Total pot 45 | No rake
Seat 3: Atypix34 (big blind) won 45


Winamax Poker - Tournament "Expresso Nitro" buyIn: 0.93€ + 0.07€ level: 2 - HandId: #2671025133291831297-8-1673527279 - Holdem no limit (15/30) - 2023/01/12 12:41:19 UTC
Table: 'Expresso Nitro(621896501)#0' 3-max (real money) Seat #2 is the button
Seat 1: _SKR (270)
Seat 2: AV_Sniper11 (315)
Seat 3: Atypix34 (315)
*** ANTE/BLINDS ***
Atypix34 posts small blind 15
_SKR posts big blind 30
Dealt to _SKR [As 3s]
*** PRE-FLOP *** 
AV_Sniper11 raises 60 to 90
Atypix34 folds
_SKR folds
AV_Sniper11 collected 135 from pot
*** SUMMARY ***
Total pot 135 | No rake
Seat 2: AV_Sniper11 (button) won 135


Winamax Poker - Tournament "Expresso Nitro" buyIn: 0.93€ + 0.07€ level: 2 - HandId: #2671025133291831297-9-1673527293 - Holdem no limit (15/30) - 2023/01/12 12:41:33 UTC
Table: 'Expresso Nitro(621896501)#0' 3-max (real money) Seat #3 is the button
Seat 1: _SKR (240)
Seat 2: AV_Sniper11 (360)
Seat 3: Atypix34 (300)
*** ANTE/BLINDS ***
_SKR posts small blind 15
AV_Sniper11 posts big blind 30
Dealt to _SKR [Kc Ad]
*** PRE-FLOP *** 
Atypix34 raises 270 to 300 and is all-in
_SKR calls 225 and is all-in
AV_Sniper11 folds
*** FLOP *** [6h 9s 6d]
*** TURN *** [6h 9s 6d][Ah]
*** RIVER *** [6h 9s 6d Ah][3d]
*** SHOW DOWN ***
_SKR shows [Kc Ad] (Two pairs : Aces and 6)
Atypix34 shows [Kh Jc] (One pair : 6)
Atypix34 collected 60 from side pot 1
_SKR collected 510 from main pot
*** SUMMARY ***
Total pot 570 | No rake
Board: [6h 9s 6d Ah 3d]
Seat 1: _SKR (small blind) showed [Kc Ad] and won 510 with Two pairs : Aces and 6
Seat 3: Atypix34 (button) showed [Kh Jc] and won 60 with One pair : 6


Winamax Poker - Tournament "Expresso Nitro" buyIn: 0.93€ + 0.07€ level: 2 - HandId: #2671025133291831297-10-1673527305 - Holdem no limit (15/30) - 2023/01/12 12:41:45 UTC
Table: 'Expresso Nitro(621896501)#0' 3-max (real money) Seat #1 is the button
Seat 1: _SKR (510)
Seat 2: AV_Sniper11 (330)
Seat 3: Atypix34 (60)
*** ANTE/BLINDS ***
AV_Sniper11 posts small blind 15
Atypix34 posts big blind 30
Dealt to _SKR [8d Qc]
*** PRE-FLOP *** 
_SKR folds
AV_Sniper11 folds
Atypix34 collected 45 from pot
*** SUMMARY ***
Total pot 45 | No rake
Seat 3: Atypix34 (big blind) won 45


Winamax Poker - Tournament "Expresso Nitro" buyIn: 0.93€ + 0.07€ level: 2 - HandId: #2671025133291831297-11-1673527314 - Holdem no limit (15/30) - 2023/01/12 12:41:54 UTC
Table: 'Expresso Nitro(621896501)#0' 3-max (real money) Seat #2 is the button
Seat 1: _SKR (510)
Seat 2: AV_Sniper11 (315)
Seat 3: Atypix34 (75)
*** ANTE/BLINDS ***
Atypix34 posts small blind 15
_SKR posts big blind 30
Dealt to _SKR [Kd 5d]
*** PRE-FLOP *** 
AV_Sniper11 folds
Atypix34 raises 30 to 60
_SKR calls 30
*** FLOP *** [5h 6c 9c]
Atypix34 bets 15 and is all-in
_SKR calls 15
*** TURN *** [5h 6c 9c][Th]
*** RIVER *** [5h 6c 9c Th][8h]
*** SHOW DOWN ***
_SKR shows [Kd 5d] (One pair : 5)
Atypix34 shows [Jc 7d] (Straight Jack high)
Atypix34 collected 150 from pot
*** SUMMARY ***
Total pot 150 | No rake
Board: [5h 6c 9c Th 8h]
Seat 1: _SKR (big blind) showed [Kd 5d] and lost with One pair : 5
Seat 3: Atypix34 (small blind) showed [Jc 7d] and won 150 with Straight Jack high


Winamax Poker - Tournament "Expresso Nitro" buyIn: 0.93€ + 0.07€ level: 3 - HandId: #2671025133291831297-12-1673527333 - Holdem no limit (20/40) - 2023/01/12 12:42:13 UTC
Table: 'Expresso Nitro(621896501)#0' 3-max (real money) Seat #3 is the button
Seat 1: _SKR (435)
Seat 2: AV_Sniper11 (315)
Seat 3: Atypix34 (150)
*** ANTE/BLINDS ***
_SKR posts small blind 20
AV_Sniper11 posts big blind 40
Dealt to _SKR [Kc 8d]
*** PRE-FLOP *** 
Atypix34 raises 110 to 150 and is all-in
_SKR raises 285 to 435 and is all-in
AV_Sniper11 folds
*** FLOP *** [5s Jc 6c]
*** TURN *** [5s Jc 6c][5c]
*** RIVER *** [5s Jc 6c 5c][4d]
*** SHOW DOWN ***
_SKR shows [Kc 8d] (One pair : 5)
Atypix34 shows [Jh 2h] (Two pairs : Jacks and 5)
Atypix34 collected 340 from main pot
_SKR collected 285 from side pot 1
*** SUMMARY ***
Total pot 625 | No rake
Board: [5s Jc 6c 5c 4d]
Seat 1: _SKR (small blind) showed [Kc 8d] and won 285 with One pair : 5
Seat 3: Atypix34 (button) showed [Jh 2h] and won 340 with Two pairs : Jacks and 5


Winamax Poker - Tournament "Expresso Nitro" buyIn: 0.93€ + 0.07€ level: 3 - HandId: #2671025133291831297-13-1673527347 - Holdem no limit (20/40) - 2023/01/12 12:42:27 UTC
Table: 'Expresso Nitro(621896501)#0' 3-max (real money) Seat #1 is the button
Seat 1: _SKR (285)
Seat 2: AV_Sniper11 (275)
Seat 3: Atypix34 (340)
*** ANTE/BLINDS ***
AV_Sniper11 posts small blind 20
Atypix34 posts big blind 40
Dealt to _SKR [Ad 7d]
*** PRE-FLOP *** 
_SKR raises 245 to 285 and is all-in
AV_Sniper11 folds
Atypix34 folds
_SKR collected 345 from pot
*** SUMMARY ***
Total pot 345 | No rake
Seat 1: _SKR (button) won 345


Winamax Poker - Tournament "Expresso Nitro" buyIn: 0.93€ + 0.07€ level: 3 - HandId: #2671025133291831297-14-1673527356 - Holdem no limit (20/40) - 2023/01/12 12:42:36 UTC
Table: 'Expresso Nitro(621896501)#0' 3-max (real money) Seat #2 is the button
Seat 1: _SKR (345)
Seat 2: AV_Sniper11 (255)
Seat 3: Atypix34 (300)
*** ANTE/BLINDS ***
Atypix34 posts small blind 20
_SKR posts big blind 40
Dealt to _SKR [Kd Th]
*** PRE-FLOP *** 
AV_Sniper11 folds
Atypix34 raises 260 to 300 and is all-in
_SKR raises 45 to 345 and is all-in
*** FLOP *** [3h Td 9d]
*** TURN *** [3h Td 9d][9h]
*** RIVER *** [3h Td 9d 9h][Jh]
*** SHOW DOWN ***
_SKR shows [Kd Th] (Two pairs : Tens and 9)
Atypix34 shows [5c Jd] (Two pairs : Jacks and 9)
Atypix34 collected 600 from main pot
_SKR collected 45 from side pot 1
*** SUMMARY ***
Total pot 645 | No rake
Board: [3h Td 9d 9h Jh]
Seat 1: _SKR (big blind) showed [Kd Th] and won 45 with Two pairs : Tens and 9
Seat 3: Atypix34 (small blind) showed [5c Jd] and won 600 with Two pairs : Jacks and 9


Winamax Poker - Tournament "Expresso Nitro" buyIn: 0.93€ + 0.07€ level: 3 - HandId: #2671025133291831297-15-1673527372 - Holdem no limit (20/40) - 2023/01/12 12:42:52 UTC
Table: 'Expresso Nitro(621896501)#0' 3-max (real money) Seat #3 is the button
Seat 1: _SKR (45)
Seat 2: AV_Sniper11 (255)
Seat 3: Atypix34 (600)
*** ANTE/BLINDS ***
_SKR posts small blind 20
AV_Sniper11 posts big blind 40
Dealt to _SKR [2c 9s]
*** PRE-FLOP *** 
Atypix34 raises 560 to 600 and is all-in
_SKR folds
AV_Sniper11 folds
Atypix34 collected 660 from pot
*** SUMMARY ***
Total pot 660 | No rake
Seat 3: Atypix34 (button) won 660


Winamax Poker - Tournament "Expresso Nitro" buyIn: 0.93€ + 0.07€ level: 3 - HandId: #2671025133291831297-16-1673527380 - Holdem no limit (20/40) - 2023/01/12 12:43:00 UTC
Table: 'Expresso Nitro(621896501)#0' 3-max (real money) Seat #1 is the button
Seat 1: _SKR (25)
Seat 2: AV_Sniper11 (215)
Seat 3: Atypix34 (660)
*** ANTE/BLINDS ***
AV_Sniper11 posts small blind 20
Atypix34 posts big blind 40
Dealt to _SKR [Qs Th]
*** PRE-FLOP *** 
_SKR calls 25 and is all-in
AV_Sniper11 raises 175 to 215 and is all-in
Atypix34 folds
*** FLOP *** [6s 4h Js]
*** TURN *** [6s 4h Js][Tc]
*** RIVER *** [6s 4h Js Tc][Ac]
*** SHOW DOWN ***
_SKR shows [Qs Th] (One pair : Tens)
AV_Sniper11 shows [7c Kd] (High card : Ace)
AV_Sniper11 collected 205 from side pot 1
_SKR collected 75 from main pot
*** SUMMARY ***
Total pot 280 | No rake
Board: [6s 4h Js Tc Ac]
Seat 1: _SKR (button) showed [Qs Th] and won 75 with One pair : Tens
Seat 2: AV_Sniper11 (small blind) showed [7c Kd] and won 205 with High card : Ace


Winamax Poker - Tournament "Expresso Nitro" buyIn: 0.93€ + 0.07€ level: 4 - HandId: #2671025133291831297-17-1673527393 - Holdem no limit (30/60) - 2023/01/12 12:43:13 UTC
Table: 'Expresso Nitro(621896501)#0' 3-max (real money) Seat #2 is the button
Seat 1: _SKR (75)
Seat 2: AV_Sniper11 (205)
Seat 3: Atypix34 (620)
*** ANTE/BLINDS ***
Atypix34 posts small blind 30
_SKR posts big blind 60
Dealt to _SKR [Tc Js]
*** PRE-FLOP *** 
AV_Sniper11 folds
Atypix34 raises 60 to 120
_SKR calls 15 and is all-in
*** FLOP *** [9c Ah Ks]
*** TURN *** [9c Ah Ks][Ac]
*** RIVER *** [9c Ah Ks Ac][2h]
*** SHOW DOWN ***
_SKR shows [Tc Js] (One pair : Aces)
Atypix34 shows [8h 5d] (One pair : Aces)
Atypix34 collected 45 from side pot 1
_SKR collected 150 from main pot
*** SUMMARY ***
Total pot 195 | No rake
Board: [9c Ah Ks Ac 2h]
Seat 1: _SKR (big blind) showed [Tc Js] and won 150 with One pair : Aces
Seat 3: Atypix34 (small blind) showed [8h 5d] and won 45 with One pair : Aces


Winamax Poker - Tournament "Expresso Nitro" buyIn: 0.93€ + 0.07€ level: 4 - HandId: #2671025133291831297-18-1673527410 - Holdem no limit (30/60) - 2023/01/12 12:43:30 UTC
Table: 'Expresso Nitro(621896501)#0' 3-max (real money) Seat #3 is the button
Seat 1: _SKR (150)
Seat 2: AV_Sniper11 (205)
Seat 3: Atypix34 (545)
*** ANTE/BLINDS ***
_SKR posts small blind 30
AV_Sniper11 posts big blind 60
Dealt to _SKR [5c 5s]
*** PRE-FLOP *** 
Atypix34 raises 485 to 545 and is all-in
_SKR calls 120 and is all-in
AV_Sniper11 calls 145 and is all-in
*** FLOP *** [3h As 2h]
*** TURN *** [3h As 2h][2d]
*** RIVER *** [3h As 2h 2d][4h]
*** SHOW DOWN ***
_SKR shows [5c 5s] (Straight 5 high)
AV_Sniper11 shows [Ac Kh] (Two pairs : Aces and 2)
Atypix34 shows [Jh 8s] (One pair : 2)
Atypix34 collected 340 from side pot 2
AV_Sniper11 collected 110 from side pot 1
_SKR collected 450 from main pot
*** SUMMARY ***
Total pot 900 | No rake
Board: [3h As 2h 2d 4h]
Seat 1: _SKR (small blind) showed [5c 5s] and won 450 with Straight 5 high
Seat 2: AV_Sniper11 (big blind) showed [Ac Kh] and won 110 with Two pairs : Aces and 2
Seat 3: Atypix34 (button) showed [Jh 8s] and won 340 with One pair : 2


Winamax Poker - Tournament "Expresso Nitro" buyIn: 0.93€ + 0.07€ level: 4 - HandId: #2671025133291831297-19-1673527423 - Holdem no limit (30/60) - 2023/01/12 12:43:43 UTC
Table: 'Expresso Nitro(621896501)#0' 3-max (real money) Seat #1 is the button
Seat 1: _SKR (450)
Seat 2: AV_Sniper11 (110)
Seat 3: Atypix34 (340)
*** ANTE/BLINDS ***
AV_Sniper11 posts small blind 30
Atypix34 posts big blind 60
Dealt to _SKR [Th Qc]
*** PRE-FLOP *** 
_SKR raises 390 to 450 and is all-in
AV_Sniper11 calls 80 and is all-in
Atypix34 folds
*** FLOP *** [6c 7d Ts]
*** TURN *** [6c 7d Ts][8h]
*** RIVER *** [6c 7d Ts 8h][Kd]
*** SHOW DOWN ***
AV_Sniper11 shows [2h Jd] (High card : King)
_SKR shows [Th Qc] (One pair : Tens)
_SKR collected 620 from pot
*** SUMMARY ***
Total pot 620 | No rake
Board: [6c 7d Ts 8h Kd]
Seat 1: _SKR (button) showed [Th Qc] and won 620 with One pair : Tens
Seat 2: AV_Sniper11 (small blind) showed [2h Jd] and lost with High card : King


Winamax Poker - Tournament "Expresso Nitro" buyIn: 0.93€ + 0.07€ level: 4 - HandId: #2671025133291831297-20-1673527444 - Holdem no limit (30/60) - 2023/01/12 12:44:04 UTC
Table: 'Expresso Nitro(621896501)#0' 3-max (real money) Seat #3 is the button
Seat 1: _SKR (620)
Seat 3: Atypix34 (280)
*** ANTE/BLINDS ***
Atypix34 posts small blind 30
_SKR posts big blind 60
Dealt to _SKR [3c Qd]
*** PRE-FLOP *** 
Atypix34 raises 220 to 280 and is all-in
_SKR folds
Atypix34 collected 340 from pot
*** SUMMARY ***
Total pot 340 | No rake
Seat 3: Atypix34 (small blind) (button) won 340


Winamax Poker - Tournament "Expresso Nitro" buyIn: 0.93€ + 0.07€ level: 4 - HandId: #2671025133291831297-21-1673527450 - Holdem no limit (30/60) - 2023/01/12 12:44:10 UTC
Table: 'Expresso Nitro(621896501)#0' 3-max (real money) Seat #1 is the button
Seat 1: _SKR (560)
Seat 3: Atypix34 (340)
*** ANTE/BLINDS ***
_SKR posts small blind 30
Atypix34 posts big blind 60
Dealt to _SKR [Tc Ad]
*** PRE-FLOP *** 
_SKR raises 500 to 560 and is all-in
Atypix34 folds
_SKR collected 620 from pot
*** SUMMARY ***
Total pot 620 | No rake
Seat 1: _SKR (small blind) (button) won 620


Winamax Poker - Tournament "Expresso Nitro" buyIn: 0.93€ + 0.07€ level: 5 - HandId: #2671025133291831297-22-1673527455 - Holdem no limit (40/80) - 2023/01/12 12:44:15 UTC
Table: 'Expresso Nitro(621896501)#0' 3-max (real money) Seat #3 is the button
Seat 1: _SKR (620)
Seat 3: Atypix34 (280)
*** ANTE/BLINDS ***
Atypix34 posts small blind 40
_SKR posts big blind 80
Dealt to _SKR [4s 2h]
*** PRE-FLOP *** 
Atypix34 raises 200 to 280 and is all-in
_SKR folds
Atypix34 collected 360 from pot
*** SUMMARY ***
Total pot 360 | No rake
Seat 3: Atypix34 (small blind) (button) won 360


Winamax Poker - Tournament "Expresso Nitro" buyIn: 0.93€ + 0.07€ level: 5 - HandId: #2671025133291831297-23-1673527461 - Holdem no limit (40/80) - 2023/01/12 12:44:21 UTC
Table: 'Expresso Nitro(621896501)#0' 3-max (real money) Seat #1 is the button
Seat 1: _SKR (540)
Seat 3: Atypix34 (360)
*** ANTE/BLINDS ***
_SKR posts small blind 40
Atypix34 posts big blind 80
Dealt to _SKR [Qh 9c]
*** PRE-FLOP *** 
_SKR raises 460 to 540 and is all-in
Atypix34 calls 280 and is all-in
*** FLOP *** [Ac Qs 8s]
*** TURN *** [Ac Qs 8s][As]
*** RIVER *** [Ac Qs 8s As][Ah]
*** SHOW DOWN ***
Atypix34 shows [7s Kh] (Trips of Aces)
_SKR shows [Qh 9c] (Full of Aces and Queens)
_SKR collected 900 from pot
*** SUMMARY ***
Total pot 900 | No rake
Board: [Ac Qs 8s As Ah]
Seat 1: _SKR (small blind) (button) showed [Qh 9c] and won 900 with Full of Aces and Queens
Seat 3: Atypix34 (big blind) showed [7s Kh] and lost with Trips of Aces


