Winamax Poker - Tournament "Expresso Nitro" buyIn: 0.93€ + 0.07€ level: 1 - HandId: #2718636065538703361-1-1676292784 - Holdem no limit (10/20) - 2023/02/13 12:53:04 UTC
Table: 'Expresso Nitro(632981785)#0' 3-max (real money) Seat #2 is the button
Seat 1: liline7 (300)
Seat 2: _SKR (300)
Seat 3: angersline (300)
*** ANTE/BLINDS ***
angersline posts small blind 10
liline7 posts big blind 20
Dealt to _SKR [3d Kh]
*** PRE-FLOP *** 
_SKR folds
angersline calls 10
liline7 checks
*** FLOP *** [7c 5d Qc]
angersline checks
liline7 bets 280 and is all-in
angersline folds
liline7 collected 320 from pot
*** SUMMARY ***
Total pot 320 | No rake
Board: [7c 5d Qc]
Seat 1: liline7 (big blind) won 320


Winamax Poker - Tournament "Expresso Nitro" buyIn: 0.93€ + 0.07€ level: 1 - HandId: #2718636065538703361-2-1676292800 - Holdem no limit (10/20) - 2023/02/13 12:53:20 UTC
Table: 'Expresso Nitro(632981785)#0' 3-max (real money) Seat #3 is the button
Seat 1: liline7 (320)
Seat 2: _SKR (300)
Seat 3: angersline (280)
*** ANTE/BLINDS ***
liline7 posts small blind 10
_SKR posts big blind 20
Dealt to _SKR [4s 3h]
*** PRE-FLOP *** 
angersline calls 20
liline7 raises 300 to 320 and is all-in
_SKR folds
angersline folds
liline7 collected 360 from pot
*** SUMMARY ***
Total pot 360 | No rake
Seat 1: liline7 (small blind) won 360


Winamax Poker - Tournament "Expresso Nitro" buyIn: 0.93€ + 0.07€ level: 1 - HandId: #2718636065538703361-3-1676292811 - Holdem no limit (10/20) - 2023/02/13 12:53:31 UTC
Table: 'Expresso Nitro(632981785)#0' 3-max (real money) Seat #1 is the button
Seat 1: liline7 (360)
Seat 2: _SKR (280)
Seat 3: angersline (260)
*** ANTE/BLINDS ***
_SKR posts small blind 10
angersline posts big blind 20
Dealt to _SKR [3c 4h]
*** PRE-FLOP *** 
liline7 folds
_SKR folds
angersline collected 30 from pot
*** SUMMARY ***
Total pot 30 | No rake
Seat 3: angersline (big blind) won 30


Winamax Poker - Tournament "Expresso Nitro" buyIn: 0.93€ + 0.07€ level: 1 - HandId: #2718636065538703361-4-1676292819 - Holdem no limit (10/20) - 2023/02/13 12:53:39 UTC
Table: 'Expresso Nitro(632981785)#0' 3-max (real money) Seat #2 is the button
Seat 1: liline7 (360)
Seat 2: _SKR (270)
Seat 3: angersline (270)
*** ANTE/BLINDS ***
angersline posts small blind 10
liline7 posts big blind 20
Dealt to _SKR [Jd 9s]
*** PRE-FLOP *** 
_SKR folds
angersline calls 10
liline7 raises 340 to 360 and is all-in
angersline folds
liline7 collected 380 from pot
*** SUMMARY ***
Total pot 380 | No rake
Seat 1: liline7 (big blind) won 380


Winamax Poker - Tournament "Expresso Nitro" buyIn: 0.93€ + 0.07€ level: 1 - HandId: #2718636065538703361-5-1676292831 - Holdem no limit (10/20) - 2023/02/13 12:53:51 UTC
Table: 'Expresso Nitro(632981785)#0' 3-max (real money) Seat #3 is the button
Seat 1: liline7 (380)
Seat 2: _SKR (270)
Seat 3: angersline (250)
*** ANTE/BLINDS ***
liline7 posts small blind 10
_SKR posts big blind 20
Dealt to _SKR [7c 4c]
*** PRE-FLOP *** 
angersline folds
liline7 calls 10
_SKR checks
*** FLOP *** [Ac Jd 4d]
liline7 checks
_SKR checks
*** TURN *** [Ac Jd 4d][Ts]
liline7 checks
_SKR checks
*** RIVER *** [Ac Jd 4d Ts][8s]
liline7 checks
_SKR checks
*** SHOW DOWN ***
liline7 shows [7d Ks] (High card : Ace)
_SKR shows [7c 4c] (One pair : 4)
_SKR collected 40 from pot
*** SUMMARY ***
Total pot 40 | No rake
Board: [Ac Jd 4d Ts 8s]
Seat 1: liline7 (small blind) showed [7d Ks] and lost with High card : Ace
Seat 2: _SKR (big blind) showed [7c 4c] and won 40 with One pair : 4


Winamax Poker - Tournament "Expresso Nitro" buyIn: 0.93€ + 0.07€ level: 2 - HandId: #2718636065538703361-6-1676292869 - Holdem no limit (15/30) - 2023/02/13 12:54:29 UTC
Table: 'Expresso Nitro(632981785)#0' 3-max (real money) Seat #1 is the button
Seat 1: liline7 (360)
Seat 2: _SKR (290)
Seat 3: angersline (250)
*** ANTE/BLINDS ***
_SKR posts small blind 15
angersline posts big blind 30
Dealt to _SKR [Qc 6s]
*** PRE-FLOP *** 
liline7 raises 330 to 360 and is all-in
_SKR folds
angersline calls 220 and is all-in
*** FLOP *** [3c 4c 3s]
*** TURN *** [3c 4c 3s][Jh]
*** RIVER *** [3c 4c 3s Jh][5s]
*** SHOW DOWN ***
angersline shows [9d As] (One pair : 3)
liline7 shows [Ac 5d] (Two pairs : 5 and 3)
liline7 collected 625 from pot
*** SUMMARY ***
Total pot 625 | No rake
Board: [3c 4c 3s Jh 5s]
Seat 1: liline7 (button) showed [Ac 5d] and won 625 with Two pairs : 5 and 3
Seat 3: angersline (big blind) showed [9d As] and lost with One pair : 3


Winamax Poker - Tournament "Expresso Nitro" buyIn: 0.93€ + 0.07€ level: 2 - HandId: #2718636065538703361-7-1676292888 - Holdem no limit (15/30) - 2023/02/13 12:54:48 UTC
Table: 'Expresso Nitro(632981785)#0' 3-max (real money) Seat #1 is the button
Seat 1: liline7 (625)
Seat 2: _SKR (275)
*** ANTE/BLINDS ***
liline7 posts small blind 15
_SKR posts big blind 30
Dealt to _SKR [As 6d]
*** PRE-FLOP *** 
liline7 calls 15
_SKR raises 245 to 275 and is all-in
liline7 folds
_SKR collected 305 from pot
*** SUMMARY ***
Total pot 305 | No rake
Seat 2: _SKR (big blind) won 305


Winamax Poker - Tournament "Expresso Nitro" buyIn: 0.93€ + 0.07€ level: 2 - HandId: #2718636065538703361-8-1676292899 - Holdem no limit (15/30) - 2023/02/13 12:54:59 UTC
Table: 'Expresso Nitro(632981785)#0' 3-max (real money) Seat #2 is the button
Seat 1: liline7 (595)
Seat 2: _SKR (305)
*** ANTE/BLINDS ***
_SKR posts small blind 15
liline7 posts big blind 30
Dealt to _SKR [5c Ah]
*** PRE-FLOP *** 
_SKR raises 275 to 305 and is all-in
liline7 folds
_SKR collected 335 from pot
*** SUMMARY ***
Total pot 335 | No rake
Seat 2: _SKR (small blind) (button) won 335


Winamax Poker - Tournament "Expresso Nitro" buyIn: 0.93€ + 0.07€ level: 3 - HandId: #2718636065538703361-9-1676292904 - Holdem no limit (20/40) - 2023/02/13 12:55:04 UTC
Table: 'Expresso Nitro(632981785)#0' 3-max (real money) Seat #1 is the button
Seat 1: liline7 (565)
Seat 2: _SKR (335)
*** ANTE/BLINDS ***
liline7 posts small blind 20
_SKR posts big blind 40
Dealt to _SKR [Js 5s]
*** PRE-FLOP *** 
liline7 raises 525 to 565 and is all-in
_SKR folds
liline7 collected 605 from pot
*** SUMMARY ***
Total pot 605 | No rake
Seat 1: liline7 (small blind) (button) won 605


Winamax Poker - Tournament "Expresso Nitro" buyIn: 0.93€ + 0.07€ level: 3 - HandId: #2718636065538703361-10-1676292916 - Holdem no limit (20/40) - 2023/02/13 12:55:16 UTC
Table: 'Expresso Nitro(632981785)#0' 3-max (real money) Seat #2 is the button
Seat 1: liline7 (605)
Seat 2: _SKR (295)
*** ANTE/BLINDS ***
_SKR posts small blind 20
liline7 posts big blind 40
Dealt to _SKR [6s 5c]
*** PRE-FLOP *** 
_SKR folds
liline7 collected 60 from pot
*** SUMMARY ***
Total pot 60 | No rake
Seat 1: liline7 (big blind) won 60


Winamax Poker - Tournament "Expresso Nitro" buyIn: 0.93€ + 0.07€ level: 3 - HandId: #2718636065538703361-11-1676292920 - Holdem no limit (20/40) - 2023/02/13 12:55:20 UTC
Table: 'Expresso Nitro(632981785)#0' 3-max (real money) Seat #1 is the button
Seat 1: liline7 (625)
Seat 2: _SKR (275)
*** ANTE/BLINDS ***
liline7 posts small blind 20
_SKR posts big blind 40
Dealt to _SKR [7d 2s]
*** PRE-FLOP *** 
liline7 calls 20
_SKR checks
*** FLOP *** [Qh Kd As]
_SKR checks
liline7 checks
*** TURN *** [Qh Kd As][Ac]
_SKR checks
liline7 checks
*** RIVER *** [Qh Kd As Ac][Jd]
_SKR checks
liline7 checks
*** SHOW DOWN ***
_SKR shows [7d 2s] (One pair : Aces)
liline7 shows [5h Jh] (Two pairs : Aces and Jacks)
liline7 collected 80 from pot
*** SUMMARY ***
Total pot 80 | No rake
Board: [Qh Kd As Ac Jd]
Seat 1: liline7 (small blind) (button) showed [5h Jh] and won 80 with Two pairs : Aces and Jacks
Seat 2: _SKR (big blind) showed [7d 2s] and lost with One pair : Aces


Winamax Poker - Tournament "Expresso Nitro" buyIn: 0.93€ + 0.07€ level: 3 - HandId: #2718636065538703361-12-1676292939 - Holdem no limit (20/40) - 2023/02/13 12:55:39 UTC
Table: 'Expresso Nitro(632981785)#0' 3-max (real money) Seat #2 is the button
Seat 1: liline7 (665)
Seat 2: _SKR (235)
*** ANTE/BLINDS ***
_SKR posts small blind 20
liline7 posts big blind 40
Dealt to _SKR [8d Ac]
*** PRE-FLOP *** 
_SKR raises 195 to 235 and is all-in
liline7 folds
_SKR collected 275 from pot
*** SUMMARY ***
Total pot 275 | No rake
Seat 2: _SKR (small blind) (button) won 275


Winamax Poker - Tournament "Expresso Nitro" buyIn: 0.93€ + 0.07€ level: 3 - HandId: #2718636065538703361-13-1676292945 - Holdem no limit (20/40) - 2023/02/13 12:55:45 UTC
Table: 'Expresso Nitro(632981785)#0' 3-max (real money) Seat #1 is the button
Seat 1: liline7 (625)
Seat 2: _SKR (275)
*** ANTE/BLINDS ***
liline7 posts small blind 20
_SKR posts big blind 40
Dealt to _SKR [9c 7h]
*** PRE-FLOP *** 
liline7 raises 585 to 625 and is all-in
_SKR folds
liline7 collected 665 from pot
*** SUMMARY ***
Total pot 665 | No rake
Seat 1: liline7 (small blind) (button) won 665


Winamax Poker - Tournament "Expresso Nitro" buyIn: 0.93€ + 0.07€ level: 3 - HandId: #2718636065538703361-14-1676292953 - Holdem no limit (20/40) - 2023/02/13 12:55:53 UTC
Table: 'Expresso Nitro(632981785)#0' 3-max (real money) Seat #2 is the button
Seat 1: liline7 (665)
Seat 2: _SKR (235)
*** ANTE/BLINDS ***
_SKR posts small blind 20
liline7 posts big blind 40
Dealt to _SKR [7s Kd]
*** PRE-FLOP *** 
_SKR raises 195 to 235 and is all-in
liline7 calls 195
*** FLOP *** [6h 9c 2c]
*** TURN *** [6h 9c 2c][Kh]
*** RIVER *** [6h 9c 2c Kh][7d]
*** SHOW DOWN ***
liline7 shows [As 8c] (High card : Ace)
_SKR shows [7s Kd] (Two pairs : Kings and 7)
_SKR collected 470 from pot
*** SUMMARY ***
Total pot 470 | No rake
Board: [6h 9c 2c Kh 7d]
Seat 1: liline7 (big blind) showed [As 8c] and lost with High card : Ace
Seat 2: _SKR (small blind) (button) showed [7s Kd] and won 470 with Two pairs : Kings and 7


Winamax Poker - Tournament "Expresso Nitro" buyIn: 0.93€ + 0.07€ level: 4 - HandId: #2718636065538703361-15-1676292966 - Holdem no limit (30/60) - 2023/02/13 12:56:06 UTC
Table: 'Expresso Nitro(632981785)#0' 3-max (real money) Seat #1 is the button
Seat 1: liline7 (430)
Seat 2: _SKR (470)
*** ANTE/BLINDS ***
liline7 posts small blind 30
_SKR posts big blind 60
Dealt to _SKR [5d 3d]
*** PRE-FLOP *** 
liline7 raises 370 to 430 and is all-in
_SKR folds
liline7 collected 490 from pot
*** SUMMARY ***
Total pot 490 | No rake
Seat 1: liline7 (small blind) (button) won 490


Winamax Poker - Tournament "Expresso Nitro" buyIn: 0.93€ + 0.07€ level: 4 - HandId: #2718636065538703361-16-1676292976 - Holdem no limit (30/60) - 2023/02/13 12:56:16 UTC
Table: 'Expresso Nitro(632981785)#0' 3-max (real money) Seat #2 is the button
Seat 1: liline7 (490)
Seat 2: _SKR (410)
*** ANTE/BLINDS ***
_SKR posts small blind 30
liline7 posts big blind 60
Dealt to _SKR [9h 4h]
*** PRE-FLOP *** 
_SKR folds
liline7 collected 90 from pot
*** SUMMARY ***
Total pot 90 | No rake
Seat 1: liline7 (big blind) won 90


Winamax Poker - Tournament "Expresso Nitro" buyIn: 0.93€ + 0.07€ level: 4 - HandId: #2718636065538703361-17-1676292979 - Holdem no limit (30/60) - 2023/02/13 12:56:19 UTC
Table: 'Expresso Nitro(632981785)#0' 3-max (real money) Seat #1 is the button
Seat 1: liline7 (520)
Seat 2: _SKR (380)
*** ANTE/BLINDS ***
liline7 posts small blind 30
_SKR posts big blind 60
Dealt to _SKR [7d 5s]
*** PRE-FLOP *** 
liline7 folds
_SKR collected 90 from pot
*** SUMMARY ***
Total pot 90 | No rake
Seat 2: _SKR (big blind) won 90


Winamax Poker - Tournament "Expresso Nitro" buyIn: 0.93€ + 0.07€ level: 4 - HandId: #2718636065538703361-18-1676292983 - Holdem no limit (30/60) - 2023/02/13 12:56:23 UTC
Table: 'Expresso Nitro(632981785)#0' 3-max (real money) Seat #2 is the button
Seat 1: liline7 (490)
Seat 2: _SKR (410)
*** ANTE/BLINDS ***
_SKR posts small blind 30
liline7 posts big blind 60
Dealt to _SKR [Qh 2d]
*** PRE-FLOP *** 
_SKR folds
liline7 collected 90 from pot
*** SUMMARY ***
Total pot 90 | No rake
Seat 1: liline7 (big blind) won 90


Winamax Poker - Tournament "Expresso Nitro" buyIn: 0.93€ + 0.07€ level: 4 - HandId: #2718636065538703361-19-1676292987 - Holdem no limit (30/60) - 2023/02/13 12:56:27 UTC
Table: 'Expresso Nitro(632981785)#0' 3-max (real money) Seat #1 is the button
Seat 1: liline7 (520)
Seat 2: _SKR (380)
*** ANTE/BLINDS ***
liline7 posts small blind 30
_SKR posts big blind 60
Dealt to _SKR [8h Qc]
*** PRE-FLOP *** 
liline7 calls 30
_SKR raises 320 to 380 and is all-in
liline7 folds
_SKR collected 440 from pot
*** SUMMARY ***
Total pot 440 | No rake
Seat 2: _SKR (big blind) won 440


Winamax Poker - Tournament "Expresso Nitro" buyIn: 0.93€ + 0.07€ level: 4 - HandId: #2718636065538703361-20-1676292994 - Holdem no limit (30/60) - 2023/02/13 12:56:34 UTC
Table: 'Expresso Nitro(632981785)#0' 3-max (real money) Seat #2 is the button
Seat 1: liline7 (460)
Seat 2: _SKR (440)
*** ANTE/BLINDS ***
_SKR posts small blind 30
liline7 posts big blind 60
Dealt to _SKR [6c Th]
*** PRE-FLOP *** 
_SKR folds
liline7 collected 90 from pot
*** SUMMARY ***
Total pot 90 | No rake
Seat 1: liline7 (big blind) won 90


Winamax Poker - Tournament "Expresso Nitro" buyIn: 0.93€ + 0.07€ level: 4 - HandId: #2718636065538703361-21-1676292997 - Holdem no limit (30/60) - 2023/02/13 12:56:37 UTC
Table: 'Expresso Nitro(632981785)#0' 3-max (real money) Seat #1 is the button
Seat 1: liline7 (490)
Seat 2: _SKR (410)
*** ANTE/BLINDS ***
liline7 posts small blind 30
_SKR posts big blind 60
Dealt to _SKR [6h 9c]
*** PRE-FLOP *** 
liline7 folds
_SKR collected 90 from pot
*** SUMMARY ***
Total pot 90 | No rake
Seat 2: _SKR (big blind) won 90


Winamax Poker - Tournament "Expresso Nitro" buyIn: 0.93€ + 0.07€ level: 4 - HandId: #2718636065538703361-22-1676293001 - Holdem no limit (30/60) - 2023/02/13 12:56:41 UTC
Table: 'Expresso Nitro(632981785)#0' 3-max (real money) Seat #2 is the button
Seat 1: liline7 (460)
Seat 2: _SKR (440)
*** ANTE/BLINDS ***
_SKR posts small blind 30
liline7 posts big blind 60
Dealt to _SKR [5d Js]
*** PRE-FLOP *** 
_SKR folds
liline7 collected 90 from pot
*** SUMMARY ***
Total pot 90 | No rake
Seat 1: liline7 (big blind) won 90


Winamax Poker - Tournament "Expresso Nitro" buyIn: 0.93€ + 0.07€ level: 4 - HandId: #2718636065538703361-23-1676293004 - Holdem no limit (30/60) - 2023/02/13 12:56:44 UTC
Table: 'Expresso Nitro(632981785)#0' 3-max (real money) Seat #1 is the button
Seat 1: liline7 (490)
Seat 2: _SKR (410)
*** ANTE/BLINDS ***
liline7 posts small blind 30
_SKR posts big blind 60
Dealt to _SKR [6h Ac]
*** PRE-FLOP *** 
liline7 calls 30
_SKR raises 350 to 410 and is all-in
liline7 folds
_SKR collected 470 from pot
*** SUMMARY ***
Total pot 470 | No rake
Seat 2: _SKR (big blind) won 470


Winamax Poker - Tournament "Expresso Nitro" buyIn: 0.93€ + 0.07€ level: 4 - HandId: #2718636065538703361-24-1676293011 - Holdem no limit (30/60) - 2023/02/13 12:56:51 UTC
Table: 'Expresso Nitro(632981785)#0' 3-max (real money) Seat #2 is the button
Seat 1: liline7 (430)
Seat 2: _SKR (470)
*** ANTE/BLINDS ***
_SKR posts small blind 30
liline7 posts big blind 60
Dealt to _SKR [6s Ks]
*** PRE-FLOP *** 
_SKR raises 410 to 470 and is all-in
liline7 calls 370 and is all-in
*** FLOP *** [Qc Js 4s]
*** TURN *** [Qc Js 4s][2c]
*** RIVER *** [Qc Js 4s 2c][8c]
*** SHOW DOWN ***
liline7 shows [Qd 3d] (One pair : Queens)
_SKR shows [6s Ks] (High card : King)
_SKR collected 40 from side pot 1
liline7 collected 860 from main pot
*** SUMMARY ***
Total pot 900 | No rake
Board: [Qc Js 4s 2c 8c]
Seat 1: liline7 (big blind) showed [Qd 3d] and won 860 with One pair : Queens
Seat 2: _SKR (small blind) (button) showed [6s Ks] and won 40 with High card : King


Winamax Poker - Tournament "Expresso Nitro" buyIn: 0.93€ + 0.07€ level: 5 - HandId: #2718636065538703361-25-1676293022 - Holdem no limit (40/80) - 2023/02/13 12:57:02 UTC
Table: 'Expresso Nitro(632981785)#0' 3-max (real money) Seat #1 is the button
Seat 1: liline7 (860)
Seat 2: _SKR (40)
*** ANTE/BLINDS ***
liline7 posts small blind 40
_SKR posts big blind 40 and is all-in
Dealt to _SKR [Ts 3h]
*** PRE-FLOP *** 
*** FLOP *** [5d 7c 6c]
*** TURN *** [5d 7c 6c][9s]
*** RIVER *** [5d 7c 6c 9s][Qh]
*** SHOW DOWN ***
_SKR shows [Ts 3h] (High card : Queen)
liline7 shows [As 9d] (One pair : 9)
liline7 collected 80 from pot
*** SUMMARY ***
Total pot 80 | No rake
Board: [5d 7c 6c 9s Qh]
Seat 1: liline7 (small blind) (button) showed [As 9d] and won 80 with One pair : 9
Seat 2: _SKR (big blind) showed [Ts 3h] and lost with High card : Queen


