Winamax Poker - Tournament "Expresso Nitro" buyIn: 0.93€ + 0.07€ level: 1 - HandId: #2717303478920675329-1-1676216610 - Holdem no limit (10/20) - 2023/02/12 15:43:30 UTC
Table: 'Expresso Nitro(632671518)#0' 3-max (real money) Seat #3 is the button
Seat 1: yonaben (300)
Seat 2: _SKR (300)
Seat 3: stratman974 (300)
*** ANTE/BLINDS ***
yonaben posts small blind 10
_SKR posts big blind 20
Dealt to _SKR [8h Js]
*** PRE-FLOP *** 
stratman974 raises 280 to 300 and is all-in
yonaben calls 290 and is all-in
_SKR folds
*** FLOP *** [2h 7c 7s]
*** TURN *** [2h 7c 7s][6h]
*** RIVER *** [2h 7c 7s 6h][2d]
*** SHOW DOWN ***
yonaben shows [5h Ac] (Two pairs : 7 and 2)
stratman974 shows [Tc As] (Two pairs : 7 and 2)
stratman974 collected 310 from pot
yonaben collected 310 from pot
*** SUMMARY ***
Total pot 620 | No rake
Board: [2h 7c 7s 6h 2d]
Seat 1: yonaben (small blind) showed [5h Ac] and won 310 with Two pairs : 7 and 2
Seat 3: stratman974 (button) showed [Tc As] and won 310 with Two pairs : 7 and 2


Winamax Poker - Tournament "Expresso Nitro" buyIn: 0.93€ + 0.07€ level: 1 - HandId: #2717303478920675329-2-1676216623 - Holdem no limit (10/20) - 2023/02/12 15:43:43 UTC
Table: 'Expresso Nitro(632671518)#0' 3-max (real money) Seat #1 is the button
Seat 1: yonaben (310)
Seat 2: _SKR (280)
Seat 3: stratman974 (310)
*** ANTE/BLINDS ***
_SKR posts small blind 10
stratman974 posts big blind 20
Dealt to _SKR [8h 7s]
*** PRE-FLOP *** 
yonaben folds
_SKR folds
stratman974 collected 30 from pot
*** SUMMARY ***
Total pot 30 | No rake
Seat 3: stratman974 (big blind) won 30


Winamax Poker - Tournament "Expresso Nitro" buyIn: 0.93€ + 0.07€ level: 1 - HandId: #2717303478920675329-3-1676216629 - Holdem no limit (10/20) - 2023/02/12 15:43:49 UTC
Table: 'Expresso Nitro(632671518)#0' 3-max (real money) Seat #2 is the button
Seat 1: yonaben (310)
Seat 2: _SKR (270)
Seat 3: stratman974 (320)
*** ANTE/BLINDS ***
stratman974 posts small blind 10
yonaben posts big blind 20
Dealt to _SKR [4s Jc]
*** PRE-FLOP *** 
_SKR folds
stratman974 folds
yonaben collected 30 from pot
*** SUMMARY ***
Total pot 30 | No rake
Seat 1: yonaben (big blind) won 30


Winamax Poker - Tournament "Expresso Nitro" buyIn: 0.93€ + 0.07€ level: 1 - HandId: #2717303478920675329-4-1676216639 - Holdem no limit (10/20) - 2023/02/12 15:43:59 UTC
Table: 'Expresso Nitro(632671518)#0' 3-max (real money) Seat #3 is the button
Seat 1: yonaben (320)
Seat 2: _SKR (270)
Seat 3: stratman974 (310)
*** ANTE/BLINDS ***
yonaben posts small blind 10
_SKR posts big blind 20
Dealt to _SKR [6s 8s]
*** PRE-FLOP *** 
stratman974 raises 290 to 310 and is all-in
yonaben folds
_SKR folds
stratman974 collected 340 from pot
*** SUMMARY ***
Total pot 340 | No rake
Seat 3: stratman974 (button) won 340


Winamax Poker - Tournament "Expresso Nitro" buyIn: 0.93€ + 0.07€ level: 1 - HandId: #2717303478920675329-5-1676216648 - Holdem no limit (10/20) - 2023/02/12 15:44:08 UTC
Table: 'Expresso Nitro(632671518)#0' 3-max (real money) Seat #1 is the button
Seat 1: yonaben (310)
Seat 2: _SKR (250)
Seat 3: stratman974 (340)
*** ANTE/BLINDS ***
_SKR posts small blind 10
stratman974 posts big blind 20
Dealt to _SKR [Kc 5d]
*** PRE-FLOP *** 
yonaben raises 20 to 40
_SKR folds
stratman974 raises 300 to 340 and is all-in
yonaben calls 270 and is all-in
*** FLOP *** [9c Ad 4h]
*** TURN *** [9c Ad 4h][7d]
*** RIVER *** [9c Ad 4h 7d][7h]
*** SHOW DOWN ***
yonaben shows [9h Ks] (Two pairs : 9 and 7)
stratman974 shows [8h 8s] (Two pairs : 8 and 7)
stratman974 collected 30 from side pot 1
yonaben collected 630 from main pot
*** SUMMARY ***
Total pot 660 | No rake
Board: [9c Ad 4h 7d 7h]
Seat 1: yonaben (button) showed [9h Ks] and won 630 with Two pairs : 9 and 7
Seat 3: stratman974 (big blind) showed [8h 8s] and won 30 with Two pairs : 8 and 7


Winamax Poker - Tournament "Expresso Nitro" buyIn: 0.93€ + 0.07€ level: 1 - HandId: #2717303478920675329-6-1676216665 - Holdem no limit (10/20) - 2023/02/12 15:44:25 UTC
Table: 'Expresso Nitro(632671518)#0' 3-max (real money) Seat #2 is the button
Seat 1: yonaben (630)
Seat 2: _SKR (240)
Seat 3: stratman974 (30)
*** ANTE/BLINDS ***
stratman974 posts small blind 10
yonaben posts big blind 20
Dealt to _SKR [9s 9d]
*** PRE-FLOP *** 
_SKR raises 220 to 240 and is all-in
stratman974 calls 20 and is all-in
yonaben folds
*** FLOP *** [6s Th 7h]
*** TURN *** [6s Th 7h][5d]
*** RIVER *** [6s Th 7h 5d][9h]
*** SHOW DOWN ***
stratman974 shows [Jc Qd] (High card : Queen)
_SKR shows [9s 9d] (Trips of 9)
_SKR collected 290 from pot
*** SUMMARY ***
Total pot 290 | No rake
Board: [6s Th 7h 5d 9h]
Seat 2: _SKR (button) showed [9s 9d] and won 290 with Trips of 9
Seat 3: stratman974 (small blind) showed [Jc Qd] and lost with High card : Queen


Winamax Poker - Tournament "Expresso Nitro" buyIn: 0.93€ + 0.07€ level: 2 - HandId: #2717303478920675329-7-1676216683 - Holdem no limit (15/30) - 2023/02/12 15:44:43 UTC
Table: 'Expresso Nitro(632671518)#0' 3-max (real money) Seat #1 is the button
Seat 1: yonaben (610)
Seat 2: _SKR (290)
*** ANTE/BLINDS ***
yonaben posts small blind 15
_SKR posts big blind 30
Dealt to _SKR [2d 9c]
*** PRE-FLOP *** 
yonaben raises 60 to 90
_SKR folds
yonaben collected 120 from pot
*** SUMMARY ***
Total pot 120 | No rake
Seat 1: yonaben (small blind) (button) won 120


Winamax Poker - Tournament "Expresso Nitro" buyIn: 0.93€ + 0.07€ level: 2 - HandId: #2717303478920675329-8-1676216691 - Holdem no limit (15/30) - 2023/02/12 15:44:51 UTC
Table: 'Expresso Nitro(632671518)#0' 3-max (real money) Seat #2 is the button
Seat 1: yonaben (640)
Seat 2: _SKR (260)
*** ANTE/BLINDS ***
_SKR posts small blind 15
yonaben posts big blind 30
Dealt to _SKR [5h Js]
*** PRE-FLOP *** 
_SKR folds
yonaben collected 45 from pot
*** SUMMARY ***
Total pot 45 | No rake
Seat 1: yonaben (big blind) won 45


Winamax Poker - Tournament "Expresso Nitro" buyIn: 0.93€ + 0.07€ level: 2 - HandId: #2717303478920675329-9-1676216705 - Holdem no limit (15/30) - 2023/02/12 15:45:05 UTC
Table: 'Expresso Nitro(632671518)#0' 3-max (real money) Seat #1 is the button
Seat 1: yonaben (655)
Seat 2: _SKR (245)
*** ANTE/BLINDS ***
yonaben posts small blind 15
_SKR posts big blind 30
Dealt to _SKR [Kc 5h]
*** PRE-FLOP *** 
yonaben raises 625 to 655 and is all-in
_SKR folds
yonaben collected 685 from pot
*** SUMMARY ***
Total pot 685 | No rake
Seat 1: yonaben (small blind) (button) won 685


Winamax Poker - Tournament "Expresso Nitro" buyIn: 0.93€ + 0.07€ level: 2 - HandId: #2717303478920675329-10-1676216713 - Holdem no limit (15/30) - 2023/02/12 15:45:13 UTC
Table: 'Expresso Nitro(632671518)#0' 3-max (real money) Seat #2 is the button
Seat 1: yonaben (685)
Seat 2: _SKR (215)
*** ANTE/BLINDS ***
_SKR posts small blind 15
yonaben posts big blind 30
Dealt to _SKR [Ah 5d]
*** PRE-FLOP *** 
_SKR raises 185 to 215 and is all-in
yonaben folds
_SKR collected 245 from pot
*** SUMMARY ***
Total pot 245 | No rake
Seat 2: _SKR (small blind) (button) won 245


Winamax Poker - Tournament "Expresso Nitro" buyIn: 0.93€ + 0.07€ level: 2 - HandId: #2717303478920675329-11-1676216719 - Holdem no limit (15/30) - 2023/02/12 15:45:19 UTC
Table: 'Expresso Nitro(632671518)#0' 3-max (real money) Seat #1 is the button
Seat 1: yonaben (655)
Seat 2: _SKR (245)
*** ANTE/BLINDS ***
yonaben posts small blind 15
_SKR posts big blind 30
Dealt to _SKR [8d 7h]
*** PRE-FLOP *** 
yonaben folds
_SKR collected 45 from pot
*** SUMMARY ***
Total pot 45 | No rake
Seat 2: _SKR (big blind) won 45


Winamax Poker - Tournament "Expresso Nitro" buyIn: 0.93€ + 0.07€ level: 2 - HandId: #2717303478920675329-12-1676216722 - Holdem no limit (15/30) - 2023/02/12 15:45:22 UTC
Table: 'Expresso Nitro(632671518)#0' 3-max (real money) Seat #2 is the button
Seat 1: yonaben (640)
Seat 2: _SKR (260)
*** ANTE/BLINDS ***
_SKR posts small blind 15
yonaben posts big blind 30
Dealt to _SKR [8s Qd]
*** PRE-FLOP *** 
_SKR raises 230 to 260 and is all-in
yonaben folds
_SKR collected 290 from pot
*** SUMMARY ***
Total pot 290 | No rake
Seat 2: _SKR (small blind) (button) won 290


Winamax Poker - Tournament "Expresso Nitro" buyIn: 0.93€ + 0.07€ level: 3 - HandId: #2717303478920675329-13-1676216731 - Holdem no limit (20/40) - 2023/02/12 15:45:31 UTC
Table: 'Expresso Nitro(632671518)#0' 3-max (real money) Seat #1 is the button
Seat 1: yonaben (610)
Seat 2: _SKR (290)
*** ANTE/BLINDS ***
yonaben posts small blind 20
_SKR posts big blind 40
Dealt to _SKR [Td Qs]
*** PRE-FLOP *** 
yonaben folds
_SKR collected 60 from pot
*** SUMMARY ***
Total pot 60 | No rake
Seat 2: _SKR (big blind) won 60


Winamax Poker - Tournament "Expresso Nitro" buyIn: 0.93€ + 0.07€ level: 3 - HandId: #2717303478920675329-14-1676216735 - Holdem no limit (20/40) - 2023/02/12 15:45:35 UTC
Table: 'Expresso Nitro(632671518)#0' 3-max (real money) Seat #2 is the button
Seat 1: yonaben (590)
Seat 2: _SKR (310)
*** ANTE/BLINDS ***
_SKR posts small blind 20
yonaben posts big blind 40
Dealt to _SKR [8h 7d]
*** PRE-FLOP *** 
_SKR folds
yonaben collected 60 from pot
*** SUMMARY ***
Total pot 60 | No rake
Seat 1: yonaben (big blind) won 60


Winamax Poker - Tournament "Expresso Nitro" buyIn: 0.93€ + 0.07€ level: 3 - HandId: #2717303478920675329-15-1676216741 - Holdem no limit (20/40) - 2023/02/12 15:45:41 UTC
Table: 'Expresso Nitro(632671518)#0' 3-max (real money) Seat #1 is the button
Seat 1: yonaben (610)
Seat 2: _SKR (290)
*** ANTE/BLINDS ***
yonaben posts small blind 20
_SKR posts big blind 40
Dealt to _SKR [Ac Td]
*** PRE-FLOP *** 
yonaben raises 80 to 120
_SKR raises 170 to 290 and is all-in
yonaben calls 170
*** FLOP *** [8s Qs Tc]
*** TURN *** [8s Qs Tc][Qc]
*** RIVER *** [8s Qs Tc Qc][6h]
*** SHOW DOWN ***
yonaben shows [Kd Jd] (One pair : Queens)
_SKR shows [Ac Td] (Two pairs : Queens and Tens)
_SKR collected 580 from pot
*** SUMMARY ***
Total pot 580 | No rake
Board: [8s Qs Tc Qc 6h]
Seat 1: yonaben (small blind) (button) showed [Kd Jd] and lost with One pair : Queens
Seat 2: _SKR (big blind) showed [Ac Td] and won 580 with Two pairs : Queens and Tens


Winamax Poker - Tournament "Expresso Nitro" buyIn: 0.93€ + 0.07€ level: 3 - HandId: #2717303478920675329-16-1676216760 - Holdem no limit (20/40) - 2023/02/12 15:46:00 UTC
Table: 'Expresso Nitro(632671518)#0' 3-max (real money) Seat #2 is the button
Seat 1: yonaben (320)
Seat 2: _SKR (580)
*** ANTE/BLINDS ***
_SKR posts small blind 20
yonaben posts big blind 40
Dealt to _SKR [6s 8d]
*** PRE-FLOP *** 
_SKR folds
yonaben collected 60 from pot
*** SUMMARY ***
Total pot 60 | No rake
Seat 1: yonaben (big blind) won 60


Winamax Poker - Tournament "Expresso Nitro" buyIn: 0.93€ + 0.07€ level: 3 - HandId: #2717303478920675329-17-1676216763 - Holdem no limit (20/40) - 2023/02/12 15:46:03 UTC
Table: 'Expresso Nitro(632671518)#0' 3-max (real money) Seat #1 is the button
Seat 1: yonaben (340)
Seat 2: _SKR (560)
*** ANTE/BLINDS ***
yonaben posts small blind 20
_SKR posts big blind 40
Dealt to _SKR [8d Ad]
*** PRE-FLOP *** 
yonaben folds
_SKR collected 60 from pot
*** SUMMARY ***
Total pot 60 | No rake
Seat 2: _SKR (big blind) won 60


Winamax Poker - Tournament "Expresso Nitro" buyIn: 0.93€ + 0.07€ level: 3 - HandId: #2717303478920675329-18-1676216767 - Holdem no limit (20/40) - 2023/02/12 15:46:07 UTC
Table: 'Expresso Nitro(632671518)#0' 3-max (real money) Seat #2 is the button
Seat 1: yonaben (320)
Seat 2: _SKR (580)
*** ANTE/BLINDS ***
_SKR posts small blind 20
yonaben posts big blind 40
Dealt to _SKR [Td 5d]
*** PRE-FLOP *** 
_SKR folds
yonaben collected 60 from pot
*** SUMMARY ***
Total pot 60 | No rake
Seat 1: yonaben (big blind) won 60


Winamax Poker - Tournament "Expresso Nitro" buyIn: 0.93€ + 0.07€ level: 3 - HandId: #2717303478920675329-19-1676216772 - Holdem no limit (20/40) - 2023/02/12 15:46:12 UTC
Table: 'Expresso Nitro(632671518)#0' 3-max (real money) Seat #1 is the button
Seat 1: yonaben (340)
Seat 2: _SKR (560)
*** ANTE/BLINDS ***
yonaben posts small blind 20
_SKR posts big blind 40
Dealt to _SKR [4s Qc]
*** PRE-FLOP *** 
yonaben raises 300 to 340 and is all-in
_SKR folds
yonaben collected 380 from pot
*** SUMMARY ***
Total pot 380 | No rake
Seat 1: yonaben (small blind) (button) won 380


Winamax Poker - Tournament "Expresso Nitro" buyIn: 0.93€ + 0.07€ level: 3 - HandId: #2717303478920675329-20-1676216785 - Holdem no limit (20/40) - 2023/02/12 15:46:25 UTC
Table: 'Expresso Nitro(632671518)#0' 3-max (real money) Seat #2 is the button
Seat 1: yonaben (380)
Seat 2: _SKR (520)
*** ANTE/BLINDS ***
_SKR posts small blind 20
yonaben posts big blind 40
Dealt to _SKR [Ad 5c]
*** PRE-FLOP *** 
_SKR raises 480 to 520 and is all-in
yonaben calls 340 and is all-in
*** FLOP *** [Tc 3h Td]
*** TURN *** [Tc 3h Td][4c]
*** RIVER *** [Tc 3h Td 4c][9s]
*** SHOW DOWN ***
yonaben shows [Kc Qd] (One pair : Tens)
_SKR shows [Ad 5c] (One pair : Tens)
_SKR collected 900 from pot
*** SUMMARY ***
Total pot 900 | No rake
Board: [Tc 3h Td 4c 9s]
Seat 1: yonaben (big blind) showed [Kc Qd] and lost with One pair : Tens
Seat 2: _SKR (small blind) (button) showed [Ad 5c] and won 900 with One pair : Tens


