Winamax Poker - Tournament "Expresso Nitro" buyIn: 0.93€ + 0.07€ level: 1 - HandId: #2734180647399587841-1-1677187212 - Holdem no limit (10/20) - 2023/02/23 21:20:12 UTC
Table: 'Expresso Nitro(636601040)#0' 3-max (real money) Seat #2 is the button
Seat 1: lolo1504 (300)
Seat 2: FAN2BRITNEY (300)
Seat 3: _SKR (300)
*** ANTE/BLINDS ***
_SKR posts small blind 10
lolo1504 posts big blind 20
Dealt to _SKR [6c Ac]
*** PRE-FLOP *** 
FAN2BRITNEY raises 20 to 40
_SKR folds
lolo1504 calls 20
*** FLOP *** [9c Kh 9d]
lolo1504 checks
FAN2BRITNEY bets 60
lolo1504 calls 60
*** TURN *** [9c Kh 9d][3c]
lolo1504 checks
FAN2BRITNEY checks
*** RIVER *** [9c Kh 9d 3c][Kc]
lolo1504 bets 74
FAN2BRITNEY calls 74
*** SHOW DOWN ***
lolo1504 shows [Jh Td] (Two pairs : Kings and 9)
FAN2BRITNEY shows [Qh Ts] (Two pairs : Kings and 9)
FAN2BRITNEY collected 358 from pot
*** SUMMARY ***
Total pot 358 | No rake
Board: [9c Kh 9d 3c Kc]
Seat 1: lolo1504 (big blind) showed [Jh Td] and lost with Two pairs : Kings and 9
Seat 2: FAN2BRITNEY (button) showed [Qh Ts] and won 358 with Two pairs : Kings and 9


Winamax Poker - Tournament "Expresso Nitro" buyIn: 0.93€ + 0.07€ level: 1 - HandId: #2734180647399587841-2-1677187239 - Holdem no limit (10/20) - 2023/02/23 21:20:39 UTC
Table: 'Expresso Nitro(636601040)#0' 3-max (real money) Seat #3 is the button
Seat 1: lolo1504 (126)
Seat 2: FAN2BRITNEY (484)
Seat 3: _SKR (290)
*** ANTE/BLINDS ***
lolo1504 posts small blind 10
FAN2BRITNEY posts big blind 20
Dealt to _SKR [2s Qc]
*** PRE-FLOP *** 
_SKR folds
lolo1504 raises 106 to 126 and is all-in
FAN2BRITNEY calls 106
*** FLOP *** [6s 8h 3d]
*** TURN *** [6s 8h 3d][Jc]
*** RIVER *** [6s 8h 3d Jc][9s]
*** SHOW DOWN ***
FAN2BRITNEY shows [5d Kc] (High card : King)
lolo1504 shows [6d Ad] (One pair : 6)
lolo1504 collected 252 from pot
*** SUMMARY ***
Total pot 252 | No rake
Board: [6s 8h 3d Jc 9s]
Seat 1: lolo1504 (small blind) showed [6d Ad] and won 252 with One pair : 6
Seat 2: FAN2BRITNEY (big blind) showed [5d Kc] and lost with High card : King


Winamax Poker - Tournament "Expresso Nitro" buyIn: 0.93€ + 0.07€ level: 1 - HandId: #2734180647399587841-3-1677187253 - Holdem no limit (10/20) - 2023/02/23 21:20:53 UTC
Table: 'Expresso Nitro(636601040)#0' 3-max (real money) Seat #1 is the button
Seat 1: lolo1504 (252)
Seat 2: FAN2BRITNEY (358)
Seat 3: _SKR (290)
*** ANTE/BLINDS ***
FAN2BRITNEY posts small blind 10
_SKR posts big blind 20
Dealt to _SKR [9s 3s]
*** PRE-FLOP *** 
lolo1504 folds
FAN2BRITNEY calls 10
_SKR checks
*** FLOP *** [Td 6s 8h]
FAN2BRITNEY bets 20
_SKR calls 20
*** TURN *** [Td 6s 8h][Ac]
FAN2BRITNEY checks
_SKR checks
*** RIVER *** [Td 6s 8h Ac][7c]
FAN2BRITNEY checks
_SKR bets 52
FAN2BRITNEY folds
_SKR collected 132 from pot
*** SUMMARY ***
Total pot 132 | No rake
Board: [Td 6s 8h Ac 7c]
Seat 3: _SKR (big blind) won 132


Winamax Poker - Tournament "Expresso Nitro" buyIn: 0.93€ + 0.07€ level: 2 - HandId: #2734180647399587841-4-1677187300 - Holdem no limit (15/30) - 2023/02/23 21:21:40 UTC
Table: 'Expresso Nitro(636601040)#0' 3-max (real money) Seat #2 is the button
Seat 1: lolo1504 (252)
Seat 2: FAN2BRITNEY (318)
Seat 3: _SKR (330)
*** ANTE/BLINDS ***
_SKR posts small blind 15
lolo1504 posts big blind 30
Dealt to _SKR [7h 4c]
*** PRE-FLOP *** 
FAN2BRITNEY folds
_SKR folds
lolo1504 collected 45 from pot
*** SUMMARY ***
Total pot 45 | No rake
Seat 1: lolo1504 (big blind) won 45


Winamax Poker - Tournament "Expresso Nitro" buyIn: 0.93€ + 0.07€ level: 2 - HandId: #2734180647399587841-5-1677187306 - Holdem no limit (15/30) - 2023/02/23 21:21:46 UTC
Table: 'Expresso Nitro(636601040)#0' 3-max (real money) Seat #3 is the button
Seat 1: lolo1504 (267)
Seat 2: FAN2BRITNEY (318)
Seat 3: _SKR (315)
*** ANTE/BLINDS ***
lolo1504 posts small blind 15
FAN2BRITNEY posts big blind 30
Dealt to _SKR [8c Kh]
*** PRE-FLOP *** 
_SKR folds
lolo1504 folds
FAN2BRITNEY collected 45 from pot
*** SUMMARY ***
Total pot 45 | No rake
Seat 2: FAN2BRITNEY (big blind) won 45


Winamax Poker - Tournament "Expresso Nitro" buyIn: 0.93€ + 0.07€ level: 2 - HandId: #2734180647399587841-6-1677187323 - Holdem no limit (15/30) - 2023/02/23 21:22:03 UTC
Table: 'Expresso Nitro(636601040)#0' 3-max (real money) Seat #1 is the button
Seat 1: lolo1504 (252)
Seat 2: FAN2BRITNEY (333)
Seat 3: _SKR (315)
*** ANTE/BLINDS ***
FAN2BRITNEY posts small blind 15
_SKR posts big blind 30
Dealt to _SKR [Ks Qh]
*** PRE-FLOP *** 
lolo1504 folds
FAN2BRITNEY raises 303 to 333 and is all-in
_SKR calls 285 and is all-in
*** FLOP *** [Jc Jh 4s]
*** TURN *** [Jc Jh 4s][Ts]
*** RIVER *** [Jc Jh 4s Ts][6c]
*** SHOW DOWN ***
FAN2BRITNEY shows [8s Kc] (One pair : Jacks)
_SKR shows [Ks Qh] (One pair : Jacks)
_SKR collected 630 from main pot
FAN2BRITNEY collected 18 from side pot 1
*** SUMMARY ***
Total pot 648 | No rake
Board: [Jc Jh 4s Ts 6c]
Seat 2: FAN2BRITNEY (small blind) showed [8s Kc] and won 18 with One pair : Jacks
Seat 3: _SKR (big blind) showed [Ks Qh] and won 630 with One pair : Jacks


Winamax Poker - Tournament "Expresso Nitro" buyIn: 0.93€ + 0.07€ level: 3 - HandId: #2734180647399587841-7-1677187336 - Holdem no limit (20/40) - 2023/02/23 21:22:16 UTC
Table: 'Expresso Nitro(636601040)#0' 3-max (real money) Seat #2 is the button
Seat 1: lolo1504 (252)
Seat 2: FAN2BRITNEY (18)
Seat 3: _SKR (630)
*** ANTE/BLINDS ***
_SKR posts small blind 20
lolo1504 posts big blind 40
Dealt to _SKR [3h 3s]
*** PRE-FLOP *** 
FAN2BRITNEY calls 18 and is all-in
_SKR raises 590 to 630 and is all-in
lolo1504 folds
*** FLOP *** [2c 4h 3c]
*** TURN *** [2c 4h 3c][Ah]
*** RIVER *** [2c 4h 3c Ah][Js]
*** SHOW DOWN ***
FAN2BRITNEY shows [Kd 9h] (High card : Ace)
_SKR shows [3h 3s] (Trips of 3)
_SKR collected 688 from pot
*** SUMMARY ***
Total pot 688 | No rake
Board: [2c 4h 3c Ah Js]
Seat 2: FAN2BRITNEY (button) showed [Kd 9h] and lost with High card : Ace
Seat 3: _SKR (small blind) showed [3h 3s] and won 688 with Trips of 3


Winamax Poker - Tournament "Expresso Nitro" buyIn: 0.93€ + 0.07€ level: 3 - HandId: #2734180647399587841-8-1677187351 - Holdem no limit (20/40) - 2023/02/23 21:22:31 UTC
Table: 'Expresso Nitro(636601040)#0' 3-max (real money) Seat #1 is the button
Seat 1: lolo1504 (212)
Seat 3: _SKR (688)
*** ANTE/BLINDS ***
lolo1504 posts small blind 20
_SKR posts big blind 40
Dealt to _SKR [6s 6c]
*** PRE-FLOP *** 
lolo1504 calls 20
_SKR raises 648 to 688 and is all-in
lolo1504 folds
_SKR collected 728 from pot
*** SUMMARY ***
Total pot 728 | No rake
Seat 3: _SKR (big blind) won 728


Winamax Poker - Tournament "Expresso Nitro" buyIn: 0.93€ + 0.07€ level: 3 - HandId: #2734180647399587841-9-1677187363 - Holdem no limit (20/40) - 2023/02/23 21:22:43 UTC
Table: 'Expresso Nitro(636601040)#0' 3-max (real money) Seat #3 is the button
Seat 1: lolo1504 (172)
Seat 3: _SKR (728)
*** ANTE/BLINDS ***
_SKR posts small blind 20
lolo1504 posts big blind 40
Dealt to _SKR [8d 5h]
*** PRE-FLOP *** 
_SKR folds
lolo1504 collected 60 from pot
*** SUMMARY ***
Total pot 60 | No rake
Seat 1: lolo1504 (big blind) won 60


Winamax Poker - Tournament "Expresso Nitro" buyIn: 0.93€ + 0.07€ level: 3 - HandId: #2734180647399587841-10-1677187368 - Holdem no limit (20/40) - 2023/02/23 21:22:48 UTC
Table: 'Expresso Nitro(636601040)#0' 3-max (real money) Seat #1 is the button
Seat 1: lolo1504 (192)
Seat 3: _SKR (708)
*** ANTE/BLINDS ***
lolo1504 posts small blind 20
_SKR posts big blind 40
Dealt to _SKR [6h Qs]
*** PRE-FLOP *** 
lolo1504 calls 20
_SKR raises 668 to 708 and is all-in
lolo1504 calls 152 and is all-in
*** FLOP *** [3h 2d 9s]
*** TURN *** [3h 2d 9s][8h]
*** RIVER *** [3h 2d 9s 8h][9c]
*** SHOW DOWN ***
lolo1504 shows [Ac 5s] (One pair : 9)
_SKR shows [6h Qs] (One pair : 9)
_SKR collected 516 from side pot 1
lolo1504 collected 384 from main pot
*** SUMMARY ***
Total pot 900 | No rake
Board: [3h 2d 9s 8h 9c]
Seat 1: lolo1504 (small blind) (button) showed [Ac 5s] and won 384 with One pair : 9
Seat 3: _SKR (big blind) showed [6h Qs] and won 516 with One pair : 9


Winamax Poker - Tournament "Expresso Nitro" buyIn: 0.93€ + 0.07€ level: 3 - HandId: #2734180647399587841-11-1677187383 - Holdem no limit (20/40) - 2023/02/23 21:23:03 UTC
Table: 'Expresso Nitro(636601040)#0' 3-max (real money) Seat #3 is the button
Seat 1: lolo1504 (384)
Seat 3: _SKR (516)
*** ANTE/BLINDS ***
_SKR posts small blind 20
lolo1504 posts big blind 40
Dealt to _SKR [Qs 8c]
*** PRE-FLOP *** 
_SKR raises 476 to 516 and is all-in
lolo1504 folds
_SKR collected 556 from pot
*** SUMMARY ***
Total pot 556 | No rake
Seat 3: _SKR (small blind) (button) won 556


Winamax Poker - Tournament "Expresso Nitro" buyIn: 0.93€ + 0.07€ level: 4 - HandId: #2734180647399587841-12-1677187394 - Holdem no limit (30/60) - 2023/02/23 21:23:14 UTC
Table: 'Expresso Nitro(636601040)#0' 3-max (real money) Seat #1 is the button
Seat 1: lolo1504 (344)
Seat 3: _SKR (556)
*** ANTE/BLINDS ***
lolo1504 posts small blind 30
_SKR posts big blind 60
Dealt to _SKR [7s Jh]
*** PRE-FLOP *** 
lolo1504 raises 90 to 150
_SKR folds
lolo1504 collected 210 from pot
*** SUMMARY ***
Total pot 210 | No rake
Seat 1: lolo1504 (small blind) (button) won 210


Winamax Poker - Tournament "Expresso Nitro" buyIn: 0.93€ + 0.07€ level: 4 - HandId: #2734180647399587841-13-1677187402 - Holdem no limit (30/60) - 2023/02/23 21:23:22 UTC
Table: 'Expresso Nitro(636601040)#0' 3-max (real money) Seat #3 is the button
Seat 1: lolo1504 (404)
Seat 3: _SKR (496)
*** ANTE/BLINDS ***
_SKR posts small blind 30
lolo1504 posts big blind 60
Dealt to _SKR [Js 4d]
*** PRE-FLOP *** 
_SKR folds
lolo1504 collected 90 from pot
*** SUMMARY ***
Total pot 90 | No rake
Seat 1: lolo1504 (big blind) won 90


Winamax Poker - Tournament "Expresso Nitro" buyIn: 0.93€ + 0.07€ level: 4 - HandId: #2734180647399587841-14-1677187406 - Holdem no limit (30/60) - 2023/02/23 21:23:26 UTC
Table: 'Expresso Nitro(636601040)#0' 3-max (real money) Seat #1 is the button
Seat 1: lolo1504 (434)
Seat 3: _SKR (466)
*** ANTE/BLINDS ***
lolo1504 posts small blind 30
_SKR posts big blind 60
Dealt to _SKR [Qs 7d]
*** PRE-FLOP *** 
lolo1504 folds
_SKR collected 90 from pot
*** SUMMARY ***
Total pot 90 | No rake
Seat 3: _SKR (big blind) won 90


Winamax Poker - Tournament "Expresso Nitro" buyIn: 0.93€ + 0.07€ level: 4 - HandId: #2734180647399587841-15-1677187410 - Holdem no limit (30/60) - 2023/02/23 21:23:30 UTC
Table: 'Expresso Nitro(636601040)#0' 3-max (real money) Seat #3 is the button
Seat 1: lolo1504 (404)
Seat 3: _SKR (496)
*** ANTE/BLINDS ***
_SKR posts small blind 30
lolo1504 posts big blind 60
Dealt to _SKR [Kh 8c]
*** PRE-FLOP *** 
_SKR raises 436 to 496 and is all-in
lolo1504 calls 344 and is all-in
*** FLOP *** [2s Ah Qs]
*** TURN *** [2s Ah Qs][3h]
*** RIVER *** [2s Ah Qs 3h][9c]
*** SHOW DOWN ***
lolo1504 shows [Jd Qh] (One pair : Queens)
_SKR shows [Kh 8c] (High card : Ace)
_SKR collected 92 from side pot 1
lolo1504 collected 808 from main pot
*** SUMMARY ***
Total pot 900 | No rake
Board: [2s Ah Qs 3h 9c]
Seat 1: lolo1504 (big blind) showed [Jd Qh] and won 808 with One pair : Queens
Seat 3: _SKR (small blind) (button) showed [Kh 8c] and won 92 with High card : Ace


Winamax Poker - Tournament "Expresso Nitro" buyIn: 0.93€ + 0.07€ level: 4 - HandId: #2734180647399587841-16-1677187423 - Holdem no limit (30/60) - 2023/02/23 21:23:43 UTC
Table: 'Expresso Nitro(636601040)#0' 3-max (real money) Seat #1 is the button
Seat 1: lolo1504 (808)
Seat 3: _SKR (92)
*** ANTE/BLINDS ***
lolo1504 posts small blind 30
_SKR posts big blind 60
Dealt to _SKR [5s 4s]
*** PRE-FLOP *** 
lolo1504 raises 120 to 180
_SKR calls 32 and is all-in
*** FLOP *** [2s 3h 8s]
*** TURN *** [2s 3h 8s][Ac]
*** RIVER *** [2s 3h 8s Ac][Js]
*** SHOW DOWN ***
lolo1504 shows [5d Ad] (One pair : Aces)
_SKR shows [5s 4s] (Flush Jack high)
_SKR collected 184 from main pot
lolo1504 collected 88 from side pot 1
*** SUMMARY ***
Total pot 272 | No rake
Board: [2s 3h 8s Ac Js]
Seat 1: lolo1504 (small blind) (button) showed [5d Ad] and won 88 with One pair : Aces
Seat 3: _SKR (big blind) showed [5s 4s] and won 184 with Flush Jack high


Winamax Poker - Tournament "Expresso Nitro" buyIn: 0.93€ + 0.07€ level: 4 - HandId: #2734180647399587841-17-1677187436 - Holdem no limit (30/60) - 2023/02/23 21:23:56 UTC
Table: 'Expresso Nitro(636601040)#0' 3-max (real money) Seat #3 is the button
Seat 1: lolo1504 (716)
Seat 3: _SKR (184)
*** ANTE/BLINDS ***
_SKR posts small blind 30
lolo1504 posts big blind 60
Dealt to _SKR [8h Th]
*** PRE-FLOP *** 
_SKR raises 124 to 184 and is all-in
lolo1504 calls 124
*** FLOP *** [Td 7d 8c]
*** TURN *** [Td 7d 8c][3h]
*** RIVER *** [Td 7d 8c 3h][Kd]
*** SHOW DOWN ***
lolo1504 shows [2d As] (High card : Ace)
_SKR shows [8h Th] (Two pairs : Tens and 8)
_SKR collected 368 from pot
*** SUMMARY ***
Total pot 368 | No rake
Board: [Td 7d 8c 3h Kd]
Seat 1: lolo1504 (big blind) showed [2d As] and lost with High card : Ace
Seat 3: _SKR (small blind) (button) showed [8h Th] and won 368 with Two pairs : Tens and 8


Winamax Poker - Tournament "Expresso Nitro" buyIn: 0.93€ + 0.07€ level: 5 - HandId: #2734180647399587841-18-1677187451 - Holdem no limit (40/80) - 2023/02/23 21:24:11 UTC
Table: 'Expresso Nitro(636601040)#0' 3-max (real money) Seat #1 is the button
Seat 1: lolo1504 (532)
Seat 3: _SKR (368)
*** ANTE/BLINDS ***
lolo1504 posts small blind 40
_SKR posts big blind 80
Dealt to _SKR [2d Jc]
*** PRE-FLOP *** 
lolo1504 folds
_SKR collected 120 from pot
*** SUMMARY ***
Total pot 120 | No rake
Seat 3: _SKR (big blind) won 120


Winamax Poker - Tournament "Expresso Nitro" buyIn: 0.93€ + 0.07€ level: 5 - HandId: #2734180647399587841-19-1677187455 - Holdem no limit (40/80) - 2023/02/23 21:24:15 UTC
Table: 'Expresso Nitro(636601040)#0' 3-max (real money) Seat #3 is the button
Seat 1: lolo1504 (492)
Seat 3: _SKR (408)
*** ANTE/BLINDS ***
_SKR posts small blind 40
lolo1504 posts big blind 80
Dealt to _SKR [9s 2d]
*** PRE-FLOP *** 
_SKR folds
lolo1504 collected 120 from pot
*** SUMMARY ***
Total pot 120 | No rake
Seat 1: lolo1504 (big blind) won 120


Winamax Poker - Tournament "Expresso Nitro" buyIn: 0.93€ + 0.07€ level: 5 - HandId: #2734180647399587841-20-1677187460 - Holdem no limit (40/80) - 2023/02/23 21:24:20 UTC
Table: 'Expresso Nitro(636601040)#0' 3-max (real money) Seat #1 is the button
Seat 1: lolo1504 (532)
Seat 3: _SKR (368)
*** ANTE/BLINDS ***
lolo1504 posts small blind 40
_SKR posts big blind 80
Dealt to _SKR [Kc 5s]
*** PRE-FLOP *** 
lolo1504 folds
_SKR collected 120 from pot
*** SUMMARY ***
Total pot 120 | No rake
Seat 3: _SKR (big blind) won 120


Winamax Poker - Tournament "Expresso Nitro" buyIn: 0.93€ + 0.07€ level: 5 - HandId: #2734180647399587841-21-1677187464 - Holdem no limit (40/80) - 2023/02/23 21:24:24 UTC
Table: 'Expresso Nitro(636601040)#0' 3-max (real money) Seat #3 is the button
Seat 1: lolo1504 (492)
Seat 3: _SKR (408)
*** ANTE/BLINDS ***
_SKR posts small blind 40
lolo1504 posts big blind 80
Dealt to _SKR [6d 7s]
*** PRE-FLOP *** 
_SKR folds
lolo1504 collected 120 from pot
*** SUMMARY ***
Total pot 120 | No rake
Seat 1: lolo1504 (big blind) won 120


Winamax Poker - Tournament "Expresso Nitro" buyIn: 0.93€ + 0.07€ level: 5 - HandId: #2734180647399587841-22-1677187477 - Holdem no limit (40/80) - 2023/02/23 21:24:37 UTC
Table: 'Expresso Nitro(636601040)#0' 3-max (real money) Seat #1 is the button
Seat 1: lolo1504 (532)
Seat 3: _SKR (368)
*** ANTE/BLINDS ***
lolo1504 posts small blind 40
_SKR posts big blind 80
Dealt to _SKR [Ac 4h]
*** PRE-FLOP *** 
lolo1504 folds
_SKR collected 120 from pot
*** SUMMARY ***
Total pot 120 | No rake
Seat 3: _SKR (big blind) won 120


Winamax Poker - Tournament "Expresso Nitro" buyIn: 0.93€ + 0.07€ level: 5 - HandId: #2734180647399587841-23-1677187482 - Holdem no limit (40/80) - 2023/02/23 21:24:42 UTC
Table: 'Expresso Nitro(636601040)#0' 3-max (real money) Seat #3 is the button
Seat 1: lolo1504 (492)
Seat 3: _SKR (408)
*** ANTE/BLINDS ***
_SKR posts small blind 40
lolo1504 posts big blind 80
Dealt to _SKR [Qs Th]
*** PRE-FLOP *** 
_SKR raises 328 to 408 and is all-in
lolo1504 calls 328
*** FLOP *** [4c 7c 2d]
*** TURN *** [4c 7c 2d][Qh]
*** RIVER *** [4c 7c 2d Qh][Ad]
*** SHOW DOWN ***
_SKR shows [Qs Th] (One pair : Queens)
lolo1504 shows [Qd Kh] (One pair : Queens)
lolo1504 collected 816 from pot
*** SUMMARY ***
Total pot 816 | No rake
Board: [4c 7c 2d Qh Ad]
Seat 1: lolo1504 (big blind) showed [Qd Kh] and won 816 with One pair : Queens
Seat 3: _SKR (small blind) (button) showed [Qs Th] and lost with One pair : Queens


