Winamax Poker - Tournament "Expresso Nitro" buyIn: 0.93€ + 0.07€ level: 1 - HandId: #2729564601233440769-1-1676920258 - Holdem no limit (10/20) - 2023/02/20 19:10:58 UTC
Table: 'Expresso Nitro(635526283)#0' 3-max (real money) Seat #1 is the button
Seat 1: Rabzouz-76 (300)
Seat 2: _SKR (300)
Seat 3: Tintin06500 (300)
*** ANTE/BLINDS ***
_SKR posts small blind 10
Tintin06500 posts big blind 20
Dealt to _SKR [Qc Ad]
*** PRE-FLOP *** 
Rabzouz-76 calls 20
_SKR raises 280 to 300 and is all-in
Tintin06500 calls 280 and is all-in
Rabzouz-76 folds
*** FLOP *** [5s Jd Th]
*** TURN *** [5s Jd Th][4c]
*** RIVER *** [5s Jd Th 4c][8d]
*** SHOW DOWN ***
Tintin06500 shows [7h Kc] (High card : King)
_SKR shows [Qc Ad] (High card : Ace)
_SKR collected 620 from pot
*** SUMMARY ***
Total pot 620 | No rake
Board: [5s Jd Th 4c 8d]
Seat 2: _SKR (small blind) showed [Qc Ad] and won 620 with High card : Ace
Seat 3: Tintin06500 (big blind) showed [7h Kc] and lost with High card : King


Winamax Poker - Tournament "Expresso Nitro" buyIn: 0.93€ + 0.07€ level: 1 - HandId: #2729564601233440769-2-1676920282 - Holdem no limit (10/20) - 2023/02/20 19:11:22 UTC
Table: 'Expresso Nitro(635526283)#0' 3-max (real money) Seat #1 is the button
Seat 1: Rabzouz-76 (280)
Seat 2: _SKR (620)
*** ANTE/BLINDS ***
Rabzouz-76 posts small blind 10
_SKR posts big blind 20
Dealt to _SKR [8c As]
*** PRE-FLOP *** 
Rabzouz-76 calls 10
_SKR raises 600 to 620 and is all-in
Rabzouz-76 calls 260 and is all-in
*** FLOP *** [Kh 8h 9h]
*** TURN *** [Kh 8h 9h][Js]
*** RIVER *** [Kh 8h 9h Js][9d]
*** SHOW DOWN ***
Rabzouz-76 shows [8d Kd] (Two pairs : Kings and 9)
_SKR shows [8c As] (Two pairs : 9 and 8)
_SKR collected 340 from side pot 1
Rabzouz-76 collected 560 from main pot
*** SUMMARY ***
Total pot 900 | No rake
Board: [Kh 8h 9h Js 9d]
Seat 1: Rabzouz-76 (small blind) (button) showed [8d Kd] and won 560 with Two pairs : Kings and 9
Seat 2: _SKR (big blind) showed [8c As] and won 340 with Two pairs : 9 and 8


Winamax Poker - Tournament "Expresso Nitro" buyIn: 0.93€ + 0.07€ level: 1 - HandId: #2729564601233440769-3-1676920298 - Holdem no limit (10/20) - 2023/02/20 19:11:38 UTC
Table: 'Expresso Nitro(635526283)#0' 3-max (real money) Seat #2 is the button
Seat 1: Rabzouz-76 (560)
Seat 2: _SKR (340)
*** ANTE/BLINDS ***
_SKR posts small blind 10
Rabzouz-76 posts big blind 20
Dealt to _SKR [9c 2h]
*** PRE-FLOP *** 
_SKR folds
Rabzouz-76 collected 30 from pot
*** SUMMARY ***
Total pot 30 | No rake
Seat 1: Rabzouz-76 (big blind) won 30


Winamax Poker - Tournament "Expresso Nitro" buyIn: 0.93€ + 0.07€ level: 1 - HandId: #2729564601233440769-4-1676920302 - Holdem no limit (10/20) - 2023/02/20 19:11:42 UTC
Table: 'Expresso Nitro(635526283)#0' 3-max (real money) Seat #1 is the button
Seat 1: Rabzouz-76 (570)
Seat 2: _SKR (330)
*** ANTE/BLINDS ***
Rabzouz-76 posts small blind 10
_SKR posts big blind 20
Dealt to _SKR [5s 9d]
*** PRE-FLOP *** 
Rabzouz-76 calls 10
_SKR checks
*** FLOP *** [7h 7d 3h]
_SKR checks
Rabzouz-76 bets 20
_SKR folds
Rabzouz-76 collected 60 from pot
*** SUMMARY ***
Total pot 60 | No rake
Board: [7h 7d 3h]
Seat 1: Rabzouz-76 (small blind) (button) won 60


Winamax Poker - Tournament "Expresso Nitro" buyIn: 0.93€ + 0.07€ level: 1 - HandId: #2729564601233440769-5-1676920312 - Holdem no limit (10/20) - 2023/02/20 19:11:52 UTC
Table: 'Expresso Nitro(635526283)#0' 3-max (real money) Seat #2 is the button
Seat 1: Rabzouz-76 (590)
Seat 2: _SKR (310)
*** ANTE/BLINDS ***
_SKR posts small blind 10
Rabzouz-76 posts big blind 20
Dealt to _SKR [8d Ah]
*** PRE-FLOP *** 
_SKR raises 290 to 310 and is all-in
Rabzouz-76 folds
_SKR collected 330 from pot
*** SUMMARY ***
Total pot 330 | No rake
Seat 2: _SKR (small blind) (button) won 330


Winamax Poker - Tournament "Expresso Nitro" buyIn: 0.93€ + 0.07€ level: 2 - HandId: #2729564601233440769-6-1676920317 - Holdem no limit (15/30) - 2023/02/20 19:11:57 UTC
Table: 'Expresso Nitro(635526283)#0' 3-max (real money) Seat #1 is the button
Seat 1: Rabzouz-76 (570)
Seat 2: _SKR (330)
*** ANTE/BLINDS ***
Rabzouz-76 posts small blind 15
_SKR posts big blind 30
Dealt to _SKR [Kd 8s]
*** PRE-FLOP *** 
Rabzouz-76 calls 15
_SKR raises 300 to 330 and is all-in
Rabzouz-76 folds
_SKR collected 360 from pot
*** SUMMARY ***
Total pot 360 | No rake
Seat 2: _SKR (big blind) won 360


Winamax Poker - Tournament "Expresso Nitro" buyIn: 0.93€ + 0.07€ level: 2 - HandId: #2729564601233440769-7-1676920324 - Holdem no limit (15/30) - 2023/02/20 19:12:04 UTC
Table: 'Expresso Nitro(635526283)#0' 3-max (real money) Seat #2 is the button
Seat 1: Rabzouz-76 (540)
Seat 2: _SKR (360)
*** ANTE/BLINDS ***
_SKR posts small blind 15
Rabzouz-76 posts big blind 30
Dealt to _SKR [Qd 8c]
*** PRE-FLOP *** 
_SKR raises 330 to 360 and is all-in
Rabzouz-76 calls 330
*** FLOP *** [9s Jd 7s]
*** TURN *** [9s Jd 7s][Kh]
*** RIVER *** [9s Jd 7s Kh][Td]
*** SHOW DOWN ***
Rabzouz-76 shows [4h Ac] (High card : Ace)
_SKR shows [Qd 8c] (Straight King high)
_SKR collected 720 from pot
*** SUMMARY ***
Total pot 720 | No rake
Board: [9s Jd 7s Kh Td]
Seat 1: Rabzouz-76 (big blind) showed [4h Ac] and lost with High card : Ace
Seat 2: _SKR (small blind) (button) showed [Qd 8c] and won 720 with Straight King high


Winamax Poker - Tournament "Expresso Nitro" buyIn: 0.93€ + 0.07€ level: 2 - HandId: #2729564601233440769-8-1676920337 - Holdem no limit (15/30) - 2023/02/20 19:12:17 UTC
Table: 'Expresso Nitro(635526283)#0' 3-max (real money) Seat #1 is the button
Seat 1: Rabzouz-76 (180)
Seat 2: _SKR (720)
*** ANTE/BLINDS ***
Rabzouz-76 posts small blind 15
_SKR posts big blind 30
Dealt to _SKR [Jd 7c]
*** PRE-FLOP *** 
Rabzouz-76 folds
_SKR collected 45 from pot
*** SUMMARY ***
Total pot 45 | No rake
Seat 2: _SKR (big blind) won 45


Winamax Poker - Tournament "Expresso Nitro" buyIn: 0.93€ + 0.07€ level: 2 - HandId: #2729564601233440769-9-1676920341 - Holdem no limit (15/30) - 2023/02/20 19:12:21 UTC
Table: 'Expresso Nitro(635526283)#0' 3-max (real money) Seat #2 is the button
Seat 1: Rabzouz-76 (165)
Seat 2: _SKR (735)
*** ANTE/BLINDS ***
_SKR posts small blind 15
Rabzouz-76 posts big blind 30
Dealt to _SKR [4d Qd]
*** PRE-FLOP *** 
_SKR raises 705 to 735 and is all-in
Rabzouz-76 calls 135 and is all-in
*** FLOP *** [7h 4c 2h]
*** TURN *** [7h 4c 2h][7s]
*** RIVER *** [7h 4c 2h 7s][2d]
*** SHOW DOWN ***
Rabzouz-76 shows [Jh 3s] (Two pairs : 7 and 2)
_SKR shows [4d Qd] (Two pairs : 7 and 4)
_SKR collected 900 from pot
*** SUMMARY ***
Total pot 900 | No rake
Board: [7h 4c 2h 7s 2d]
Seat 1: Rabzouz-76 (big blind) showed [Jh 3s] and lost with Two pairs : 7 and 2
Seat 2: _SKR (small blind) (button) showed [4d Qd] and won 900 with Two pairs : 7 and 4


