Winamax Poker - Tournament "Expresso Nitro" buyIn: 0.93€ + 0.07€ level: 1 - HandId: #2691964683702763521-1-1674775425 - Holdem no limit (10/20) - 2023/01/26 23:23:45 UTC
Table: 'Expresso Nitro(626771870)#0' 3-max (real money) Seat #3 is the button
Seat 1: Andonirf07 (300)
Seat 2: _SKR (300)
Seat 3: sashine74 (300)
*** ANTE/BLINDS ***
Andonirf07 posts small blind 10
_SKR posts big blind 20
Dealt to _SKR [9c 6s]
*** PRE-FLOP *** 
sashine74 folds
Andonirf07 raises 280 to 300 and is all-in
_SKR folds
Andonirf07 collected 320 from pot
*** SUMMARY ***
Total pot 320 | No rake
Seat 1: Andonirf07 (small blind) won 320


Winamax Poker - Tournament "Expresso Nitro" buyIn: 0.93€ + 0.07€ level: 1 - HandId: #2691964683702763521-2-1674775433 - Holdem no limit (10/20) - 2023/01/26 23:23:53 UTC
Table: 'Expresso Nitro(626771870)#0' 3-max (real money) Seat #1 is the button
Seat 1: Andonirf07 (320)
Seat 2: _SKR (280)
Seat 3: sashine74 (300)
*** ANTE/BLINDS ***
_SKR posts small blind 10
sashine74 posts big blind 20
Dealt to _SKR [Jc Ac]
*** PRE-FLOP *** 
Andonirf07 calls 20
_SKR raises 260 to 280 and is all-in
sashine74 folds
Andonirf07 folds
_SKR collected 320 from pot
*** SUMMARY ***
Total pot 320 | No rake
Seat 2: _SKR (small blind) won 320


Winamax Poker - Tournament "Expresso Nitro" buyIn: 0.93€ + 0.07€ level: 1 - HandId: #2691964683702763521-3-1674775441 - Holdem no limit (10/20) - 2023/01/26 23:24:01 UTC
Table: 'Expresso Nitro(626771870)#0' 3-max (real money) Seat #2 is the button
Seat 1: Andonirf07 (300)
Seat 2: _SKR (320)
Seat 3: sashine74 (280)
*** ANTE/BLINDS ***
sashine74 posts small blind 10
Andonirf07 posts big blind 20
Dealt to _SKR [Qs 9s]
*** PRE-FLOP *** 
_SKR raises 20 to 40
sashine74 calls 30
Andonirf07 raises 260 to 300 and is all-in
_SKR folds
sashine74 calls 240 and is all-in
*** FLOP *** [Kc 3s Jh]
*** TURN *** [Kc 3s Jh][2c]
*** RIVER *** [Kc 3s Jh 2c][Ks]
*** SHOW DOWN ***
sashine74 shows [3d 9d] (Two pairs : Kings and 3)
Andonirf07 shows [Ah 3c] (Two pairs : Kings and 3)
Andonirf07 collected 620 from pot
*** SUMMARY ***
Total pot 620 | No rake
Board: [Kc 3s Jh 2c Ks]
Seat 1: Andonirf07 (big blind) showed [Ah 3c] and won 620 with Two pairs : Kings and 3
Seat 3: sashine74 (small blind) showed [3d 9d] and lost with Two pairs : Kings and 3


Winamax Poker - Tournament "Expresso Nitro" buyIn: 0.93€ + 0.07€ level: 1 - HandId: #2691964683702763521-4-1674775468 - Holdem no limit (10/20) - 2023/01/26 23:24:28 UTC
Table: 'Expresso Nitro(626771870)#0' 3-max (real money) Seat #1 is the button
Seat 1: Andonirf07 (620)
Seat 2: _SKR (280)
*** ANTE/BLINDS ***
Andonirf07 posts small blind 10
_SKR posts big blind 20
Dealt to _SKR [Kh 6c]
*** PRE-FLOP *** 
Andonirf07 raises 600 to 620 and is all-in
_SKR folds
Andonirf07 collected 640 from pot
*** SUMMARY ***
Total pot 640 | No rake
Seat 1: Andonirf07 (small blind) (button) won 640


Winamax Poker - Tournament "Expresso Nitro" buyIn: 0.93€ + 0.07€ level: 1 - HandId: #2691964683702763521-5-1674775481 - Holdem no limit (10/20) - 2023/01/26 23:24:41 UTC
Table: 'Expresso Nitro(626771870)#0' 3-max (real money) Seat #2 is the button
Seat 1: Andonirf07 (640)
Seat 2: _SKR (260)
*** ANTE/BLINDS ***
_SKR posts small blind 10
Andonirf07 posts big blind 20
Dealt to _SKR [6s Qs]
*** PRE-FLOP *** 
_SKR folds
Andonirf07 collected 30 from pot
*** SUMMARY ***
Total pot 30 | No rake
Seat 1: Andonirf07 (big blind) won 30


Winamax Poker - Tournament "Expresso Nitro" buyIn: 0.93€ + 0.07€ level: 2 - HandId: #2691964683702763521-6-1674775492 - Holdem no limit (15/30) - 2023/01/26 23:24:52 UTC
Table: 'Expresso Nitro(626771870)#0' 3-max (real money) Seat #1 is the button
Seat 1: Andonirf07 (650)
Seat 2: _SKR (250)
*** ANTE/BLINDS ***
Andonirf07 posts small blind 15
_SKR posts big blind 30
Dealt to _SKR [5d 9c]
*** PRE-FLOP *** 
Andonirf07 calls 15
_SKR checks
*** FLOP *** [6h 2s 8c]
_SKR checks
Andonirf07 checks
*** TURN *** [6h 2s 8c][Kd]
_SKR checks
Andonirf07 checks
*** RIVER *** [6h 2s 8c Kd][5s]
_SKR checks
Andonirf07 bets 620 and is all-in
_SKR folds
Andonirf07 collected 680 from pot
*** SUMMARY ***
Total pot 680 | No rake
Board: [6h 2s 8c Kd 5s]
Seat 1: Andonirf07 (small blind) (button) won 680


Winamax Poker - Tournament "Expresso Nitro" buyIn: 0.93€ + 0.07€ level: 2 - HandId: #2691964683702763521-7-1674775534 - Holdem no limit (15/30) - 2023/01/26 23:25:34 UTC
Table: 'Expresso Nitro(626771870)#0' 3-max (real money) Seat #2 is the button
Seat 1: Andonirf07 (680)
Seat 2: _SKR (220)
*** ANTE/BLINDS ***
_SKR posts small blind 15
Andonirf07 posts big blind 30
Dealt to _SKR [Jc As]
*** PRE-FLOP *** 
_SKR raises 190 to 220 and is all-in
Andonirf07 raises 460 to 680 and is all-in
*** FLOP *** [3s 3c Ac]
*** TURN *** [3s 3c Ac][Ah]
*** RIVER *** [3s 3c Ac Ah][9s]
*** SHOW DOWN ***
Andonirf07 shows [2d Ad] (Full of Aces and 3)
_SKR shows [Jc As] (Full of Aces and 3)
_SKR collected 220 from main pot
Andonirf07 collected 680 from side pot 1
*** SUMMARY ***
Total pot 900 | No rake
Board: [3s 3c Ac Ah 9s]
Seat 1: Andonirf07 (big blind) showed [2d Ad] and won 680 with Full of Aces and 3
Seat 2: _SKR (small blind) (button) showed [Jc As] and won 220 with Full of Aces and 3


Winamax Poker - Tournament "Expresso Nitro" buyIn: 0.93€ + 0.07€ level: 3 - HandId: #2691964683702763521-8-1674775545 - Holdem no limit (20/40) - 2023/01/26 23:25:45 UTC
Table: 'Expresso Nitro(626771870)#0' 3-max (real money) Seat #1 is the button
Seat 1: Andonirf07 (680)
Seat 2: _SKR (220)
*** ANTE/BLINDS ***
Andonirf07 posts small blind 20
_SKR posts big blind 40
Dealt to _SKR [5c 2c]
*** PRE-FLOP *** 
Andonirf07 calls 20
_SKR checks
*** FLOP *** [4d Ad Ac]
_SKR checks
Andonirf07 bets 40
_SKR folds
Andonirf07 collected 120 from pot
*** SUMMARY ***
Total pot 120 | No rake
Board: [4d Ad Ac]
Seat 1: Andonirf07 (small blind) (button) won 120


Winamax Poker - Tournament "Expresso Nitro" buyIn: 0.93€ + 0.07€ level: 3 - HandId: #2691964683702763521-9-1674775562 - Holdem no limit (20/40) - 2023/01/26 23:26:02 UTC
Table: 'Expresso Nitro(626771870)#0' 3-max (real money) Seat #2 is the button
Seat 1: Andonirf07 (720)
Seat 2: _SKR (180)
*** ANTE/BLINDS ***
_SKR posts small blind 20
Andonirf07 posts big blind 40
Dealt to _SKR [Kh 5c]
*** PRE-FLOP *** 
_SKR raises 140 to 180 and is all-in
Andonirf07 calls 140
*** FLOP *** [8h 5s 9s]
*** TURN *** [8h 5s 9s][Ts]
*** RIVER *** [8h 5s 9s Ts][7c]
*** SHOW DOWN ***
_SKR shows [Kh 5c] (One pair : 5)
Andonirf07 shows [Qh 6c] (Straight Ten high)
Andonirf07 collected 360 from pot
*** SUMMARY ***
Total pot 360 | No rake
Board: [8h 5s 9s Ts 7c]
Seat 1: Andonirf07 (big blind) showed [Qh 6c] and won 360 with Straight Ten high
Seat 2: _SKR (small blind) (button) showed [Kh 5c] and lost with One pair : 5


