Winamax Poker - Tournament "Expresso Nitro" buyIn: 0.93€ + 0.07€ level: 1 - HandId: #2689810521380618241-1-1674653300 - Holdem no limit (10/20) - 2023/01/25 13:28:20 UTC
Table: 'Expresso Nitro(626270315)#0' 3-max (real money) Seat #3 is the button
Seat 1: thegru-lens (300)
Seat 2: TOS LAND  45 (300)
Seat 3: _SKR (300)
*** ANTE/BLINDS ***
thegru-lens posts small blind 10
TOS LAND  45 posts big blind 20
Dealt to _SKR [2h Js]
*** PRE-FLOP *** 
_SKR folds
thegru-lens raises 20 to 40
TOS LAND  45 folds
thegru-lens collected 60 from pot
*** SUMMARY ***
Total pot 60 | No rake
Seat 1: thegru-lens (small blind) won 60


Winamax Poker - Tournament "Expresso Nitro" buyIn: 0.93€ + 0.07€ level: 1 - HandId: #2689810521380618241-2-1674653310 - Holdem no limit (10/20) - 2023/01/25 13:28:30 UTC
Table: 'Expresso Nitro(626270315)#0' 3-max (real money) Seat #1 is the button
Seat 1: thegru-lens (320)
Seat 2: TOS LAND  45 (280)
Seat 3: _SKR (300)
*** ANTE/BLINDS ***
TOS LAND  45 posts small blind 10
_SKR posts big blind 20
Dealt to _SKR [8s Jd]
*** PRE-FLOP *** 
thegru-lens folds
TOS LAND  45 calls 10
_SKR checks
*** FLOP *** [3h Qh 5d]
TOS LAND  45 bets 20
_SKR folds
TOS LAND  45 collected 60 from pot
*** SUMMARY ***
Total pot 60 | No rake
Board: [3h Qh 5d]
Seat 2: TOS LAND  45 (small blind) won 60


Winamax Poker - Tournament "Expresso Nitro" buyIn: 0.93€ + 0.07€ level: 1 - HandId: #2689810521380618241-3-1674653328 - Holdem no limit (10/20) - 2023/01/25 13:28:48 UTC
Table: 'Expresso Nitro(626270315)#0' 3-max (real money) Seat #2 is the button
Seat 1: thegru-lens (320)
Seat 2: TOS LAND  45 (300)
Seat 3: _SKR (280)
*** ANTE/BLINDS ***
_SKR posts small blind 10
thegru-lens posts big blind 20
Dealt to _SKR [Js 3d]
*** PRE-FLOP *** 
TOS LAND  45 folds
_SKR folds
thegru-lens collected 30 from pot
*** SUMMARY ***
Total pot 30 | No rake
Seat 1: thegru-lens (big blind) won 30


Winamax Poker - Tournament "Expresso Nitro" buyIn: 0.93€ + 0.07€ level: 1 - HandId: #2689810521380618241-4-1674653335 - Holdem no limit (10/20) - 2023/01/25 13:28:55 UTC
Table: 'Expresso Nitro(626270315)#0' 3-max (real money) Seat #3 is the button
Seat 1: thegru-lens (330)
Seat 2: TOS LAND  45 (300)
Seat 3: _SKR (270)
*** ANTE/BLINDS ***
thegru-lens posts small blind 10
TOS LAND  45 posts big blind 20
Dealt to _SKR [3h Kc]
*** PRE-FLOP *** 
_SKR folds
thegru-lens folds
TOS LAND  45 collected 30 from pot
*** SUMMARY ***
Total pot 30 | No rake
Seat 2: TOS LAND  45 (big blind) won 30


Winamax Poker - Tournament "Expresso Nitro" buyIn: 0.93€ + 0.07€ level: 1 - HandId: #2689810521380618241-5-1674653342 - Holdem no limit (10/20) - 2023/01/25 13:29:02 UTC
Table: 'Expresso Nitro(626270315)#0' 3-max (real money) Seat #1 is the button
Seat 1: thegru-lens (320)
Seat 2: TOS LAND  45 (310)
Seat 3: _SKR (270)
*** ANTE/BLINDS ***
TOS LAND  45 posts small blind 10
_SKR posts big blind 20
Dealt to _SKR [Kd Qh]
*** PRE-FLOP *** 
thegru-lens folds
TOS LAND  45 raises 290 to 310 and is all-in
_SKR calls 250 and is all-in
*** FLOP *** [4s 8c 9c]
*** TURN *** [4s 8c 9c][2c]
*** RIVER *** [4s 8c 9c 2c][4c]
*** SHOW DOWN ***
_SKR shows [Kd Qh] (One pair : 4)
TOS LAND  45 shows [5d 5c] (Flush 9 high)
TOS LAND  45 collected 580 from pot
*** SUMMARY ***
Total pot 580 | No rake
Board: [4s 8c 9c 2c 4c]
Seat 2: TOS LAND  45 (small blind) showed [5d 5c] and won 580 with Flush 9 high
Seat 3: _SKR (big blind) showed [Kd Qh] and lost with One pair : 4


