Winamax Poker - Tournament "Expresso Nitro" buyIn: 1.86€ + 0.14€ level: 1 - HandId: #2677073963368054785-1-1673875914 - Holdem no limit (10/20) - 2023/01/16 13:31:54 UTC
Table: 'Expresso Nitro(623304854)#0' 3-max (real money) Seat #1 is the button
Seat 1: poli-Oursin1 (300)
Seat 2: Benben2652 (300)
Seat 3: _SKR (300)
*** ANTE/BLINDS ***
Benben2652 posts small blind 10
_SKR posts big blind 20
Dealt to _SKR [4s 8h]
*** PRE-FLOP *** 
poli-Oursin1 calls 20
Benben2652 raises 280 to 300 and is all-in
_SKR folds
poli-Oursin1 folds
Benben2652 collected 340 from pot
*** SUMMARY ***
Total pot 340 | No rake
Seat 2: Benben2652 (small blind) won 340


Winamax Poker - Tournament "Expresso Nitro" buyIn: 1.86€ + 0.14€ level: 1 - HandId: #2677073963368054785-2-1673875924 - Holdem no limit (10/20) - 2023/01/16 13:32:04 UTC
Table: 'Expresso Nitro(623304854)#0' 3-max (real money) Seat #2 is the button
Seat 1: poli-Oursin1 (280)
Seat 2: Benben2652 (340)
Seat 3: _SKR (280)
*** ANTE/BLINDS ***
_SKR posts small blind 10
poli-Oursin1 posts big blind 20
Dealt to _SKR [Jc Kd]
*** PRE-FLOP *** 
Benben2652 folds
_SKR raises 260 to 280 and is all-in
poli-Oursin1 calls 260 and is all-in
*** FLOP *** [8s 5h 6s]
*** TURN *** [8s 5h 6s][7h]
*** RIVER *** [8s 5h 6s 7h][Qh]
*** SHOW DOWN ***
poli-Oursin1 shows [Jd 2d] (High card : Queen)
_SKR shows [Jc Kd] (High card : King)
_SKR collected 560 from pot
*** SUMMARY ***
Total pot 560 | No rake
Board: [8s 5h 6s 7h Qh]
Seat 1: poli-Oursin1 (big blind) showed [Jd 2d] and lost with High card : Queen
Seat 3: _SKR (small blind) showed [Jc Kd] and won 560 with High card : King


Winamax Poker - Tournament "Expresso Nitro" buyIn: 1.86€ + 0.14€ level: 1 - HandId: #2677073963368054785-3-1673875939 - Holdem no limit (10/20) - 2023/01/16 13:32:19 UTC
Table: 'Expresso Nitro(623304854)#0' 3-max (real money) Seat #2 is the button
Seat 2: Benben2652 (340)
Seat 3: _SKR (560)
*** ANTE/BLINDS ***
Benben2652 posts small blind 10
_SKR posts big blind 20
Dealt to _SKR [7c 3h]
*** PRE-FLOP *** 
Benben2652 raises 320 to 340 and is all-in
_SKR folds
Benben2652 collected 360 from pot
*** SUMMARY ***
Total pot 360 | No rake
Seat 2: Benben2652 (small blind) (button) won 360


Winamax Poker - Tournament "Expresso Nitro" buyIn: 1.86€ + 0.14€ level: 1 - HandId: #2677073963368054785-4-1673875946 - Holdem no limit (10/20) - 2023/01/16 13:32:26 UTC
Table: 'Expresso Nitro(623304854)#0' 3-max (real money) Seat #3 is the button
Seat 2: Benben2652 (360)
Seat 3: _SKR (540)
*** ANTE/BLINDS ***
_SKR posts small blind 10
Benben2652 posts big blind 20
Dealt to _SKR [Jh Td]
*** PRE-FLOP *** 
_SKR raises 20 to 40
Benben2652 calls 20
*** FLOP *** [Qs As 8s]
Benben2652 checks
_SKR checks
*** TURN *** [Qs As 8s][Qd]
Benben2652 bets 28
_SKR calls 28
*** RIVER *** [Qs As 8s Qd][3s]
Benben2652 bets 88
_SKR folds
Benben2652 collected 224 from pot
*** SUMMARY ***
Total pot 224 | No rake
Board: [Qs As 8s Qd 3s]
Seat 2: Benben2652 (big blind) won 224


Winamax Poker - Tournament "Expresso Nitro" buyIn: 1.86€ + 0.14€ level: 1 - HandId: #2677073963368054785-5-1673875964 - Holdem no limit (10/20) - 2023/01/16 13:32:44 UTC
Table: 'Expresso Nitro(623304854)#0' 3-max (real money) Seat #2 is the button
Seat 2: Benben2652 (428)
Seat 3: _SKR (472)
*** ANTE/BLINDS ***
Benben2652 posts small blind 10
_SKR posts big blind 20
Dealt to _SKR [Ah 4h]
*** PRE-FLOP *** 
Benben2652 folds
_SKR collected 30 from pot
*** SUMMARY ***
Total pot 30 | No rake
Seat 3: _SKR (big blind) won 30


Winamax Poker - Tournament "Expresso Nitro" buyIn: 1.86€ + 0.14€ level: 1 - HandId: #2677073963368054785-6-1673875967 - Holdem no limit (10/20) - 2023/01/16 13:32:47 UTC
Table: 'Expresso Nitro(623304854)#0' 3-max (real money) Seat #3 is the button
Seat 2: Benben2652 (418)
Seat 3: _SKR (482)
*** ANTE/BLINDS ***
_SKR posts small blind 10
Benben2652 posts big blind 20
Dealt to _SKR [8s Ah]
*** PRE-FLOP *** 
_SKR raises 20 to 40
Benben2652 calls 20
*** FLOP *** [Qs 7d Ks]
Benben2652 checks
_SKR checks
*** TURN *** [Qs 7d Ks][Th]
Benben2652 bets 28
_SKR calls 28
*** RIVER *** [Qs 7d Ks Th][7s]
Benben2652 bets 48
_SKR raises 92 to 140
Benben2652 calls 92
*** SHOW DOWN ***
_SKR shows [8s Ah] (One pair : 7)
Benben2652 shows [Tc 5h] (Two pairs : Tens and 7)
Benben2652 collected 416 from pot
*** SUMMARY ***
Total pot 416 | No rake
Board: [Qs 7d Ks Th 7s]
Seat 2: Benben2652 (big blind) showed [Tc 5h] and won 416 with Two pairs : Tens and 7
Seat 3: _SKR (small blind) (button) showed [8s Ah] and lost with One pair : 7


Winamax Poker - Tournament "Expresso Nitro" buyIn: 1.86€ + 0.14€ level: 2 - HandId: #2677073963368054785-7-1673876011 - Holdem no limit (15/30) - 2023/01/16 13:33:31 UTC
Table: 'Expresso Nitro(623304854)#0' 3-max (real money) Seat #2 is the button
Seat 2: Benben2652 (626)
Seat 3: _SKR (274)
*** ANTE/BLINDS ***
Benben2652 posts small blind 15
_SKR posts big blind 30
Dealt to _SKR [Js Jh]
*** PRE-FLOP *** 
Benben2652 folds
_SKR collected 45 from pot
*** SUMMARY ***
Total pot 45 | No rake
Seat 3: _SKR (big blind) won 45


Winamax Poker - Tournament "Expresso Nitro" buyIn: 1.86€ + 0.14€ level: 2 - HandId: #2677073963368054785-8-1673876014 - Holdem no limit (15/30) - 2023/01/16 13:33:34 UTC
Table: 'Expresso Nitro(623304854)#0' 3-max (real money) Seat #3 is the button
Seat 2: Benben2652 (611)
Seat 3: _SKR (289)
*** ANTE/BLINDS ***
_SKR posts small blind 15
Benben2652 posts big blind 30
Dealt to _SKR [5c 2c]
*** PRE-FLOP *** 
_SKR folds
Benben2652 collected 45 from pot
*** SUMMARY ***
Total pot 45 | No rake
Seat 2: Benben2652 (big blind) won 45


Winamax Poker - Tournament "Expresso Nitro" buyIn: 1.86€ + 0.14€ level: 2 - HandId: #2677073963368054785-9-1673876018 - Holdem no limit (15/30) - 2023/01/16 13:33:38 UTC
Table: 'Expresso Nitro(623304854)#0' 3-max (real money) Seat #2 is the button
Seat 2: Benben2652 (626)
Seat 3: _SKR (274)
*** ANTE/BLINDS ***
Benben2652 posts small blind 15
_SKR posts big blind 30
Dealt to _SKR [Th 3h]
*** PRE-FLOP *** 
Benben2652 raises 60 to 90
_SKR folds
Benben2652 collected 120 from pot
*** SUMMARY ***
Total pot 120 | No rake
Seat 2: Benben2652 (small blind) (button) won 120


Winamax Poker - Tournament "Expresso Nitro" buyIn: 1.86€ + 0.14€ level: 2 - HandId: #2677073963368054785-10-1673876024 - Holdem no limit (15/30) - 2023/01/16 13:33:44 UTC
Table: 'Expresso Nitro(623304854)#0' 3-max (real money) Seat #3 is the button
Seat 2: Benben2652 (656)
Seat 3: _SKR (244)
*** ANTE/BLINDS ***
_SKR posts small blind 15
Benben2652 posts big blind 30
Dealt to _SKR [5s 4d]
*** PRE-FLOP *** 
_SKR folds
Benben2652 collected 45 from pot
*** SUMMARY ***
Total pot 45 | No rake
Seat 2: Benben2652 (big blind) won 45


Winamax Poker - Tournament "Expresso Nitro" buyIn: 1.86€ + 0.14€ level: 3 - HandId: #2677073963368054785-11-1673876029 - Holdem no limit (20/40) - 2023/01/16 13:33:49 UTC
Table: 'Expresso Nitro(623304854)#0' 3-max (real money) Seat #2 is the button
Seat 2: Benben2652 (671)
Seat 3: _SKR (229)
*** ANTE/BLINDS ***
Benben2652 posts small blind 20
_SKR posts big blind 40
Dealt to _SKR [9d As]
*** PRE-FLOP *** 
Benben2652 raises 40 to 80
_SKR raises 149 to 229 and is all-in
Benben2652 calls 149
*** FLOP *** [2h Kc 7h]
*** TURN *** [2h Kc 7h][2s]
*** RIVER *** [2h Kc 7h 2s][Ts]
*** SHOW DOWN ***
_SKR shows [9d As] (One pair : 2)
Benben2652 shows [Qh Qc] (Two pairs : Queens and 2)
Benben2652 collected 458 from pot
*** SUMMARY ***
Total pot 458 | No rake
Board: [2h Kc 7h 2s Ts]
Seat 2: Benben2652 (small blind) (button) showed [Qh Qc] and won 458 with Two pairs : Queens and 2
Seat 3: _SKR (big blind) showed [9d As] and lost with One pair : 2


