Winamax Poker - Tournament "Expresso Nitro" buyIn: 1.86€ + 0.14€ level: 1 - HandId: #2696505482041884673-1-1675084042 - Holdem no limit (10/20) - 2023/01/30 13:07:22 UTC
Table: 'Expresso Nitro(627829107)#0' 3-max (real money) Seat #2 is the button
Seat 1: _SKR (300)
Seat 2: FuriusDONUTS (300)
Seat 3: Queladrogue (300)
*** ANTE/BLINDS ***
Queladrogue posts small blind 10
_SKR posts big blind 20
Dealt to _SKR [Kh 8c]
*** PRE-FLOP *** 
FuriusDONUTS folds
Queladrogue folds
_SKR collected 30 from pot
*** SUMMARY ***
Total pot 30 | No rake
Seat 1: _SKR (big blind) won 30


Winamax Poker - Tournament "Expresso Nitro" buyIn: 1.86€ + 0.14€ level: 1 - HandId: #2696505482041884673-2-1675084046 - Holdem no limit (10/20) - 2023/01/30 13:07:26 UTC
Table: 'Expresso Nitro(627829107)#0' 3-max (real money) Seat #3 is the button
Seat 1: _SKR (310)
Seat 2: FuriusDONUTS (300)
Seat 3: Queladrogue (290)
*** ANTE/BLINDS ***
_SKR posts small blind 10
FuriusDONUTS posts big blind 20
Dealt to _SKR [9d 7h]
*** PRE-FLOP *** 
Queladrogue folds
_SKR folds
FuriusDONUTS collected 30 from pot
*** SUMMARY ***
Total pot 30 | No rake
Seat 2: FuriusDONUTS (big blind) won 30


Winamax Poker - Tournament "Expresso Nitro" buyIn: 1.86€ + 0.14€ level: 1 - HandId: #2696505482041884673-3-1675084055 - Holdem no limit (10/20) - 2023/01/30 13:07:35 UTC
Table: 'Expresso Nitro(627829107)#0' 3-max (real money) Seat #1 is the button
Seat 1: _SKR (300)
Seat 2: FuriusDONUTS (310)
Seat 3: Queladrogue (290)
*** ANTE/BLINDS ***
FuriusDONUTS posts small blind 10
Queladrogue posts big blind 20
Dealt to _SKR [Jc Qh]
*** PRE-FLOP *** 
_SKR raises 20 to 40
FuriusDONUTS folds
Queladrogue calls 20
*** FLOP *** [Qs Th Kc]
Queladrogue checks
_SKR bets 45
Queladrogue folds
_SKR collected 135 from pot
*** SUMMARY ***
Total pot 135 | No rake
Board: [Qs Th Kc]
Seat 1: _SKR (button) won 135


Winamax Poker - Tournament "Expresso Nitro" buyIn: 1.86€ + 0.14€ level: 1 - HandId: #2696505482041884673-4-1675084086 - Holdem no limit (10/20) - 2023/01/30 13:08:06 UTC
Table: 'Expresso Nitro(627829107)#0' 3-max (real money) Seat #2 is the button
Seat 1: _SKR (350)
Seat 2: FuriusDONUTS (300)
Seat 3: Queladrogue (250)
*** ANTE/BLINDS ***
Queladrogue posts small blind 10
_SKR posts big blind 20
Dealt to _SKR [8s 9d]
*** PRE-FLOP *** 
FuriusDONUTS folds
Queladrogue calls 10
_SKR checks
*** FLOP *** [Ah 8d Ts]
Queladrogue checks
_SKR bets 20
Queladrogue folds
_SKR collected 60 from pot
*** SUMMARY ***
Total pot 60 | No rake
Board: [Ah 8d Ts]
Seat 1: _SKR (big blind) won 60


Winamax Poker - Tournament "Expresso Nitro" buyIn: 1.86€ + 0.14€ level: 2 - HandId: #2696505482041884673-5-1675084103 - Holdem no limit (15/30) - 2023/01/30 13:08:23 UTC
Table: 'Expresso Nitro(627829107)#0' 3-max (real money) Seat #3 is the button
Seat 1: _SKR (370)
Seat 2: FuriusDONUTS (300)
Seat 3: Queladrogue (230)
*** ANTE/BLINDS ***
_SKR posts small blind 15
FuriusDONUTS posts big blind 30
Dealt to _SKR [7c 3c]
*** PRE-FLOP *** 
Queladrogue folds
_SKR folds
FuriusDONUTS collected 45 from pot
*** SUMMARY ***
Total pot 45 | No rake
Seat 2: FuriusDONUTS (big blind) won 45


Winamax Poker - Tournament "Expresso Nitro" buyIn: 1.86€ + 0.14€ level: 2 - HandId: #2696505482041884673-6-1675084121 - Holdem no limit (15/30) - 2023/01/30 13:08:41 UTC
Table: 'Expresso Nitro(627829107)#0' 3-max (real money) Seat #1 is the button
Seat 1: _SKR (355)
Seat 2: FuriusDONUTS (315)
Seat 3: Queladrogue (230)
*** ANTE/BLINDS ***
FuriusDONUTS posts small blind 15
Queladrogue posts big blind 30
Dealt to _SKR [8c 3h]
*** PRE-FLOP *** 
_SKR folds
FuriusDONUTS raises 285 to 315 and is all-in
Queladrogue calls 200 and is all-in
*** FLOP *** [8h 3d 2s]
*** TURN *** [8h 3d 2s][7h]
*** RIVER *** [8h 3d 2s 7h][Ad]
*** SHOW DOWN ***
Queladrogue shows [Qs Jh] (High card : Ace)
FuriusDONUTS shows [2d As] (Two pairs : Aces and 2)
FuriusDONUTS collected 545 from pot
*** SUMMARY ***
Total pot 545 | No rake
Board: [8h 3d 2s 7h Ad]
Seat 2: FuriusDONUTS (small blind) showed [2d As] and won 545 with Two pairs : Aces and 2
Seat 3: Queladrogue (big blind) showed [Qs Jh] and lost with High card : Ace


Winamax Poker - Tournament "Expresso Nitro" buyIn: 1.86€ + 0.14€ level: 2 - HandId: #2696505482041884673-7-1675084137 - Holdem no limit (15/30) - 2023/01/30 13:08:57 UTC
Table: 'Expresso Nitro(627829107)#0' 3-max (real money) Seat #1 is the button
Seat 1: _SKR (355)
Seat 2: FuriusDONUTS (545)
*** ANTE/BLINDS ***
_SKR posts small blind 15
FuriusDONUTS posts big blind 30
Dealt to _SKR [Th Jc]
*** PRE-FLOP *** 
_SKR raises 325 to 355 and is all-in
FuriusDONUTS folds
_SKR collected 385 from pot
*** SUMMARY ***
Total pot 385 | No rake
Seat 1: _SKR (small blind) (button) won 385


Winamax Poker - Tournament "Expresso Nitro" buyIn: 1.86€ + 0.14€ level: 2 - HandId: #2696505482041884673-8-1675084144 - Holdem no limit (15/30) - 2023/01/30 13:09:04 UTC
Table: 'Expresso Nitro(627829107)#0' 3-max (real money) Seat #2 is the button
Seat 1: _SKR (385)
Seat 2: FuriusDONUTS (515)
*** ANTE/BLINDS ***
FuriusDONUTS posts small blind 15
_SKR posts big blind 30
Dealt to _SKR [Th 3d]
*** PRE-FLOP *** 
FuriusDONUTS folds
_SKR collected 45 from pot
*** SUMMARY ***
Total pot 45 | No rake
Seat 1: _SKR (big blind) won 45


Winamax Poker - Tournament "Expresso Nitro" buyIn: 1.86€ + 0.14€ level: 2 - HandId: #2696505482041884673-9-1675084151 - Holdem no limit (15/30) - 2023/01/30 13:09:11 UTC
Table: 'Expresso Nitro(627829107)#0' 3-max (real money) Seat #1 is the button
Seat 1: _SKR (400)
Seat 2: FuriusDONUTS (500)
*** ANTE/BLINDS ***
_SKR posts small blind 15
FuriusDONUTS posts big blind 30
Dealt to _SKR [3c 6s]
*** PRE-FLOP *** 
_SKR folds
FuriusDONUTS collected 45 from pot
*** SUMMARY ***
Total pot 45 | No rake
Seat 2: FuriusDONUTS (big blind) won 45


Winamax Poker - Tournament "Expresso Nitro" buyIn: 1.86€ + 0.14€ level: 2 - HandId: #2696505482041884673-10-1675084157 - Holdem no limit (15/30) - 2023/01/30 13:09:17 UTC
Table: 'Expresso Nitro(627829107)#0' 3-max (real money) Seat #2 is the button
Seat 1: _SKR (385)
Seat 2: FuriusDONUTS (515)
*** ANTE/BLINDS ***
FuriusDONUTS posts small blind 15
_SKR posts big blind 30
Dealt to _SKR [4s 7d]
*** PRE-FLOP *** 
FuriusDONUTS calls 15
_SKR checks
*** FLOP *** [5c 7s 6d]
_SKR checks
FuriusDONUTS checks
*** TURN *** [5c 7s 6d][4c]
_SKR bets 39
FuriusDONUTS raises 69 to 108
_SKR calls 69
*** RIVER *** [5c 7s 6d 4c][6s]
_SKR checks
FuriusDONUTS bets 377 and is all-in
_SKR folds
FuriusDONUTS collected 653 from pot
*** SUMMARY ***
Total pot 653 | No rake
Board: [5c 7s 6d 4c 6s]
Seat 2: FuriusDONUTS (small blind) (button) won 653


Winamax Poker - Tournament "Expresso Nitro" buyIn: 1.86€ + 0.14€ level: 3 - HandId: #2696505482041884673-11-1675084211 - Holdem no limit (20/40) - 2023/01/30 13:10:11 UTC
Table: 'Expresso Nitro(627829107)#0' 3-max (real money) Seat #1 is the button
Seat 1: _SKR (247)
Seat 2: FuriusDONUTS (653)
*** ANTE/BLINDS ***
_SKR posts small blind 20
FuriusDONUTS posts big blind 40
Dealt to _SKR [2c Qc]
*** PRE-FLOP *** 
_SKR raises 207 to 247 and is all-in
FuriusDONUTS raises 207 to 454
*** FLOP *** [Ad 7c 8h]
*** TURN *** [Ad 7c 8h][2s]
*** RIVER *** [Ad 7c 8h 2s][3s]
*** SHOW DOWN ***
_SKR shows [2c Qc] (One pair : 2)
FuriusDONUTS shows [Ts As] (One pair : Aces)
FuriusDONUTS collected 701 from pot
*** SUMMARY ***
Total pot 701 | No rake
Board: [Ad 7c 8h 2s 3s]
Seat 1: _SKR (small blind) (button) showed [2c Qc] and lost with One pair : 2
Seat 2: FuriusDONUTS (big blind) showed [Ts As] and won 701 with One pair : Aces


