Winamax Poker - Tournament "Expresso Nitro" buyIn: 1.86€ + 0.14€ level: 1 - HandId: #2698251313233264641-1-1675187442 - Holdem no limit (10/20) - 2023/01/31 17:50:42 UTC
Table: 'Expresso Nitro(628235590)#0' 3-max (real money) Seat #2 is the button
Seat 1: Hamfat (300)
Seat 2: Piexii38 (300)
Seat 3: _SKR (300)
*** ANTE/BLINDS ***
_SKR posts small blind 10
Hamfat posts big blind 20
Dealt to _SKR [3s Ts]
*** PRE-FLOP *** 
Piexii38 calls 20
_SKR folds
Hamfat checks
*** FLOP *** [Jc Qh 3c]
Hamfat checks
Piexii38 checks
*** TURN *** [Jc Qh 3c][Kc]
Hamfat checks
Piexii38 bets 50
Hamfat calls 50
*** RIVER *** [Jc Qh 3c Kc][Kh]
Hamfat bets 230 and is all-in
Piexii38 folds
Hamfat collected 380 from pot
*** SUMMARY ***
Total pot 380 | No rake
Board: [Jc Qh 3c Kc Kh]
Seat 1: Hamfat (big blind) won 380


Winamax Poker - Tournament "Expresso Nitro" buyIn: 1.86€ + 0.14€ level: 1 - HandId: #2698251313233264641-2-1675187474 - Holdem no limit (10/20) - 2023/01/31 17:51:14 UTC
Table: 'Expresso Nitro(628235590)#0' 3-max (real money) Seat #3 is the button
Seat 1: Hamfat (380)
Seat 2: Piexii38 (230)
Seat 3: _SKR (290)
*** ANTE/BLINDS ***
Hamfat posts small blind 10
Piexii38 posts big blind 20
Dealt to _SKR [2c Ts]
*** PRE-FLOP *** 
_SKR folds
Hamfat raises 40 to 60
Piexii38 calls 40
*** FLOP *** [4c 2s 4d]
Hamfat bets 120
Piexii38 raises 50 to 170 and is all-in
Hamfat calls 50
*** TURN *** [4c 2s 4d][4h]
*** RIVER *** [4c 2s 4d 4h][6s]
*** SHOW DOWN ***
Hamfat shows [Kc 9c] (Trips of 4)
Piexii38 shows [As 2d] (Full of 4 and 2)
Piexii38 collected 460 from pot
*** SUMMARY ***
Total pot 460 | No rake
Board: [4c 2s 4d 4h 6s]
Seat 1: Hamfat (small blind) showed [Kc 9c] and lost with Trips of 4
Seat 2: Piexii38 (big blind) showed [As 2d] and won 460 with Full of 4 and 2


Winamax Poker - Tournament "Expresso Nitro" buyIn: 1.86€ + 0.14€ level: 1 - HandId: #2698251313233264641-3-1675187496 - Holdem no limit (10/20) - 2023/01/31 17:51:36 UTC
Table: 'Expresso Nitro(628235590)#0' 3-max (real money) Seat #1 is the button
Seat 1: Hamfat (150)
Seat 2: Piexii38 (460)
Seat 3: _SKR (290)
*** ANTE/BLINDS ***
Piexii38 posts small blind 10
_SKR posts big blind 20
Dealt to _SKR [Jd 8s]
*** PRE-FLOP *** 
Hamfat calls 20
Piexii38 calls 10
_SKR checks
*** FLOP *** [6d 7s 4c]
Piexii38 checks
_SKR checks
Hamfat bets 130 and is all-in
Piexii38 folds
_SKR folds
Hamfat collected 190 from pot
*** SUMMARY ***
Total pot 190 | No rake
Board: [6d 7s 4c]
Seat 1: Hamfat (button) won 190


Winamax Poker - Tournament "Expresso Nitro" buyIn: 1.86€ + 0.14€ level: 2 - HandId: #2698251313233264641-4-1675187519 - Holdem no limit (15/30) - 2023/01/31 17:51:59 UTC
Table: 'Expresso Nitro(628235590)#0' 3-max (real money) Seat #2 is the button
Seat 1: Hamfat (190)
Seat 2: Piexii38 (440)
Seat 3: _SKR (270)
*** ANTE/BLINDS ***
_SKR posts small blind 15
Hamfat posts big blind 30
Dealt to _SKR [3d 5d]
*** PRE-FLOP *** 
Piexii38 folds
_SKR folds
Hamfat collected 45 from pot
*** SUMMARY ***
Total pot 45 | No rake
Seat 1: Hamfat (big blind) won 45


Winamax Poker - Tournament "Expresso Nitro" buyIn: 1.86€ + 0.14€ level: 2 - HandId: #2698251313233264641-5-1675187529 - Holdem no limit (15/30) - 2023/01/31 17:52:09 UTC
Table: 'Expresso Nitro(628235590)#0' 3-max (real money) Seat #3 is the button
Seat 1: Hamfat (205)
Seat 2: Piexii38 (440)
Seat 3: _SKR (255)
*** ANTE/BLINDS ***
Hamfat posts small blind 15
Piexii38 posts big blind 30
Dealt to _SKR [2c Tc]
*** PRE-FLOP *** 
_SKR folds
Hamfat raises 175 to 205 and is all-in
Piexii38 folds
Hamfat collected 235 from pot
*** SUMMARY ***
Total pot 235 | No rake
Seat 1: Hamfat (small blind) won 235


Winamax Poker - Tournament "Expresso Nitro" buyIn: 1.86€ + 0.14€ level: 2 - HandId: #2698251313233264641-6-1675187541 - Holdem no limit (15/30) - 2023/01/31 17:52:21 UTC
Table: 'Expresso Nitro(628235590)#0' 3-max (real money) Seat #1 is the button
Seat 1: Hamfat (235)
Seat 2: Piexii38 (410)
Seat 3: _SKR (255)
*** ANTE/BLINDS ***
Piexii38 posts small blind 15
_SKR posts big blind 30
Dealt to _SKR [8c 5h]
*** PRE-FLOP *** 
Hamfat folds
Piexii38 calls 15
_SKR checks
*** FLOP *** [6c 7h 7d]
Piexii38 checks
_SKR checks
*** TURN *** [6c 7h 7d][9c]
Piexii38 bets 60
_SKR raises 165 to 225 and is all-in
Piexii38 folds
_SKR collected 345 from pot
*** SUMMARY ***
Total pot 345 | No rake
Board: [6c 7h 7d 9c]
Seat 3: _SKR (big blind) won 345


Winamax Poker - Tournament "Expresso Nitro" buyIn: 1.86€ + 0.14€ level: 3 - HandId: #2698251313233264641-7-1675187575 - Holdem no limit (20/40) - 2023/01/31 17:52:55 UTC
Table: 'Expresso Nitro(628235590)#0' 3-max (real money) Seat #2 is the button
Seat 1: Hamfat (235)
Seat 2: Piexii38 (320)
Seat 3: _SKR (345)
*** ANTE/BLINDS ***
_SKR posts small blind 20
Hamfat posts big blind 40
Dealt to _SKR [Ac 7h]
*** PRE-FLOP *** 
Piexii38 folds
_SKR raises 305 to 345 and is all-in
Hamfat calls 195 and is all-in
*** FLOP *** [2c 6h 5h]
*** TURN *** [2c 6h 5h][9s]
*** RIVER *** [2c 6h 5h 9s][Td]
*** SHOW DOWN ***
Hamfat shows [9d Jc] (One pair : 9)
_SKR shows [Ac 7h] (High card : Ace)
_SKR collected 110 from side pot 1
Hamfat collected 470 from main pot
*** SUMMARY ***
Total pot 580 | No rake
Board: [2c 6h 5h 9s Td]
Seat 1: Hamfat (big blind) showed [9d Jc] and won 470 with One pair : 9
Seat 3: _SKR (small blind) showed [Ac 7h] and won 110 with High card : Ace


Winamax Poker - Tournament "Expresso Nitro" buyIn: 1.86€ + 0.14€ level: 3 - HandId: #2698251313233264641-8-1675187604 - Holdem no limit (20/40) - 2023/01/31 17:53:24 UTC
Table: 'Expresso Nitro(628235590)#0' 3-max (real money) Seat #3 is the button
Seat 1: Hamfat (470)
Seat 2: Piexii38 (320)
Seat 3: _SKR (110)
*** ANTE/BLINDS ***
Hamfat posts small blind 20
Piexii38 posts big blind 40
Dealt to _SKR [Ad Tc]
*** PRE-FLOP *** 
_SKR raises 70 to 110 and is all-in
Hamfat calls 90
Piexii38 folds
*** FLOP *** [Qc Td 2s]
*** TURN *** [Qc Td 2s][4h]
*** RIVER *** [Qc Td 2s 4h][2h]
*** SHOW DOWN ***
Hamfat shows [3d Jd] (One pair : 2)
_SKR shows [Ad Tc] (Two pairs : Tens and 2)
_SKR collected 260 from pot
*** SUMMARY ***
Total pot 260 | No rake
Board: [Qc Td 2s 4h 2h]
Seat 1: Hamfat (small blind) showed [3d Jd] and lost with One pair : 2
Seat 3: _SKR (button) showed [Ad Tc] and won 260 with Two pairs : Tens and 2


Winamax Poker - Tournament "Expresso Nitro" buyIn: 1.86€ + 0.14€ level: 4 - HandId: #2698251313233264641-9-1675187619 - Holdem no limit (30/60) - 2023/01/31 17:53:39 UTC
Table: 'Expresso Nitro(628235590)#0' 3-max (real money) Seat #1 is the button
Seat 1: Hamfat (360)
Seat 2: Piexii38 (280)
Seat 3: _SKR (260)
*** ANTE/BLINDS ***
Piexii38 posts small blind 30
_SKR posts big blind 60
Dealt to _SKR [4h Jc]
*** PRE-FLOP *** 
Hamfat raises 300 to 360 and is all-in
Piexii38 folds
_SKR folds
Hamfat collected 450 from pot
*** SUMMARY ***
Total pot 450 | No rake
Seat 1: Hamfat (button) won 450


Winamax Poker - Tournament "Expresso Nitro" buyIn: 1.86€ + 0.14€ level: 4 - HandId: #2698251313233264641-10-1675187633 - Holdem no limit (30/60) - 2023/01/31 17:53:53 UTC
Table: 'Expresso Nitro(628235590)#0' 3-max (real money) Seat #2 is the button
Seat 1: Hamfat (450)
Seat 2: Piexii38 (250)
Seat 3: _SKR (200)
*** ANTE/BLINDS ***
_SKR posts small blind 30
Hamfat posts big blind 60
Dealt to _SKR [Qc 8d]
*** PRE-FLOP *** 
Piexii38 folds
_SKR raises 140 to 200 and is all-in
Hamfat folds
_SKR collected 260 from pot
*** SUMMARY ***
Total pot 260 | No rake
Seat 3: _SKR (small blind) won 260


Winamax Poker - Tournament "Expresso Nitro" buyIn: 1.86€ + 0.14€ level: 4 - HandId: #2698251313233264641-11-1675187640 - Holdem no limit (30/60) - 2023/01/31 17:54:00 UTC
Table: 'Expresso Nitro(628235590)#0' 3-max (real money) Seat #3 is the button
Seat 1: Hamfat (390)
Seat 2: Piexii38 (250)
Seat 3: _SKR (260)
*** ANTE/BLINDS ***
Hamfat posts small blind 30
Piexii38 posts big blind 60
Dealt to _SKR [Qs 4s]
*** PRE-FLOP *** 
_SKR folds
Hamfat calls 30
Piexii38 raises 120 to 180
Hamfat calls 120
*** FLOP *** [9d 2s 7c]
Hamfat checks
Piexii38 bets 70 and is all-in
Hamfat calls 70
*** TURN *** [9d 2s 7c][4h]
*** RIVER *** [9d 2s 7c 4h][Jd]
*** SHOW DOWN ***
Piexii38 shows [As Tc] (High card : Ace)
Hamfat shows [4d 3d] (One pair : 4)
Hamfat collected 500 from pot
*** SUMMARY ***
Total pot 500 | No rake
Board: [9d 2s 7c 4h Jd]
Seat 1: Hamfat (small blind) showed [4d 3d] and won 500 with One pair : 4
Seat 2: Piexii38 (big blind) showed [As Tc] and lost with High card : Ace


Winamax Poker - Tournament "Expresso Nitro" buyIn: 1.86€ + 0.14€ level: 4 - HandId: #2698251313233264641-12-1675187668 - Holdem no limit (30/60) - 2023/01/31 17:54:28 UTC
Table: 'Expresso Nitro(628235590)#0' 3-max (real money) Seat #3 is the button
Seat 1: Hamfat (640)
Seat 3: _SKR (260)
*** ANTE/BLINDS ***
_SKR posts small blind 30
Hamfat posts big blind 60
Dealt to _SKR [3s Th]
*** PRE-FLOP *** 
_SKR folds
Hamfat collected 90 from pot
*** SUMMARY ***
Total pot 90 | No rake
Seat 1: Hamfat (big blind) won 90


Winamax Poker - Tournament "Expresso Nitro" buyIn: 1.86€ + 0.14€ level: 4 - HandId: #2698251313233264641-13-1675187674 - Holdem no limit (30/60) - 2023/01/31 17:54:34 UTC
Table: 'Expresso Nitro(628235590)#0' 3-max (real money) Seat #1 is the button
Seat 1: Hamfat (670)
Seat 3: _SKR (230)
*** ANTE/BLINDS ***
Hamfat posts small blind 30
_SKR posts big blind 60
Dealt to _SKR [Jd 7c]
*** PRE-FLOP *** 
Hamfat raises 120 to 180
_SKR raises 50 to 230 and is all-in
Hamfat calls 50
*** FLOP *** [Qh As 9s]
*** TURN *** [Qh As 9s][Ts]
*** RIVER *** [Qh As 9s Ts][8d]
*** SHOW DOWN ***
Hamfat shows [9c Kc] (One pair : 9)
_SKR shows [Jd 7c] (Straight Queen high)
_SKR collected 460 from pot
*** SUMMARY ***
Total pot 460 | No rake
Board: [Qh As 9s Ts 8d]
Seat 1: Hamfat (small blind) (button) showed [9c Kc] and lost with One pair : 9
Seat 3: _SKR (big blind) showed [Jd 7c] and won 460 with Straight Queen high


Winamax Poker - Tournament "Expresso Nitro" buyIn: 1.86€ + 0.14€ level: 5 - HandId: #2698251313233264641-14-1675187689 - Holdem no limit (40/80) - 2023/01/31 17:54:49 UTC
Table: 'Expresso Nitro(628235590)#0' 3-max (real money) Seat #3 is the button
Seat 1: Hamfat (440)
Seat 3: _SKR (460)
*** ANTE/BLINDS ***
_SKR posts small blind 40
Hamfat posts big blind 80
Dealt to _SKR [4s 5c]
*** PRE-FLOP *** 
_SKR folds
Hamfat collected 120 from pot
*** SUMMARY ***
Total pot 120 | No rake
Seat 1: Hamfat (big blind) won 120


Winamax Poker - Tournament "Expresso Nitro" buyIn: 1.86€ + 0.14€ level: 5 - HandId: #2698251313233264641-15-1675187695 - Holdem no limit (40/80) - 2023/01/31 17:54:55 UTC
Table: 'Expresso Nitro(628235590)#0' 3-max (real money) Seat #1 is the button
Seat 1: Hamfat (480)
Seat 3: _SKR (420)
*** ANTE/BLINDS ***
Hamfat posts small blind 40
_SKR posts big blind 80
Dealt to _SKR [7s Kc]
*** PRE-FLOP *** 
Hamfat calls 40
_SKR raises 340 to 420 and is all-in
Hamfat calls 340
*** FLOP *** [2c 6c 6s]
*** TURN *** [2c 6c 6s][6d]
*** RIVER *** [2c 6c 6s 6d][Ts]
*** SHOW DOWN ***
Hamfat shows [8d 7h] (Trips of 6)
_SKR shows [7s Kc] (Trips of 6)
_SKR collected 840 from pot
*** SUMMARY ***
Total pot 840 | No rake
Board: [2c 6c 6s 6d Ts]
Seat 1: Hamfat (small blind) (button) showed [8d 7h] and lost with Trips of 6
Seat 3: _SKR (big blind) showed [7s Kc] and won 840 with Trips of 6


Winamax Poker - Tournament "Expresso Nitro" buyIn: 1.86€ + 0.14€ level: 5 - HandId: #2698251313233264641-16-1675187711 - Holdem no limit (40/80) - 2023/01/31 17:55:11 UTC
Table: 'Expresso Nitro(628235590)#0' 3-max (real money) Seat #3 is the button
Seat 1: Hamfat (60)
Seat 3: _SKR (840)
*** ANTE/BLINDS ***
_SKR posts small blind 40
Hamfat posts big blind 60 and is all-in
Dealt to _SKR [3s Qd]
*** PRE-FLOP *** 
_SKR calls 40
*** FLOP *** [6d 6h 9h]
*** TURN *** [6d 6h 9h][Qs]
*** RIVER *** [6d 6h 9h Qs][8c]
*** SHOW DOWN ***
Hamfat shows [Ks As] (One pair : 6)
_SKR shows [3s Qd] (Two pairs : Queens and 6)
_SKR collected 140 from pot
*** SUMMARY ***
Total pot 140 | No rake
Board: [6d 6h 9h Qs 8c]
Seat 1: Hamfat (big blind) showed [Ks As] and lost with One pair : 6
Seat 3: _SKR (small blind) (button) showed [3s Qd] and won 140 with Two pairs : Queens and 6


