Winamax Poker - Tournament "Expresso Nitro" buyIn: 1.86€ + 0.14€ level: 1 - HandId: #2695235455917490177-1-1675001669 - Holdem no limit (10/20) - 2023/01/29 14:14:29 UTC
Table: 'Expresso Nitro(627533406)#0' 3-max (real money) Seat #3 is the button
Seat 1: Misho (300)
Seat 2: _SKR (300)
Seat 3: BruceRegliss (300)
*** ANTE/BLINDS ***
Misho posts small blind 10
_SKR posts big blind 20
Dealt to _SKR [Kc 4d]
*** PRE-FLOP *** 
BruceRegliss folds
Misho raises 40 to 60
_SKR folds
Misho collected 80 from pot
*** SUMMARY ***
Total pot 80 | No rake
Seat 1: Misho (small blind) won 80


Winamax Poker - Tournament "Expresso Nitro" buyIn: 1.86€ + 0.14€ level: 1 - HandId: #2695235455917490177-2-1675001680 - Holdem no limit (10/20) - 2023/01/29 14:14:40 UTC
Table: 'Expresso Nitro(627533406)#0' 3-max (real money) Seat #1 is the button
Seat 1: Misho (320)
Seat 2: _SKR (280)
Seat 3: BruceRegliss (300)
*** ANTE/BLINDS ***
_SKR posts small blind 10
BruceRegliss posts big blind 20
Dealt to _SKR [6s 3s]
*** PRE-FLOP *** 
Misho raises 20 to 40
_SKR folds
BruceRegliss calls 20
*** FLOP *** [2s Kd Kc]
BruceRegliss checks
Misho checks
*** TURN *** [2s Kd Kc][Ad]
BruceRegliss bets 40
Misho calls 40
*** RIVER *** [2s Kd Kc Ad][2d]
BruceRegliss bets 80
Misho calls 80
*** SHOW DOWN ***
Misho shows [Td 6h] (Two pairs : Kings and 2)
BruceRegliss shows [3d 4d] (Flush Ace high)
BruceRegliss collected 330 from pot
*** SUMMARY ***
Total pot 330 | No rake
Board: [2s Kd Kc Ad 2d]
Seat 1: Misho (button) showed [Td 6h] and lost with Two pairs : Kings and 2
Seat 3: BruceRegliss (big blind) showed [3d 4d] and won 330 with Flush Ace high


Winamax Poker - Tournament "Expresso Nitro" buyIn: 1.86€ + 0.14€ level: 1 - HandId: #2695235455917490177-3-1675001703 - Holdem no limit (10/20) - 2023/01/29 14:15:03 UTC
Table: 'Expresso Nitro(627533406)#0' 3-max (real money) Seat #2 is the button
Seat 1: Misho (160)
Seat 2: _SKR (270)
Seat 3: BruceRegliss (470)
*** ANTE/BLINDS ***
BruceRegliss posts small blind 10
Misho posts big blind 20
Dealt to _SKR [4h 6s]
*** PRE-FLOP *** 
_SKR folds
BruceRegliss raises 20 to 40
Misho calls 20
*** FLOP *** [8c 4d Ts]
BruceRegliss checks
Misho checks
*** TURN *** [8c 4d Ts][2c]
BruceRegliss bets 80
Misho folds
BruceRegliss collected 160 from pot
*** SUMMARY ***
Total pot 160 | No rake
Board: [8c 4d Ts 2c]
Seat 3: BruceRegliss (small blind) won 160


Winamax Poker - Tournament "Expresso Nitro" buyIn: 1.86€ + 0.14€ level: 2 - HandId: #2695235455917490177-4-1675001725 - Holdem no limit (15/30) - 2023/01/29 14:15:25 UTC
Table: 'Expresso Nitro(627533406)#0' 3-max (real money) Seat #3 is the button
Seat 1: Misho (120)
Seat 2: _SKR (270)
Seat 3: BruceRegliss (510)
*** ANTE/BLINDS ***
Misho posts small blind 15
_SKR posts big blind 30
Dealt to _SKR [4s 6d]
*** PRE-FLOP *** 
BruceRegliss raises 480 to 510 and is all-in
Misho folds
_SKR folds
BruceRegliss collected 555 from pot
*** SUMMARY ***
Total pot 555 | No rake
Seat 3: BruceRegliss (button) won 555


Winamax Poker - Tournament "Expresso Nitro" buyIn: 1.86€ + 0.14€ level: 2 - HandId: #2695235455917490177-5-1675001741 - Holdem no limit (15/30) - 2023/01/29 14:15:41 UTC
Table: 'Expresso Nitro(627533406)#0' 3-max (real money) Seat #1 is the button
Seat 1: Misho (105)
Seat 2: _SKR (240)
Seat 3: BruceRegliss (555)
*** ANTE/BLINDS ***
_SKR posts small blind 15
BruceRegliss posts big blind 30
Dealt to _SKR [Qc 6h]
*** PRE-FLOP *** 
Misho folds
_SKR folds
BruceRegliss collected 45 from pot
*** SUMMARY ***
Total pot 45 | No rake
Seat 3: BruceRegliss (big blind) won 45


Winamax Poker - Tournament "Expresso Nitro" buyIn: 1.86€ + 0.14€ level: 2 - HandId: #2695235455917490177-6-1675001755 - Holdem no limit (15/30) - 2023/01/29 14:15:55 UTC
Table: 'Expresso Nitro(627533406)#0' 3-max (real money) Seat #2 is the button
Seat 1: Misho (105)
Seat 2: _SKR (225)
Seat 3: BruceRegliss (570)
*** ANTE/BLINDS ***
BruceRegliss posts small blind 15
Misho posts big blind 30
Dealt to _SKR [Kh 2s]
*** PRE-FLOP *** 
_SKR folds
BruceRegliss raises 75 to 105
Misho calls 75 and is all-in
*** FLOP *** [3c 6h Tc]
*** TURN *** [3c 6h Tc][Jd]
*** RIVER *** [3c 6h Tc Jd][4s]
*** SHOW DOWN ***
BruceRegliss shows [5s As] (High card : Ace)
Misho shows [Ad Th] (One pair : Tens)
Misho collected 210 from pot
*** SUMMARY ***
Total pot 210 | No rake
Board: [3c 6h Tc Jd 4s]
Seat 1: Misho (big blind) showed [Ad Th] and won 210 with One pair : Tens
Seat 3: BruceRegliss (small blind) showed [5s As] and lost with High card : Ace


Winamax Poker - Tournament "Expresso Nitro" buyIn: 1.86€ + 0.14€ level: 3 - HandId: #2695235455917490177-7-1675001789 - Holdem no limit (20/40) - 2023/01/29 14:16:29 UTC
Table: 'Expresso Nitro(627533406)#0' 3-max (real money) Seat #3 is the button
Seat 1: Misho (210)
Seat 2: _SKR (225)
Seat 3: BruceRegliss (465)
*** ANTE/BLINDS ***
Misho posts small blind 20
_SKR posts big blind 40
Dealt to _SKR [7d 3h]
*** PRE-FLOP *** 
BruceRegliss folds
Misho calls 20
_SKR checks
*** FLOP *** [As Js 3s]
Misho checks
_SKR checks
*** TURN *** [As Js 3s][4s]
Misho checks
_SKR checks
*** RIVER *** [As Js 3s 4s][2d]
Misho checks
_SKR checks
*** SHOW DOWN ***
Misho shows [8c 9d] (High card : Ace)
_SKR shows [7d 3h] (One pair : 3)
_SKR collected 80 from pot
*** SUMMARY ***
Total pot 80 | No rake
Board: [As Js 3s 4s 2d]
Seat 1: Misho (small blind) showed [8c 9d] and lost with High card : Ace
Seat 2: _SKR (big blind) showed [7d 3h] and won 80 with One pair : 3


Winamax Poker - Tournament "Expresso Nitro" buyIn: 1.86€ + 0.14€ level: 3 - HandId: #2695235455917490177-8-1675001810 - Holdem no limit (20/40) - 2023/01/29 14:16:50 UTC
Table: 'Expresso Nitro(627533406)#0' 3-max (real money) Seat #1 is the button
Seat 1: Misho (170)
Seat 2: _SKR (265)
Seat 3: BruceRegliss (465)
*** ANTE/BLINDS ***
_SKR posts small blind 20
BruceRegliss posts big blind 40
Dealt to _SKR [Qd Qs]
*** PRE-FLOP *** 
Misho raises 80 to 120
_SKR raises 145 to 265 and is all-in
BruceRegliss folds
Misho calls 50 and is all-in
*** FLOP *** [Kc 4s Ad]
*** TURN *** [Kc 4s Ad][8c]
*** RIVER *** [Kc 4s Ad 8c][Td]
*** SHOW DOWN ***
Misho shows [4d Jd] (One pair : 4)
_SKR shows [Qd Qs] (One pair : Queens)
_SKR collected 475 from pot
*** SUMMARY ***
Total pot 475 | No rake
Board: [Kc 4s Ad 8c Td]
Seat 1: Misho (button) showed [4d Jd] and lost with One pair : 4
Seat 2: _SKR (small blind) showed [Qd Qs] and won 475 with One pair : Queens


Winamax Poker - Tournament "Expresso Nitro" buyIn: 1.86€ + 0.14€ level: 3 - HandId: #2695235455917490177-9-1675001832 - Holdem no limit (20/40) - 2023/01/29 14:17:12 UTC
Table: 'Expresso Nitro(627533406)#0' 3-max (real money) Seat #3 is the button
Seat 2: _SKR (475)
Seat 3: BruceRegliss (425)
*** ANTE/BLINDS ***
BruceRegliss posts small blind 20
_SKR posts big blind 40
Dealt to _SKR [Jd Ad]
*** PRE-FLOP *** 
BruceRegliss raises 385 to 425 and is all-in
_SKR calls 385
*** FLOP *** [Kh Jc Jh]
*** TURN *** [Kh Jc Jh][6s]
*** RIVER *** [Kh Jc Jh 6s][Td]
*** SHOW DOWN ***
BruceRegliss shows [Ah 3h] (One pair : Jacks)
_SKR shows [Jd Ad] (Trips of Jacks)
_SKR collected 850 from pot
*** SUMMARY ***
Total pot 850 | No rake
Board: [Kh Jc Jh 6s Td]
Seat 2: _SKR (big blind) showed [Jd Ad] and won 850 with Trips of Jacks
Seat 3: BruceRegliss (small blind) (button) showed [Ah 3h] and lost with One pair : Jacks


