Winamax Poker - Tournament "Expresso Nitro" buyIn: 0.93€ + 0.07€ level: 1 - HandId: #2730614591888293889-1-1676988745 - Holdem no limit (10/20) - 2023/02/21 14:12:25 UTC
Table: 'Expresso Nitro(635770753)#0' 3-max (real money) Seat #1 is the button
Seat 1: CrockedMind (300)
Seat 2: _SKR (300)
Seat 3: corleone6211 (300)
*** ANTE/BLINDS ***
_SKR posts small blind 10
corleone6211 posts big blind 20
Dealt to _SKR [6c 7s]
*** PRE-FLOP *** 
CrockedMind calls 20
_SKR folds
corleone6211 checks
*** FLOP *** [8c 7d 3d]
corleone6211 checks
CrockedMind bets 20
corleone6211 folds
CrockedMind collected 70 from pot
*** SUMMARY ***
Total pot 70 | No rake
Board: [8c 7d 3d]
Seat 1: CrockedMind (button) won 70


Winamax Poker - Tournament "Expresso Nitro" buyIn: 0.93€ + 0.07€ level: 1 - HandId: #2730614591888293889-2-1676988761 - Holdem no limit (10/20) - 2023/02/21 14:12:41 UTC
Table: 'Expresso Nitro(635770753)#0' 3-max (real money) Seat #2 is the button
Seat 1: CrockedMind (330)
Seat 2: _SKR (290)
Seat 3: corleone6211 (280)
*** ANTE/BLINDS ***
corleone6211 posts small blind 10
CrockedMind posts big blind 20
Dealt to _SKR [Kd Qs]
*** PRE-FLOP *** 
_SKR raises 20 to 40
corleone6211 folds
CrockedMind calls 20
*** FLOP *** [6d 2s 8c]
CrockedMind bets 59
_SKR folds
CrockedMind collected 149 from pot
*** SUMMARY ***
Total pot 149 | No rake
Board: [6d 2s 8c]
Seat 1: CrockedMind (big blind) won 149


Winamax Poker - Tournament "Expresso Nitro" buyIn: 0.93€ + 0.07€ level: 1 - HandId: #2730614591888293889-3-1676988775 - Holdem no limit (10/20) - 2023/02/21 14:12:55 UTC
Table: 'Expresso Nitro(635770753)#0' 3-max (real money) Seat #3 is the button
Seat 1: CrockedMind (380)
Seat 2: _SKR (250)
Seat 3: corleone6211 (270)
*** ANTE/BLINDS ***
CrockedMind posts small blind 10
_SKR posts big blind 20
Dealt to _SKR [Qc 4h]
*** PRE-FLOP *** 
corleone6211 folds
CrockedMind calls 10
_SKR checks
*** FLOP *** [3c Td 2d]
CrockedMind checks
_SKR checks
*** TURN *** [3c Td 2d][2h]
CrockedMind bets 20
_SKR folds
CrockedMind collected 60 from pot
*** SUMMARY ***
Total pot 60 | No rake
Board: [3c Td 2d 2h]
Seat 1: CrockedMind (small blind) won 60


Winamax Poker - Tournament "Expresso Nitro" buyIn: 0.93€ + 0.07€ level: 2 - HandId: #2730614591888293889-4-1676988801 - Holdem no limit (15/30) - 2023/02/21 14:13:21 UTC
Table: 'Expresso Nitro(635770753)#0' 3-max (real money) Seat #1 is the button
Seat 1: CrockedMind (400)
Seat 2: _SKR (230)
Seat 3: corleone6211 (270)
*** ANTE/BLINDS ***
_SKR posts small blind 15
corleone6211 posts big blind 30
Dealt to _SKR [3s 2c]
*** PRE-FLOP *** 
CrockedMind folds
_SKR folds
corleone6211 collected 45 from pot
*** SUMMARY ***
Total pot 45 | No rake
Seat 3: corleone6211 (big blind) won 45


Winamax Poker - Tournament "Expresso Nitro" buyIn: 0.93€ + 0.07€ level: 2 - HandId: #2730614591888293889-5-1676988807 - Holdem no limit (15/30) - 2023/02/21 14:13:27 UTC
Table: 'Expresso Nitro(635770753)#0' 3-max (real money) Seat #2 is the button
Seat 1: CrockedMind (400)
Seat 2: _SKR (215)
Seat 3: corleone6211 (285)
*** ANTE/BLINDS ***
corleone6211 posts small blind 15
CrockedMind posts big blind 30
Dealt to _SKR [5s 6s]
*** PRE-FLOP *** 
_SKR raises 185 to 215 and is all-in
corleone6211 folds
CrockedMind calls 185
*** FLOP *** [6d Ks Js]
*** TURN *** [6d Ks Js][8h]
*** RIVER *** [6d Ks Js 8h][5c]
*** SHOW DOWN ***
CrockedMind shows [Ah 4c] (High card : Ace)
_SKR shows [5s 6s] (Two pairs : 6 and 5)
_SKR collected 445 from pot
*** SUMMARY ***
Total pot 445 | No rake
Board: [6d Ks Js 8h 5c]
Seat 1: CrockedMind (big blind) showed [Ah 4c] and lost with High card : Ace
Seat 2: _SKR (button) showed [5s 6s] and won 445 with Two pairs : 6 and 5


Winamax Poker - Tournament "Expresso Nitro" buyIn: 0.93€ + 0.07€ level: 2 - HandId: #2730614591888293889-6-1676988825 - Holdem no limit (15/30) - 2023/02/21 14:13:45 UTC
Table: 'Expresso Nitro(635770753)#0' 3-max (real money) Seat #3 is the button
Seat 1: CrockedMind (185)
Seat 2: _SKR (445)
Seat 3: corleone6211 (270)
*** ANTE/BLINDS ***
CrockedMind posts small blind 15
_SKR posts big blind 30
Dealt to _SKR [3c Kd]
*** PRE-FLOP *** 
corleone6211 raises 240 to 270 and is all-in
CrockedMind folds
_SKR raises 175 to 445 and is all-in
*** FLOP *** [6s Th 4h]
*** TURN *** [6s Th 4h][5d]
*** RIVER *** [6s Th 4h 5d][Jh]
*** SHOW DOWN ***
_SKR shows [3c Kd] (High card : King)
corleone6211 shows [6c Ad] (One pair : 6)
corleone6211 collected 555 from main pot
_SKR collected 175 from side pot 1
*** SUMMARY ***
Total pot 730 | No rake
Board: [6s Th 4h 5d Jh]
Seat 2: _SKR (big blind) showed [3c Kd] and won 175 with High card : King
Seat 3: corleone6211 (button) showed [6c Ad] and won 555 with One pair : 6


Winamax Poker - Tournament "Expresso Nitro" buyIn: 0.93€ + 0.07€ level: 2 - HandId: #2730614591888293889-7-1676988851 - Holdem no limit (15/30) - 2023/02/21 14:14:11 UTC
Table: 'Expresso Nitro(635770753)#0' 3-max (real money) Seat #1 is the button
Seat 1: CrockedMind (170)
Seat 2: _SKR (175)
Seat 3: corleone6211 (555)
*** ANTE/BLINDS ***
_SKR posts small blind 15
corleone6211 posts big blind 30
Dealt to _SKR [As 8s]
*** PRE-FLOP *** 
CrockedMind calls 30
_SKR raises 145 to 175 and is all-in
corleone6211 folds
CrockedMind calls 140 and is all-in
*** FLOP *** [Qc Kh 2s]
*** TURN *** [Qc Kh 2s][4s]
*** RIVER *** [Qc Kh 2s 4s][2c]
*** SHOW DOWN ***
CrockedMind shows [Js Jc] (Two pairs : Jacks and 2)
_SKR shows [As 8s] (One pair : 2)
_SKR collected 5 from side pot 1
CrockedMind collected 370 from main pot
*** SUMMARY ***
Total pot 375 | No rake
Board: [Qc Kh 2s 4s 2c]
Seat 1: CrockedMind (button) showed [Js Jc] and won 370 with Two pairs : Jacks and 2
Seat 2: _SKR (small blind) showed [As 8s] and won 5 with One pair : 2


Winamax Poker - Tournament "Expresso Nitro" buyIn: 0.93€ + 0.07€ level: 3 - HandId: #2730614591888293889-8-1676988881 - Holdem no limit (20/40) - 2023/02/21 14:14:41 UTC
Table: 'Expresso Nitro(635770753)#0' 3-max (real money) Seat #2 is the button
Seat 1: CrockedMind (370)
Seat 2: _SKR (5)
Seat 3: corleone6211 (525)
*** ANTE/BLINDS ***
corleone6211 posts small blind 20
CrockedMind posts big blind 40
Dealt to _SKR [Jc 2c]
*** PRE-FLOP *** 
_SKR calls 5 and is all-in
corleone6211 calls 20
CrockedMind checks
*** FLOP *** [Ad 7s 5s]
corleone6211 checks
CrockedMind checks
*** TURN *** [Ad 7s 5s][2h]
corleone6211 checks
CrockedMind checks
*** RIVER *** [Ad 7s 5s 2h][Tc]
corleone6211 checks
CrockedMind checks
*** SHOW DOWN ***
_SKR shows [Jc 2c] (One pair : 2)
corleone6211 shows [4s Qd] (High card : Ace)
CrockedMind shows [Qh 7c] (One pair : 7)
CrockedMind collected 85 from pot
*** SUMMARY ***
Total pot 85 | No rake
Board: [Ad 7s 5s 2h Tc]
Seat 1: CrockedMind (big blind) showed [Qh 7c] and won 85 with One pair : 7
Seat 2: _SKR (button) showed [Jc 2c] and lost with One pair : 2
Seat 3: corleone6211 (small blind) showed [4s Qd] and lost with High card : Ace


