Winamax Poker - Tournament "Expresso Nitro" buyIn: 1.86€ + 0.14€ level: 1 - HandId: #2694800727917723649-1-1674958624 - Holdem no limit (10/20) - 2023/01/29 02:17:04 UTC
Table: 'Expresso Nitro(627432188)#0' 3-max (real money) Seat #1 is the button
Seat 1: _SKR (300)
Seat 2: Carpette-C (300)
Seat 3: Go0dVibes (300)
*** ANTE/BLINDS ***
Carpette-C posts small blind 10
Go0dVibes posts big blind 20
Dealt to _SKR [Ks 4s]
*** PRE-FLOP *** 
_SKR raises 280 to 300 and is all-in
Carpette-C folds
Go0dVibes folds
_SKR collected 330 from pot
*** SUMMARY ***
Total pot 330 | No rake
Seat 1: _SKR (button) won 330


Winamax Poker - Tournament "Expresso Nitro" buyIn: 1.86€ + 0.14€ level: 1 - HandId: #2694800727917723649-2-1674958639 - Holdem no limit (10/20) - 2023/01/29 02:17:19 UTC
Table: 'Expresso Nitro(627432188)#0' 3-max (real money) Seat #2 is the button
Seat 1: _SKR (330)
Seat 2: Carpette-C (290)
Seat 3: Go0dVibes (280)
*** ANTE/BLINDS ***
Go0dVibes posts small blind 10
_SKR posts big blind 20
Dealt to _SKR [9d 7s]
*** PRE-FLOP *** 
Carpette-C calls 20
Go0dVibes folds
_SKR checks
*** FLOP *** [6h 9s Ts]
_SKR checks
Carpette-C bets 33
_SKR calls 33
*** TURN *** [6h 9s Ts][Kd]
_SKR checks
Carpette-C bets 116
_SKR folds
Carpette-C collected 232 from pot
*** SUMMARY ***
Total pot 232 | No rake
Board: [6h 9s Ts Kd]
Seat 2: Carpette-C (button) won 232


Winamax Poker - Tournament "Expresso Nitro" buyIn: 1.86€ + 0.14€ level: 1 - HandId: #2694800727917723649-3-1674958657 - Holdem no limit (10/20) - 2023/01/29 02:17:37 UTC
Table: 'Expresso Nitro(627432188)#0' 3-max (real money) Seat #3 is the button
Seat 1: _SKR (277)
Seat 2: Carpette-C (353)
Seat 3: Go0dVibes (270)
*** ANTE/BLINDS ***
_SKR posts small blind 10
Carpette-C posts big blind 20
Dealt to _SKR [4s 7h]
*** PRE-FLOP *** 
Go0dVibes raises 20 to 40
_SKR folds
Carpette-C calls 20
*** FLOP *** [4d 9d 2s]
Carpette-C checks
Go0dVibes bets 43
Carpette-C calls 43
*** TURN *** [4d 9d 2s][3s]
Carpette-C checks
Go0dVibes bets 187 and is all-in
Carpette-C folds
Go0dVibes collected 363 from pot
*** SUMMARY ***
Total pot 363 | No rake
Board: [4d 9d 2s 3s]
Seat 3: Go0dVibes (button) won 363


Winamax Poker - Tournament "Expresso Nitro" buyIn: 1.86€ + 0.14€ level: 2 - HandId: #2694800727917723649-4-1674958690 - Holdem no limit (15/30) - 2023/01/29 02:18:10 UTC
Table: 'Expresso Nitro(627432188)#0' 3-max (real money) Seat #1 is the button
Seat 1: _SKR (267)
Seat 2: Carpette-C (270)
Seat 3: Go0dVibes (363)
*** ANTE/BLINDS ***
Carpette-C posts small blind 15
Go0dVibes posts big blind 30
Dealt to _SKR [Ac 4h]
*** PRE-FLOP *** 
_SKR raises 237 to 267 and is all-in
Carpette-C folds
Go0dVibes folds
_SKR collected 312 from pot
*** SUMMARY ***
Total pot 312 | No rake
Seat 1: _SKR (button) won 312


Winamax Poker - Tournament "Expresso Nitro" buyIn: 1.86€ + 0.14€ level: 2 - HandId: #2694800727917723649-5-1674958697 - Holdem no limit (15/30) - 2023/01/29 02:18:17 UTC
Table: 'Expresso Nitro(627432188)#0' 3-max (real money) Seat #2 is the button
Seat 1: _SKR (312)
Seat 2: Carpette-C (255)
Seat 3: Go0dVibes (333)
*** ANTE/BLINDS ***
Go0dVibes posts small blind 15
_SKR posts big blind 30
Dealt to _SKR [Jd 5s]
*** PRE-FLOP *** 
Carpette-C folds
Go0dVibes folds
_SKR collected 45 from pot
*** SUMMARY ***
Total pot 45 | No rake
Seat 1: _SKR (big blind) won 45


Winamax Poker - Tournament "Expresso Nitro" buyIn: 1.86€ + 0.14€ level: 2 - HandId: #2694800727917723649-6-1674958702 - Holdem no limit (15/30) - 2023/01/29 02:18:22 UTC
Table: 'Expresso Nitro(627432188)#0' 3-max (real money) Seat #3 is the button
Seat 1: _SKR (327)
Seat 2: Carpette-C (255)
Seat 3: Go0dVibes (318)
*** ANTE/BLINDS ***
_SKR posts small blind 15
Carpette-C posts big blind 30
Dealt to _SKR [3h 2h]
*** PRE-FLOP *** 
Go0dVibes folds
_SKR folds
Carpette-C collected 45 from pot
*** SUMMARY ***
Total pot 45 | No rake
Seat 2: Carpette-C (big blind) won 45


Winamax Poker - Tournament "Expresso Nitro" buyIn: 1.86€ + 0.14€ level: 2 - HandId: #2694800727917723649-7-1674958707 - Holdem no limit (15/30) - 2023/01/29 02:18:27 UTC
Table: 'Expresso Nitro(627432188)#0' 3-max (real money) Seat #1 is the button
Seat 1: _SKR (312)
Seat 2: Carpette-C (270)
Seat 3: Go0dVibes (318)
*** ANTE/BLINDS ***
Carpette-C posts small blind 15
Go0dVibes posts big blind 30
Dealt to _SKR [6s Kc]
*** PRE-FLOP *** 
_SKR folds
Carpette-C calls 15
Go0dVibes checks
*** FLOP *** [Ah 7s 4h]
Carpette-C checks
Go0dVibes bets 30
Carpette-C calls 30
*** TURN *** [Ah 7s 4h][5h]
Carpette-C checks
Go0dVibes bets 60
Carpette-C folds
Go0dVibes collected 180 from pot
*** SUMMARY ***
Total pot 180 | No rake
Board: [Ah 7s 4h 5h]
Seat 3: Go0dVibes (big blind) won 180


Winamax Poker - Tournament "Expresso Nitro" buyIn: 1.86€ + 0.14€ level: 2 - HandId: #2694800727917723649-8-1674958731 - Holdem no limit (15/30) - 2023/01/29 02:18:51 UTC
Table: 'Expresso Nitro(627432188)#0' 3-max (real money) Seat #2 is the button
Seat 1: _SKR (312)
Seat 2: Carpette-C (210)
Seat 3: Go0dVibes (378)
*** ANTE/BLINDS ***
Go0dVibes posts small blind 15
_SKR posts big blind 30
Dealt to _SKR [6h 6d]
*** PRE-FLOP *** 
Carpette-C folds
Go0dVibes folds
_SKR collected 45 from pot
*** SUMMARY ***
Total pot 45 | No rake
Seat 1: _SKR (big blind) won 45


Winamax Poker - Tournament "Expresso Nitro" buyIn: 1.86€ + 0.14€ level: 2 - HandId: #2694800727917723649-9-1674958735 - Holdem no limit (15/30) - 2023/01/29 02:18:55 UTC
Table: 'Expresso Nitro(627432188)#0' 3-max (real money) Seat #3 is the button
Seat 1: _SKR (327)
Seat 2: Carpette-C (210)
Seat 3: Go0dVibes (363)
*** ANTE/BLINDS ***
_SKR posts small blind 15
Carpette-C posts big blind 30
Dealt to _SKR [4s Qh]
*** PRE-FLOP *** 
Go0dVibes folds
_SKR folds
Carpette-C collected 45 from pot
*** SUMMARY ***
Total pot 45 | No rake
Seat 2: Carpette-C (big blind) won 45


Winamax Poker - Tournament "Expresso Nitro" buyIn: 1.86€ + 0.14€ level: 3 - HandId: #2694800727917723649-10-1674958741 - Holdem no limit (20/40) - 2023/01/29 02:19:01 UTC
Table: 'Expresso Nitro(627432188)#0' 3-max (real money) Seat #1 is the button
Seat 1: _SKR (312)
Seat 2: Carpette-C (225)
Seat 3: Go0dVibes (363)
*** ANTE/BLINDS ***
Carpette-C posts small blind 20
Go0dVibes posts big blind 40
Dealt to _SKR [7s 6d]
*** PRE-FLOP *** 
_SKR folds
Carpette-C folds
Go0dVibes collected 60 from pot
*** SUMMARY ***
Total pot 60 | No rake
Seat 3: Go0dVibes (big blind) won 60


Winamax Poker - Tournament "Expresso Nitro" buyIn: 1.86€ + 0.14€ level: 3 - HandId: #2694800727917723649-11-1674958746 - Holdem no limit (20/40) - 2023/01/29 02:19:06 UTC
Table: 'Expresso Nitro(627432188)#0' 3-max (real money) Seat #2 is the button
Seat 1: _SKR (312)
Seat 2: Carpette-C (205)
Seat 3: Go0dVibes (383)
*** ANTE/BLINDS ***
Go0dVibes posts small blind 20
_SKR posts big blind 40
Dealt to _SKR [3c Ks]
*** PRE-FLOP *** 
Carpette-C calls 40
Go0dVibes calls 20
_SKR checks
*** FLOP *** [3s 2s 4h]
Go0dVibes checks
_SKR checks
Carpette-C checks
*** TURN *** [3s 2s 4h][8h]
Go0dVibes checks
_SKR checks
Carpette-C bets 42
Go0dVibes raises 301 to 343 and is all-in
_SKR folds
Carpette-C folds
Go0dVibes collected 505 from pot
*** SUMMARY ***
Total pot 505 | No rake
Board: [3s 2s 4h 8h]
Seat 3: Go0dVibes (small blind) won 505


Winamax Poker - Tournament "Expresso Nitro" buyIn: 1.86€ + 0.14€ level: 4 - HandId: #2694800727917723649-12-1674958808 - Holdem no limit (30/60) - 2023/01/29 02:20:08 UTC
Table: 'Expresso Nitro(627432188)#0' 3-max (real money) Seat #3 is the button
Seat 1: _SKR (272)
Seat 2: Carpette-C (123)
Seat 3: Go0dVibes (505)
*** ANTE/BLINDS ***
_SKR posts small blind 30
Carpette-C posts big blind 60
Dealt to _SKR [2c Jd]
*** PRE-FLOP *** 
Go0dVibes folds
_SKR folds
Carpette-C collected 90 from pot
*** SUMMARY ***
Total pot 90 | No rake
Seat 2: Carpette-C (big blind) won 90


Winamax Poker - Tournament "Expresso Nitro" buyIn: 1.86€ + 0.14€ level: 4 - HandId: #2694800727917723649-13-1674958822 - Holdem no limit (30/60) - 2023/01/29 02:20:22 UTC
Table: 'Expresso Nitro(627432188)#0' 3-max (real money) Seat #1 is the button
Seat 1: _SKR (242)
Seat 2: Carpette-C (153)
Seat 3: Go0dVibes (505)
*** ANTE/BLINDS ***
Carpette-C posts small blind 30
Go0dVibes posts big blind 60
Dealt to _SKR [Kd As]
*** PRE-FLOP *** 
_SKR raises 182 to 242 and is all-in
Carpette-C folds
Go0dVibes raises 263 to 505 and is all-in
*** FLOP *** [8h 8d Qc]
*** TURN *** [8h 8d Qc][2h]
*** RIVER *** [8h 8d Qc 2h][6c]
*** SHOW DOWN ***
_SKR shows [Kd As] (One pair : 8)
Go0dVibes shows [Jh Js] (Two pairs : Jacks and 8)
Go0dVibes collected 777 from pot
*** SUMMARY ***
Total pot 777 | No rake
Board: [8h 8d Qc 2h 6c]
Seat 1: _SKR (button) showed [Kd As] and lost with One pair : 8
Seat 3: Go0dVibes (big blind) showed [Jh Js] and won 777 with Two pairs : Jacks and 8


