Winamax Poker - Tournament "Expresso Nitro" buyIn: 1.86€ + 0.14€ level: 1 - HandId: #2696832157254418433-1-1675099834 - Holdem no limit (10/20) - 2023/01/30 17:30:34 UTC
Table: 'Expresso Nitro(627905167)#0' 3-max (real money) Seat #2 is the button
Seat 1: Blackie75 (300)
Seat 2: _SKR (300)
Seat 3: Souly01 (300)
*** ANTE/BLINDS ***
Souly01 posts small blind 10
Blackie75 posts big blind 20
Dealt to _SKR [Qs Js]
*** PRE-FLOP *** 
_SKR raises 20 to 40
Souly01 folds
Blackie75 folds
_SKR collected 70 from pot
*** SUMMARY ***
Total pot 70 | No rake
Seat 2: _SKR (button) won 70


Winamax Poker - Tournament "Expresso Nitro" buyIn: 1.86€ + 0.14€ level: 1 - HandId: #2696832157254418433-2-1675099847 - Holdem no limit (10/20) - 2023/01/30 17:30:47 UTC
Table: 'Expresso Nitro(627905167)#0' 3-max (real money) Seat #3 is the button
Seat 1: Blackie75 (280)
Seat 2: _SKR (330)
Seat 3: Souly01 (290)
*** ANTE/BLINDS ***
Blackie75 posts small blind 10
_SKR posts big blind 20
Dealt to _SKR [Ad 5d]
*** PRE-FLOP *** 
Souly01 folds
Blackie75 folds
_SKR collected 30 from pot
*** SUMMARY ***
Total pot 30 | No rake
Seat 2: _SKR (big blind) won 30


Winamax Poker - Tournament "Expresso Nitro" buyIn: 1.86€ + 0.14€ level: 1 - HandId: #2696832157254418433-3-1675099851 - Holdem no limit (10/20) - 2023/01/30 17:30:51 UTC
Table: 'Expresso Nitro(627905167)#0' 3-max (real money) Seat #1 is the button
Seat 1: Blackie75 (270)
Seat 2: _SKR (340)
Seat 3: Souly01 (290)
*** ANTE/BLINDS ***
_SKR posts small blind 10
Souly01 posts big blind 20
Dealt to _SKR [7d 9h]
*** PRE-FLOP *** 
Blackie75 raises 20 to 40
_SKR folds
Souly01 calls 20
*** FLOP *** [Th Kc 9d]
Souly01 bets 250 and is all-in
Blackie75 calls 230 and is all-in
*** TURN *** [Th Kc 9d][4s]
*** RIVER *** [Th Kc 9d 4s][Js]
*** SHOW DOWN ***
Blackie75 shows [Ac Qh] (Straight Ace high)
Souly01 shows [6d Kh] (One pair : Kings)
Souly01 collected 20 from side pot 1
Blackie75 collected 550 from main pot
*** SUMMARY ***
Total pot 570 | No rake
Board: [Th Kc 9d 4s Js]
Seat 1: Blackie75 (button) showed [Ac Qh] and won 550 with Straight Ace high
Seat 3: Souly01 (big blind) showed [6d Kh] and won 20 with One pair : Kings


Winamax Poker - Tournament "Expresso Nitro" buyIn: 1.86€ + 0.14€ level: 1 - HandId: #2696832157254418433-4-1675099868 - Holdem no limit (10/20) - 2023/01/30 17:31:08 UTC
Table: 'Expresso Nitro(627905167)#0' 3-max (real money) Seat #2 is the button
Seat 1: Blackie75 (550)
Seat 2: _SKR (330)
Seat 3: Souly01 (20)
*** ANTE/BLINDS ***
Souly01 posts small blind 10
Blackie75 posts big blind 20
Dealt to _SKR [Kc Qs]
*** PRE-FLOP *** 
_SKR raises 20 to 40
Souly01 calls 10 and is all-in
Blackie75 calls 20
*** FLOP *** [2c 7d 6h]
Blackie75 checks
_SKR checks
*** TURN *** [2c 7d 6h][Ah]
Blackie75 checks
_SKR checks
*** RIVER *** [2c 7d 6h Ah][3d]
Blackie75 checks
_SKR checks
*** SHOW DOWN ***
Blackie75 shows [Ts Kd] (High card : Ace)
_SKR shows [Kc Qs] (High card : Ace)
Souly01 shows [4d 3h] (One pair : 3)
Souly01 collected 60 from main pot
_SKR collected 40 from side pot 1
*** SUMMARY ***
Total pot 100 | No rake
Board: [2c 7d 6h Ah 3d]
Seat 1: Blackie75 (big blind) showed [Ts Kd] and lost with High card : Ace
Seat 2: _SKR (button) showed [Kc Qs] and won 40 with High card : Ace
Seat 3: Souly01 (small blind) showed [4d 3h] and won 60 with One pair : 3


Winamax Poker - Tournament "Expresso Nitro" buyIn: 1.86€ + 0.14€ level: 2 - HandId: #2696832157254418433-5-1675099902 - Holdem no limit (15/30) - 2023/01/30 17:31:42 UTC
Table: 'Expresso Nitro(627905167)#0' 3-max (real money) Seat #3 is the button
Seat 1: Blackie75 (510)
Seat 2: _SKR (330)
Seat 3: Souly01 (60)
*** ANTE/BLINDS ***
Blackie75 posts small blind 15
_SKR posts big blind 30
Dealt to _SKR [9d 4c]
*** PRE-FLOP *** 
Souly01 raises 30 to 60 and is all-in
Blackie75 folds
_SKR folds
Souly01 collected 105 from pot
*** SUMMARY ***
Total pot 105 | No rake
Seat 3: Souly01 (button) won 105


Winamax Poker - Tournament "Expresso Nitro" buyIn: 1.86€ + 0.14€ level: 2 - HandId: #2696832157254418433-6-1675099909 - Holdem no limit (15/30) - 2023/01/30 17:31:49 UTC
Table: 'Expresso Nitro(627905167)#0' 3-max (real money) Seat #1 is the button
Seat 1: Blackie75 (495)
Seat 2: _SKR (300)
Seat 3: Souly01 (105)
*** ANTE/BLINDS ***
_SKR posts small blind 15
Souly01 posts big blind 30
Dealt to _SKR [Tc Jc]
*** PRE-FLOP *** 
Blackie75 raises 75 to 105
_SKR folds
Souly01 folds
Blackie75 collected 150 from pot
*** SUMMARY ***
Total pot 150 | No rake
Seat 1: Blackie75 (button) won 150


Winamax Poker - Tournament "Expresso Nitro" buyIn: 1.86€ + 0.14€ level: 2 - HandId: #2696832157254418433-7-1675099919 - Holdem no limit (15/30) - 2023/01/30 17:31:59 UTC
Table: 'Expresso Nitro(627905167)#0' 3-max (real money) Seat #2 is the button
Seat 1: Blackie75 (540)
Seat 2: _SKR (285)
Seat 3: Souly01 (75)
*** ANTE/BLINDS ***
Souly01 posts small blind 15
Blackie75 posts big blind 30
Dealt to _SKR [Td 7s]
*** PRE-FLOP *** 
_SKR folds
Souly01 raises 45 to 75 and is all-in
Blackie75 calls 45
*** FLOP *** [Kd Qd 7h]
*** TURN *** [Kd Qd 7h][Ks]
*** RIVER *** [Kd Qd 7h Ks][Ac]
*** SHOW DOWN ***
Blackie75 shows [9d Jh] (One pair : Kings)
Souly01 shows [Js 6h] (One pair : Kings)
Souly01 collected 75 from pot
Blackie75 collected 75 from pot
*** SUMMARY ***
Total pot 150 | No rake
Board: [Kd Qd 7h Ks Ac]
Seat 1: Blackie75 (big blind) showed [9d Jh] and won 75 with One pair : Kings
Seat 3: Souly01 (small blind) showed [Js 6h] and won 75 with One pair : Kings


Winamax Poker - Tournament "Expresso Nitro" buyIn: 1.86€ + 0.14€ level: 2 - HandId: #2696832157254418433-8-1675099931 - Holdem no limit (15/30) - 2023/01/30 17:32:11 UTC
Table: 'Expresso Nitro(627905167)#0' 3-max (real money) Seat #3 is the button
Seat 1: Blackie75 (540)
Seat 2: _SKR (285)
Seat 3: Souly01 (75)
*** ANTE/BLINDS ***
Blackie75 posts small blind 15
_SKR posts big blind 30
Dealt to _SKR [4s Qd]
*** PRE-FLOP *** 
Souly01 raises 45 to 75 and is all-in
Blackie75 folds
_SKR calls 45
*** FLOP *** [6s Ts Ad]
*** TURN *** [6s Ts Ad][Qc]
*** RIVER *** [6s Ts Ad Qc][7c]
*** SHOW DOWN ***
_SKR shows [4s Qd] (One pair : Queens)
Souly01 shows [Ah Kc] (One pair : Aces)
Souly01 collected 165 from pot
*** SUMMARY ***
Total pot 165 | No rake
Board: [6s Ts Ad Qc 7c]
Seat 2: _SKR (big blind) showed [4s Qd] and lost with One pair : Queens
Seat 3: Souly01 (button) showed [Ah Kc] and won 165 with One pair : Aces


Winamax Poker - Tournament "Expresso Nitro" buyIn: 1.86€ + 0.14€ level: 2 - HandId: #2696832157254418433-9-1675099946 - Holdem no limit (15/30) - 2023/01/30 17:32:26 UTC
Table: 'Expresso Nitro(627905167)#0' 3-max (real money) Seat #1 is the button
Seat 1: Blackie75 (525)
Seat 2: _SKR (210)
Seat 3: Souly01 (165)
*** ANTE/BLINDS ***
_SKR posts small blind 15
Souly01 posts big blind 30
Dealt to _SKR [5h Qc]
*** PRE-FLOP *** 
Blackie75 calls 30
_SKR folds
Souly01 raises 135 to 165 and is all-in
Blackie75 calls 135
*** FLOP *** [Ks 2d 6c]
*** TURN *** [Ks 2d 6c][3c]
*** RIVER *** [Ks 2d 6c 3c][5c]
*** SHOW DOWN ***
Souly01 shows [Ah Td] (High card : Ace)
Blackie75 shows [6d Kd] (Two pairs : Kings and 6)
Blackie75 collected 345 from pot
*** SUMMARY ***
Total pot 345 | No rake
Board: [Ks 2d 6c 3c 5c]
Seat 1: Blackie75 (button) showed [6d Kd] and won 345 with Two pairs : Kings and 6
Seat 3: Souly01 (big blind) showed [Ah Td] and lost with High card : Ace


Winamax Poker - Tournament "Expresso Nitro" buyIn: 1.86€ + 0.14€ level: 3 - HandId: #2696832157254418433-10-1675099961 - Holdem no limit (20/40) - 2023/01/30 17:32:41 UTC
Table: 'Expresso Nitro(627905167)#0' 3-max (real money) Seat #1 is the button
Seat 1: Blackie75 (705)
Seat 2: _SKR (195)
*** ANTE/BLINDS ***
Blackie75 posts small blind 20
_SKR posts big blind 40
Dealt to _SKR [2c 8s]
*** PRE-FLOP *** 
Blackie75 calls 20
_SKR raises 155 to 195 and is all-in
Blackie75 calls 155
*** FLOP *** [5s 9h 8h]
*** TURN *** [5s 9h 8h][Ah]
*** RIVER *** [5s 9h 8h Ah][Td]
*** SHOW DOWN ***
_SKR shows [2c 8s] (One pair : 8)
Blackie75 shows [6h Jh] (Flush Ace high)
Blackie75 collected 390 from pot
*** SUMMARY ***
Total pot 390 | No rake
Board: [5s 9h 8h Ah Td]
Seat 1: Blackie75 (small blind) (button) showed [6h Jh] and won 390 with Flush Ace high
Seat 2: _SKR (big blind) showed [2c 8s] and lost with One pair : 8


