Winamax Poker - Tournament "Expresso Nitro" buyIn: 0.93€ + 0.07€ level: 1 - HandId: #2721177011140689921-1-1676418305 - Holdem no limit (10/20) - 2023/02/14 23:45:05 UTC
Table: 'Expresso Nitro(633573395)#0' 3-max (real money) Seat #2 is the button
Seat 1: Bradok13500 (300)
Seat 2: Coeur-Sage82 (300)
Seat 3: _SKR (300)
*** ANTE/BLINDS ***
_SKR posts small blind 10
Bradok13500 posts big blind 20
Dealt to _SKR [6s Kc]
*** PRE-FLOP *** 
Coeur-Sage82 folds
_SKR calls 10
Bradok13500 checks
*** FLOP *** [2c 7d 5s]
_SKR checks
Bradok13500 checks
*** TURN *** [2c 7d 5s][3s]
_SKR bets 20
Bradok13500 folds
_SKR collected 60 from pot
*** SUMMARY ***
Total pot 60 | No rake
Board: [2c 7d 5s 3s]
Seat 3: _SKR (small blind) won 60


Winamax Poker - Tournament "Expresso Nitro" buyIn: 0.93€ + 0.07€ level: 1 - HandId: #2721177011140689921-2-1676418330 - Holdem no limit (10/20) - 2023/02/14 23:45:30 UTC
Table: 'Expresso Nitro(633573395)#0' 3-max (real money) Seat #3 is the button
Seat 1: Bradok13500 (280)
Seat 2: Coeur-Sage82 (300)
Seat 3: _SKR (320)
*** ANTE/BLINDS ***
Bradok13500 posts small blind 10
Coeur-Sage82 posts big blind 20
Dealt to _SKR [2d Jc]
*** PRE-FLOP *** 
_SKR folds
Bradok13500 calls 10
Coeur-Sage82 checks
*** FLOP *** [8d Ts 3c]
Bradok13500 checks
Coeur-Sage82 checks
*** TURN *** [8d Ts 3c][5d]
Bradok13500 checks
Coeur-Sage82 checks
*** RIVER *** [8d Ts 3c 5d][7s]
Bradok13500 bets 40
Coeur-Sage82 calls 40
*** SHOW DOWN ***
Bradok13500 shows [Kc 7c] (One pair : 7)
Coeur-Sage82 shows [7h Kh] (One pair : 7)
Coeur-Sage82 collected 60 from pot
Bradok13500 collected 60 from pot
*** SUMMARY ***
Total pot 120 | No rake
Board: [8d Ts 3c 5d 7s]
Seat 1: Bradok13500 (small blind) showed [Kc 7c] and won 60 with One pair : 7
Seat 2: Coeur-Sage82 (big blind) showed [7h Kh] and won 60 with One pair : 7


Winamax Poker - Tournament "Expresso Nitro" buyIn: 0.93€ + 0.07€ level: 2 - HandId: #2721177011140689921-3-1676418371 - Holdem no limit (15/30) - 2023/02/14 23:46:11 UTC
Table: 'Expresso Nitro(633573395)#0' 3-max (real money) Seat #1 is the button
Seat 1: Bradok13500 (280)
Seat 2: Coeur-Sage82 (300)
Seat 3: _SKR (320)
*** ANTE/BLINDS ***
Coeur-Sage82 posts small blind 15
_SKR posts big blind 30
Dealt to _SKR [8s 4s]
*** PRE-FLOP *** 
Bradok13500 calls 30
Coeur-Sage82 folds
_SKR checks
*** FLOP *** [Ac Tc Td]
_SKR checks
Bradok13500 bets 134
_SKR folds
Bradok13500 collected 209 from pot
*** SUMMARY ***
Total pot 209 | No rake
Board: [Ac Tc Td]
Seat 1: Bradok13500 (button) won 209


Winamax Poker - Tournament "Expresso Nitro" buyIn: 0.93€ + 0.07€ level: 2 - HandId: #2721177011140689921-4-1676418395 - Holdem no limit (15/30) - 2023/02/14 23:46:35 UTC
Table: 'Expresso Nitro(633573395)#0' 3-max (real money) Seat #2 is the button
Seat 1: Bradok13500 (325)
Seat 2: Coeur-Sage82 (285)
Seat 3: _SKR (290)
*** ANTE/BLINDS ***
_SKR posts small blind 15
Bradok13500 posts big blind 30
Dealt to _SKR [4s As]
*** PRE-FLOP *** 
Coeur-Sage82 folds
_SKR raises 260 to 290 and is all-in
Bradok13500 calls 260
*** FLOP *** [2d 8h 7c]
*** TURN *** [2d 8h 7c][Jc]
*** RIVER *** [2d 8h 7c Jc][8c]
*** SHOW DOWN ***
Bradok13500 shows [4c 5h] (One pair : 8)
_SKR shows [4s As] (One pair : 8)
_SKR collected 580 from pot
*** SUMMARY ***
Total pot 580 | No rake
Board: [2d 8h 7c Jc 8c]
Seat 1: Bradok13500 (big blind) showed [4c 5h] and lost with One pair : 8
Seat 3: _SKR (small blind) showed [4s As] and won 580 with One pair : 8


Winamax Poker - Tournament "Expresso Nitro" buyIn: 0.93€ + 0.07€ level: 2 - HandId: #2721177011140689921-5-1676418418 - Holdem no limit (15/30) - 2023/02/14 23:46:58 UTC
Table: 'Expresso Nitro(633573395)#0' 3-max (real money) Seat #3 is the button
Seat 1: Bradok13500 (35)
Seat 2: Coeur-Sage82 (285)
Seat 3: _SKR (580)
*** ANTE/BLINDS ***
Bradok13500 posts small blind 15
Coeur-Sage82 posts big blind 30
Dealt to _SKR [7d Js]
*** PRE-FLOP *** 
_SKR folds
Bradok13500 raises 5 to 35 and is all-in
Coeur-Sage82 calls 5
*** FLOP *** [2c 8s Qc]
*** TURN *** [2c 8s Qc][Ks]
*** RIVER *** [2c 8s Qc Ks][As]
*** SHOW DOWN ***
Coeur-Sage82 shows [2s 6d] (One pair : 2)
Bradok13500 shows [8d 6h] (One pair : 8)
Bradok13500 collected 70 from pot
*** SUMMARY ***
Total pot 70 | No rake
Board: [2c 8s Qc Ks As]
Seat 1: Bradok13500 (small blind) showed [8d 6h] and won 70 with One pair : 8
Seat 2: Coeur-Sage82 (big blind) showed [2s 6d] and lost with One pair : 2


Winamax Poker - Tournament "Expresso Nitro" buyIn: 0.93€ + 0.07€ level: 3 - HandId: #2721177011140689921-6-1676418434 - Holdem no limit (20/40) - 2023/02/14 23:47:14 UTC
Table: 'Expresso Nitro(633573395)#0' 3-max (real money) Seat #1 is the button
Seat 1: Bradok13500 (70)
Seat 2: Coeur-Sage82 (250)
Seat 3: _SKR (580)
*** ANTE/BLINDS ***
Coeur-Sage82 posts small blind 20
_SKR posts big blind 40
Dealt to _SKR [3h 3c]
*** PRE-FLOP *** 
Bradok13500 raises 30 to 70 and is all-in
Coeur-Sage82 raises 180 to 250 and is all-in
_SKR calls 210
*** FLOP *** [Th 9c 7h]
*** TURN *** [Th 9c 7h][5h]
*** RIVER *** [Th 9c 7h 5h][7c]
*** SHOW DOWN ***
Bradok13500 shows [Js Kc] (One pair : 7)
_SKR shows [3h 3c] (Two pairs : 7 and 3)
Coeur-Sage82 shows [9s Ah] (Two pairs : 9 and 7)
Coeur-Sage82 collected 570 from pot
*** SUMMARY ***
Total pot 570 | No rake
Board: [Th 9c 7h 5h 7c]
Seat 1: Bradok13500 (button) showed [Js Kc] and lost with One pair : 7
Seat 2: Coeur-Sage82 (small blind) showed [9s Ah] and won 570 with Two pairs : 9 and 7
Seat 3: _SKR (big blind) showed [3h 3c] and lost with Two pairs : 7 and 3


Winamax Poker - Tournament "Expresso Nitro" buyIn: 0.93€ + 0.07€ level: 3 - HandId: #2721177011140689921-7-1676418452 - Holdem no limit (20/40) - 2023/02/14 23:47:32 UTC
Table: 'Expresso Nitro(633573395)#0' 3-max (real money) Seat #3 is the button
Seat 2: Coeur-Sage82 (570)
Seat 3: _SKR (330)
*** ANTE/BLINDS ***
_SKR posts small blind 20
Coeur-Sage82 posts big blind 40
Dealt to _SKR [3h Th]
*** PRE-FLOP *** 
_SKR folds
Coeur-Sage82 collected 60 from pot
*** SUMMARY ***
Total pot 60 | No rake
Seat 2: Coeur-Sage82 (big blind) won 60


Winamax Poker - Tournament "Expresso Nitro" buyIn: 0.93€ + 0.07€ level: 3 - HandId: #2721177011140689921-8-1676418455 - Holdem no limit (20/40) - 2023/02/14 23:47:35 UTC
Table: 'Expresso Nitro(633573395)#0' 3-max (real money) Seat #2 is the button
Seat 2: Coeur-Sage82 (590)
Seat 3: _SKR (310)
*** ANTE/BLINDS ***
Coeur-Sage82 posts small blind 20
_SKR posts big blind 40
Dealt to _SKR [7d 2h]
*** PRE-FLOP *** 
Coeur-Sage82 raises 40 to 80
_SKR folds
Coeur-Sage82 collected 120 from pot
*** SUMMARY ***
Total pot 120 | No rake
Seat 2: Coeur-Sage82 (small blind) (button) won 120


Winamax Poker - Tournament "Expresso Nitro" buyIn: 0.93€ + 0.07€ level: 3 - HandId: #2721177011140689921-9-1676418461 - Holdem no limit (20/40) - 2023/02/14 23:47:41 UTC
Table: 'Expresso Nitro(633573395)#0' 3-max (real money) Seat #3 is the button
Seat 2: Coeur-Sage82 (630)
Seat 3: _SKR (270)
*** ANTE/BLINDS ***
_SKR posts small blind 20
Coeur-Sage82 posts big blind 40
Dealt to _SKR [4s 9d]
*** PRE-FLOP *** 
_SKR folds
Coeur-Sage82 collected 60 from pot
*** SUMMARY ***
Total pot 60 | No rake
Seat 2: Coeur-Sage82 (big blind) won 60


Winamax Poker - Tournament "Expresso Nitro" buyIn: 0.93€ + 0.07€ level: 3 - HandId: #2721177011140689921-10-1676418464 - Holdem no limit (20/40) - 2023/02/14 23:47:44 UTC
Table: 'Expresso Nitro(633573395)#0' 3-max (real money) Seat #2 is the button
Seat 2: Coeur-Sage82 (650)
Seat 3: _SKR (250)
*** ANTE/BLINDS ***
Coeur-Sage82 posts small blind 20
_SKR posts big blind 40
Dealt to _SKR [3h Kh]
*** PRE-FLOP *** 
Coeur-Sage82 calls 20
_SKR raises 210 to 250 and is all-in
Coeur-Sage82 folds
_SKR collected 290 from pot
*** SUMMARY ***
Total pot 290 | No rake
Seat 3: _SKR (big blind) won 290


Winamax Poker - Tournament "Expresso Nitro" buyIn: 0.93€ + 0.07€ level: 3 - HandId: #2721177011140689921-11-1676418472 - Holdem no limit (20/40) - 2023/02/14 23:47:52 UTC
Table: 'Expresso Nitro(633573395)#0' 3-max (real money) Seat #3 is the button
Seat 2: Coeur-Sage82 (610)
Seat 3: _SKR (290)
*** ANTE/BLINDS ***
_SKR posts small blind 20
Coeur-Sage82 posts big blind 40
Dealt to _SKR [8s Qh]
*** PRE-FLOP *** 
_SKR raises 250 to 290 and is all-in
Coeur-Sage82 folds
_SKR collected 330 from pot
*** SUMMARY ***
Total pot 330 | No rake
Seat 3: _SKR (small blind) (button) won 330


Winamax Poker - Tournament "Expresso Nitro" buyIn: 0.93€ + 0.07€ level: 3 - HandId: #2721177011140689921-12-1676418478 - Holdem no limit (20/40) - 2023/02/14 23:47:58 UTC
Table: 'Expresso Nitro(633573395)#0' 3-max (real money) Seat #2 is the button
Seat 2: Coeur-Sage82 (570)
Seat 3: _SKR (330)
*** ANTE/BLINDS ***
Coeur-Sage82 posts small blind 20
_SKR posts big blind 40
Dealt to _SKR [Qc 4d]
*** PRE-FLOP *** 
Coeur-Sage82 raises 530 to 570 and is all-in
_SKR folds
Coeur-Sage82 collected 610 from pot
*** SUMMARY ***
Total pot 610 | No rake
Seat 2: Coeur-Sage82 (small blind) (button) won 610


Winamax Poker - Tournament "Expresso Nitro" buyIn: 0.93€ + 0.07€ level: 4 - HandId: #2721177011140689921-13-1676418485 - Holdem no limit (30/60) - 2023/02/14 23:48:05 UTC
Table: 'Expresso Nitro(633573395)#0' 3-max (real money) Seat #3 is the button
Seat 2: Coeur-Sage82 (610)
Seat 3: _SKR (290)
*** ANTE/BLINDS ***
_SKR posts small blind 30
Coeur-Sage82 posts big blind 60
Dealt to _SKR [9c 9d]
*** PRE-FLOP *** 
_SKR raises 230 to 290 and is all-in
Coeur-Sage82 calls 230
*** FLOP *** [Td 2d 4h]
*** TURN *** [Td 2d 4h][3c]
*** RIVER *** [Td 2d 4h 3c][6h]
*** SHOW DOWN ***
Coeur-Sage82 shows [8h Jh] (High card : Jack)
_SKR shows [9c 9d] (One pair : 9)
_SKR collected 580 from pot
*** SUMMARY ***
Total pot 580 | No rake
Board: [Td 2d 4h 3c 6h]
Seat 2: Coeur-Sage82 (big blind) showed [8h Jh] and lost with High card : Jack
Seat 3: _SKR (small blind) (button) showed [9c 9d] and won 580 with One pair : 9


Winamax Poker - Tournament "Expresso Nitro" buyIn: 0.93€ + 0.07€ level: 4 - HandId: #2721177011140689921-14-1676418507 - Holdem no limit (30/60) - 2023/02/14 23:48:27 UTC
Table: 'Expresso Nitro(633573395)#0' 3-max (real money) Seat #2 is the button
Seat 2: Coeur-Sage82 (320)
Seat 3: _SKR (580)
*** ANTE/BLINDS ***
Coeur-Sage82 posts small blind 30
_SKR posts big blind 60
Dealt to _SKR [3c 2d]
*** PRE-FLOP *** 
Coeur-Sage82 raises 260 to 320 and is all-in
_SKR folds
Coeur-Sage82 collected 380 from pot
*** SUMMARY ***
Total pot 380 | No rake
Seat 2: Coeur-Sage82 (small blind) (button) won 380


Winamax Poker - Tournament "Expresso Nitro" buyIn: 0.93€ + 0.07€ level: 4 - HandId: #2721177011140689921-15-1676418526 - Holdem no limit (30/60) - 2023/02/14 23:48:46 UTC
Table: 'Expresso Nitro(633573395)#0' 3-max (real money) Seat #3 is the button
Seat 2: Coeur-Sage82 (380)
Seat 3: _SKR (520)
*** ANTE/BLINDS ***
_SKR posts small blind 30
Coeur-Sage82 posts big blind 60
Dealt to _SKR [8d Qh]
*** PRE-FLOP *** 
_SKR folds
Coeur-Sage82 collected 90 from pot
*** SUMMARY ***
Total pot 90 | No rake
Seat 2: Coeur-Sage82 (big blind) won 90


Winamax Poker - Tournament "Expresso Nitro" buyIn: 0.93€ + 0.07€ level: 4 - HandId: #2721177011140689921-16-1676418530 - Holdem no limit (30/60) - 2023/02/14 23:48:50 UTC
Table: 'Expresso Nitro(633573395)#0' 3-max (real money) Seat #2 is the button
Seat 2: Coeur-Sage82 (410)
Seat 3: _SKR (490)
*** ANTE/BLINDS ***
Coeur-Sage82 posts small blind 30
_SKR posts big blind 60
Dealt to _SKR [2c Qc]
*** PRE-FLOP *** 
Coeur-Sage82 calls 30
_SKR raises 430 to 490 and is all-in
Coeur-Sage82 folds
_SKR collected 550 from pot
*** SUMMARY ***
Total pot 550 | No rake
Seat 3: _SKR (big blind) won 550


Winamax Poker - Tournament "Expresso Nitro" buyIn: 0.93€ + 0.07€ level: 5 - HandId: #2721177011140689921-17-1676418545 - Holdem no limit (40/80) - 2023/02/14 23:49:05 UTC
Table: 'Expresso Nitro(633573395)#0' 3-max (real money) Seat #3 is the button
Seat 2: Coeur-Sage82 (350)
Seat 3: _SKR (550)
*** ANTE/BLINDS ***
_SKR posts small blind 40
Coeur-Sage82 posts big blind 80
Dealt to _SKR [Qc 7d]
*** PRE-FLOP *** 
_SKR raises 470 to 550 and is all-in
Coeur-Sage82 calls 270 and is all-in
*** FLOP *** [8s 8c Jc]
*** TURN *** [8s 8c Jc][6s]
*** RIVER *** [8s 8c Jc 6s][5h]
*** SHOW DOWN ***
Coeur-Sage82 shows [Qs 3c] (One pair : 8)
_SKR shows [Qc 7d] (One pair : 8)
_SKR collected 900 from pot
*** SUMMARY ***
Total pot 900 | No rake
Board: [8s 8c Jc 6s 5h]
Seat 2: Coeur-Sage82 (big blind) showed [Qs 3c] and lost with One pair : 8
Seat 3: _SKR (small blind) (button) showed [Qc 7d] and won 900 with One pair : 8


