Winamax Poker - Tournament "Expresso Nitro" buyIn: 0.93€ + 0.07€ level: 1 - HandId: #2689760265968287745-1-1674650229 - Holdem no limit (10/20) - 2023/01/25 12:37:09 UTC
Table: 'Expresso Nitro(626258614)#0' 3-max (real money) Seat #3 is the button
Seat 1: Fliflou3157 (300)
Seat 2: _SKR (300)
Seat 3: Nicbar81 (300)
*** ANTE/BLINDS ***
Fliflou3157 posts small blind 10
_SKR posts big blind 20
Dealt to _SKR [6c Qh]
*** PRE-FLOP *** 
Nicbar81 raises 40 to 60
Fliflou3157 folds
_SKR folds
Nicbar81 collected 90 from pot
*** SUMMARY ***
Total pot 90 | No rake
Seat 3: Nicbar81 (button) won 90


Winamax Poker - Tournament "Expresso Nitro" buyIn: 0.93€ + 0.07€ level: 1 - HandId: #2689760265968287745-2-1674650257 - Holdem no limit (10/20) - 2023/01/25 12:37:37 UTC
Table: 'Expresso Nitro(626258614)#0' 3-max (real money) Seat #1 is the button
Seat 1: Fliflou3157 (290)
Seat 2: _SKR (280)
Seat 3: Nicbar81 (330)
*** ANTE/BLINDS ***
_SKR posts small blind 10
Nicbar81 posts big blind 20
Dealt to _SKR [8c 9s]
*** PRE-FLOP *** 
Fliflou3157 raises 20 to 40
_SKR folds
Nicbar81 calls 20
*** FLOP *** [5s Th 6h]
Nicbar81 checks
Fliflou3157 bets 40
Nicbar81 calls 40
*** TURN *** [5s Th 6h][6c]
Nicbar81 checks
Fliflou3157 bets 111
Nicbar81 calls 111
*** RIVER *** [5s Th 6h 6c][7s]
Nicbar81 checks
Fliflou3157 bets 99 and is all-in
Nicbar81 calls 99
*** SHOW DOWN ***
Fliflou3157 shows [Ad Ah] (Two pairs : Aces and 6)
Nicbar81 shows [6d 5h] (Full of 6 and 5)
Nicbar81 collected 590 from pot
*** SUMMARY ***
Total pot 590 | No rake
Board: [5s Th 6h 6c 7s]
Seat 1: Fliflou3157 (button) showed [Ad Ah] and lost with Two pairs : Aces and 6
Seat 3: Nicbar81 (big blind) showed [6d 5h] and won 590 with Full of 6 and 5


Winamax Poker - Tournament "Expresso Nitro" buyIn: 0.93€ + 0.07€ level: 2 - HandId: #2689760265968287745-3-1674650308 - Holdem no limit (15/30) - 2023/01/25 12:38:28 UTC
Table: 'Expresso Nitro(626258614)#0' 3-max (real money) Seat #3 is the button
Seat 2: _SKR (270)
Seat 3: Nicbar81 (630)
*** ANTE/BLINDS ***
Nicbar81 posts small blind 15
_SKR posts big blind 30
Dealt to _SKR [9c 4d]
*** PRE-FLOP *** 
Nicbar81 calls 15
_SKR checks
*** FLOP *** [2h 7h Ks]
_SKR checks
Nicbar81 checks
*** TURN *** [2h 7h Ks][Ac]
_SKR checks
Nicbar81 checks
*** RIVER *** [2h 7h Ks Ac][3h]
_SKR checks
Nicbar81 bets 39
_SKR folds
Nicbar81 collected 99 from pot
*** SUMMARY ***
Total pot 99 | No rake
Board: [2h 7h Ks Ac 3h]
Seat 3: Nicbar81 (small blind) (button) won 99


Winamax Poker - Tournament "Expresso Nitro" buyIn: 0.93€ + 0.07€ level: 2 - HandId: #2689760265968287745-4-1674650331 - Holdem no limit (15/30) - 2023/01/25 12:38:51 UTC
Table: 'Expresso Nitro(626258614)#0' 3-max (real money) Seat #2 is the button
Seat 2: _SKR (240)
Seat 3: Nicbar81 (660)
*** ANTE/BLINDS ***
_SKR posts small blind 15
Nicbar81 posts big blind 30
Dealt to _SKR [As 6d]
*** PRE-FLOP *** 
_SKR raises 210 to 240 and is all-in
Nicbar81 folds
_SKR collected 270 from pot
*** SUMMARY ***
Total pot 270 | No rake
Seat 2: _SKR (small blind) (button) won 270


Winamax Poker - Tournament "Expresso Nitro" buyIn: 0.93€ + 0.07€ level: 2 - HandId: #2689760265968287745-5-1674650340 - Holdem no limit (15/30) - 2023/01/25 12:39:00 UTC
Table: 'Expresso Nitro(626258614)#0' 3-max (real money) Seat #3 is the button
Seat 2: _SKR (270)
Seat 3: Nicbar81 (630)
*** ANTE/BLINDS ***
Nicbar81 posts small blind 15
_SKR posts big blind 30
Dealt to _SKR [6s 4s]
*** PRE-FLOP *** 
Nicbar81 raises 600 to 630 and is all-in
_SKR folds
Nicbar81 collected 660 from pot
*** SUMMARY ***
Total pot 660 | No rake
Seat 3: Nicbar81 (small blind) (button) won 660


Winamax Poker - Tournament "Expresso Nitro" buyIn: 0.93€ + 0.07€ level: 3 - HandId: #2689760265968287745-6-1674650346 - Holdem no limit (20/40) - 2023/01/25 12:39:06 UTC
Table: 'Expresso Nitro(626258614)#0' 3-max (real money) Seat #2 is the button
Seat 2: _SKR (240)
Seat 3: Nicbar81 (660)
*** ANTE/BLINDS ***
_SKR posts small blind 20
Nicbar81 posts big blind 40
Dealt to _SKR [8s Js]
*** PRE-FLOP *** 
_SKR raises 200 to 240 and is all-in
Nicbar81 calls 200
*** FLOP *** [4s Ac Qs]
*** TURN *** [4s Ac Qs][4h]
*** RIVER *** [4s Ac Qs 4h][8h]
*** SHOW DOWN ***
Nicbar81 shows [2c Kd] (One pair : 4)
_SKR shows [8s Js] (Two pairs : 8 and 4)
_SKR collected 480 from pot
*** SUMMARY ***
Total pot 480 | No rake
Board: [4s Ac Qs 4h 8h]
Seat 2: _SKR (small blind) (button) showed [8s Js] and won 480 with Two pairs : 8 and 4
Seat 3: Nicbar81 (big blind) showed [2c Kd] and lost with One pair : 4


Winamax Poker - Tournament "Expresso Nitro" buyIn: 0.93€ + 0.07€ level: 3 - HandId: #2689760265968287745-7-1674650359 - Holdem no limit (20/40) - 2023/01/25 12:39:19 UTC
Table: 'Expresso Nitro(626258614)#0' 3-max (real money) Seat #3 is the button
Seat 2: _SKR (480)
Seat 3: Nicbar81 (420)
*** ANTE/BLINDS ***
Nicbar81 posts small blind 20
_SKR posts big blind 40
Dealt to _SKR [Qd Ks]
*** PRE-FLOP *** 
Nicbar81 raises 380 to 420 and is all-in
_SKR calls 380
*** FLOP *** [5h 7d 2d]
*** TURN *** [5h 7d 2d][8s]
*** RIVER *** [5h 7d 2d 8s][3c]
*** SHOW DOWN ***
Nicbar81 shows [Kc 6s] (High card : King)
_SKR shows [Qd Ks] (High card : King)
_SKR collected 840 from pot
*** SUMMARY ***
Total pot 840 | No rake
Board: [5h 7d 2d 8s 3c]
Seat 2: _SKR (big blind) showed [Qd Ks] and won 840 with High card : King
Seat 3: Nicbar81 (small blind) (button) showed [Kc 6s] and lost with High card : King


