Winamax Poker - Tournament "Expresso Nitro" buyIn: 0.93€ + 0.07€ level: 1 - HandId: #2675088318382735361-1-1673743751 - Holdem no limit (10/20) - 2023/01/15 00:49:11 UTC
Table: 'Expresso Nitro(622842535)#0' 3-max (real money) Seat #3 is the button
Seat 1: lagrotte95 (300)
Seat 2: _SKR (300)
Seat 3: joke5522 (300)
*** ANTE/BLINDS ***
lagrotte95 posts small blind 10
_SKR posts big blind 20
Dealt to _SKR [8d Ts]
*** PRE-FLOP *** 
joke5522 folds
lagrotte95 calls 10
_SKR checks
*** FLOP *** [9c 7h Qh]
lagrotte95 checks
_SKR checks
*** TURN *** [9c 7h Qh][8c]
lagrotte95 checks
_SKR checks
*** RIVER *** [9c 7h Qh 8c][Ac]
lagrotte95 checks
_SKR checks
*** SHOW DOWN ***
lagrotte95 shows [4s 6s] (High card : Ace)
_SKR shows [8d Ts] (One pair : 8)
_SKR collected 40 from pot
*** SUMMARY ***
Total pot 40 | No rake
Board: [9c 7h Qh 8c Ac]
Seat 1: lagrotte95 (small blind) showed [4s 6s] and lost with High card : Ace
Seat 2: _SKR (big blind) showed [8d Ts] and won 40 with One pair : 8


Winamax Poker - Tournament "Expresso Nitro" buyIn: 0.93€ + 0.07€ level: 1 - HandId: #2675088318382735361-2-1673743789 - Holdem no limit (10/20) - 2023/01/15 00:49:49 UTC
Table: 'Expresso Nitro(622842535)#0' 3-max (real money) Seat #1 is the button
Seat 1: lagrotte95 (280)
Seat 2: _SKR (320)
Seat 3: joke5522 (300)
*** ANTE/BLINDS ***
_SKR posts small blind 10
joke5522 posts big blind 20
Dealt to _SKR [5c 6d]
*** PRE-FLOP *** 
lagrotte95 calls 20
_SKR folds
joke5522 raises 280 to 300 and is all-in
lagrotte95 folds
joke5522 collected 330 from pot
*** SUMMARY ***
Total pot 330 | No rake
Seat 3: joke5522 (big blind) won 330


Winamax Poker - Tournament "Expresso Nitro" buyIn: 0.93€ + 0.07€ level: 1 - HandId: #2675088318382735361-3-1673743803 - Holdem no limit (10/20) - 2023/01/15 00:50:03 UTC
Table: 'Expresso Nitro(622842535)#0' 3-max (real money) Seat #2 is the button
Seat 1: lagrotte95 (260)
Seat 2: _SKR (310)
Seat 3: joke5522 (330)
*** ANTE/BLINDS ***
joke5522 posts small blind 10
lagrotte95 posts big blind 20
Dealt to _SKR [3s 6h]
*** PRE-FLOP *** 
_SKR folds
joke5522 raises 310 to 330 and is all-in
lagrotte95 folds
joke5522 collected 350 from pot
*** SUMMARY ***
Total pot 350 | No rake
Seat 3: joke5522 (small blind) won 350


Winamax Poker - Tournament "Expresso Nitro" buyIn: 0.93€ + 0.07€ level: 2 - HandId: #2675088318382735361-4-1673743815 - Holdem no limit (15/30) - 2023/01/15 00:50:15 UTC
Table: 'Expresso Nitro(622842535)#0' 3-max (real money) Seat #3 is the button
Seat 1: lagrotte95 (240)
Seat 2: _SKR (310)
Seat 3: joke5522 (350)
*** ANTE/BLINDS ***
lagrotte95 posts small blind 15
_SKR posts big blind 30
Dealt to _SKR [6s 7d]
*** PRE-FLOP *** 
joke5522 folds
lagrotte95 folds
_SKR collected 45 from pot
*** SUMMARY ***
Total pot 45 | No rake
Seat 2: _SKR (big blind) won 45


Winamax Poker - Tournament "Expresso Nitro" buyIn: 0.93€ + 0.07€ level: 2 - HandId: #2675088318382735361-5-1673743832 - Holdem no limit (15/30) - 2023/01/15 00:50:32 UTC
Table: 'Expresso Nitro(622842535)#0' 3-max (real money) Seat #1 is the button
Seat 1: lagrotte95 (225)
Seat 2: _SKR (325)
Seat 3: joke5522 (350)
*** ANTE/BLINDS ***
_SKR posts small blind 15
joke5522 posts big blind 30
Dealt to _SKR [Qc Kh]
*** PRE-FLOP *** 
lagrotte95 calls 30
_SKR raises 295 to 325 and is all-in
joke5522 raises 25 to 350 and is all-in
lagrotte95 folds
*** FLOP *** [Js 3s 6d]
*** TURN *** [Js 3s 6d][Ah]
*** RIVER *** [Js 3s 6d Ah][Qs]
*** SHOW DOWN ***
_SKR shows [Qc Kh] (One pair : Queens)
joke5522 shows [Ac Td] (One pair : Aces)
joke5522 collected 705 from pot
*** SUMMARY ***
Total pot 705 | No rake
Board: [Js 3s 6d Ah Qs]
Seat 2: _SKR (small blind) showed [Qc Kh] and lost with One pair : Queens
Seat 3: joke5522 (big blind) showed [Ac Td] and won 705 with One pair : Aces


