Winamax Poker - Tournament "Expresso Nitro" buyIn: 1.86€ + 0.14€ level: 1 - HandId: #2696940167091978241-1-1675104223 - Holdem no limit (10/20) - 2023/01/30 18:43:43 UTC
Table: 'Expresso Nitro(627930315)#0' 3-max (real money) Seat #3 is the button
Seat 1: fredkin74 (300)
Seat 2: _SKR (300)
Seat 3: sorrocloco (300)
*** ANTE/BLINDS ***
fredkin74 posts small blind 10
_SKR posts big blind 20
Dealt to _SKR [5d 4c]
*** PRE-FLOP *** 
sorrocloco raises 20 to 40
fredkin74 raises 20 to 60
_SKR folds
sorrocloco calls 20
*** FLOP *** [9c Qs 5c]
fredkin74 bets 91
sorrocloco raises 149 to 240 and is all-in
fredkin74 folds
sorrocloco collected 471 from pot
*** SUMMARY ***
Total pot 471 | No rake
Board: [9c Qs 5c]
Seat 3: sorrocloco (button) won 471


Winamax Poker - Tournament "Expresso Nitro" buyIn: 1.86€ + 0.14€ level: 1 - HandId: #2696940167091978241-2-1675104240 - Holdem no limit (10/20) - 2023/01/30 18:44:00 UTC
Table: 'Expresso Nitro(627930315)#0' 3-max (real money) Seat #1 is the button
Seat 1: fredkin74 (149)
Seat 2: _SKR (280)
Seat 3: sorrocloco (471)
*** ANTE/BLINDS ***
_SKR posts small blind 10
sorrocloco posts big blind 20
Dealt to _SKR [Ts 6d]
*** PRE-FLOP *** 
fredkin74 raises 20 to 40
_SKR folds
sorrocloco calls 20
*** FLOP *** [8d 4h Qh]
sorrocloco checks
fredkin74 bets 109 and is all-in
sorrocloco calls 109
*** TURN *** [8d 4h Qh][5d]
*** RIVER *** [8d 4h Qh 5d][6c]
*** SHOW DOWN ***
fredkin74 shows [Ac Ks] (High card : Ace)
sorrocloco shows [4d 8c] (Two pairs : 8 and 4)
sorrocloco collected 308 from pot
*** SUMMARY ***
Total pot 308 | No rake
Board: [8d 4h Qh 5d 6c]
Seat 1: fredkin74 (button) showed [Ac Ks] and lost with High card : Ace
Seat 3: sorrocloco (big blind) showed [4d 8c] and won 308 with Two pairs : 8 and 4


Winamax Poker - Tournament "Expresso Nitro" buyIn: 1.86€ + 0.14€ level: 1 - HandId: #2696940167091978241-3-1675104268 - Holdem no limit (10/20) - 2023/01/30 18:44:28 UTC
Table: 'Expresso Nitro(627930315)#0' 3-max (real money) Seat #3 is the button
Seat 2: _SKR (270)
Seat 3: sorrocloco (630)
*** ANTE/BLINDS ***
sorrocloco posts small blind 10
_SKR posts big blind 20
Dealt to _SKR [6h 5d]
*** PRE-FLOP *** 
sorrocloco raises 20 to 40
_SKR folds
sorrocloco collected 60 from pot
*** SUMMARY ***
Total pot 60 | No rake
Seat 3: sorrocloco (small blind) (button) won 60


Winamax Poker - Tournament "Expresso Nitro" buyIn: 1.86€ + 0.14€ level: 1 - HandId: #2696940167091978241-4-1675104275 - Holdem no limit (10/20) - 2023/01/30 18:44:35 UTC
Table: 'Expresso Nitro(627930315)#0' 3-max (real money) Seat #2 is the button
Seat 2: _SKR (250)
Seat 3: sorrocloco (650)
*** ANTE/BLINDS ***
_SKR posts small blind 10
sorrocloco posts big blind 20
Dealt to _SKR [7s 4c]
*** PRE-FLOP *** 
_SKR folds
sorrocloco collected 30 from pot
*** SUMMARY ***
Total pot 30 | No rake
Seat 3: sorrocloco (big blind) won 30


Winamax Poker - Tournament "Expresso Nitro" buyIn: 1.86€ + 0.14€ level: 2 - HandId: #2696940167091978241-5-1675104279 - Holdem no limit (15/30) - 2023/01/30 18:44:39 UTC
Table: 'Expresso Nitro(627930315)#0' 3-max (real money) Seat #3 is the button
Seat 2: _SKR (240)
Seat 3: sorrocloco (660)
*** ANTE/BLINDS ***
sorrocloco posts small blind 15
_SKR posts big blind 30
Dealt to _SKR [7c Kc]
*** PRE-FLOP *** 
sorrocloco folds
_SKR collected 45 from pot
*** SUMMARY ***
Total pot 45 | No rake
Seat 2: _SKR (big blind) won 45


Winamax Poker - Tournament "Expresso Nitro" buyIn: 1.86€ + 0.14€ level: 2 - HandId: #2696940167091978241-6-1675104283 - Holdem no limit (15/30) - 2023/01/30 18:44:43 UTC
Table: 'Expresso Nitro(627930315)#0' 3-max (real money) Seat #2 is the button
Seat 2: _SKR (255)
Seat 3: sorrocloco (645)
*** ANTE/BLINDS ***
_SKR posts small blind 15
sorrocloco posts big blind 30
Dealt to _SKR [9c 2d]
*** PRE-FLOP *** 
_SKR folds
sorrocloco collected 45 from pot
*** SUMMARY ***
Total pot 45 | No rake
Seat 3: sorrocloco (big blind) won 45


Winamax Poker - Tournament "Expresso Nitro" buyIn: 1.86€ + 0.14€ level: 2 - HandId: #2696940167091978241-7-1675104286 - Holdem no limit (15/30) - 2023/01/30 18:44:46 UTC
Table: 'Expresso Nitro(627930315)#0' 3-max (real money) Seat #3 is the button
Seat 2: _SKR (240)
Seat 3: sorrocloco (660)
*** ANTE/BLINDS ***
sorrocloco posts small blind 15
_SKR posts big blind 30
Dealt to _SKR [8d 9h]
*** PRE-FLOP *** 
sorrocloco raises 30 to 60
_SKR folds
sorrocloco collected 90 from pot
*** SUMMARY ***
Total pot 90 | No rake
Seat 3: sorrocloco (small blind) (button) won 90


Winamax Poker - Tournament "Expresso Nitro" buyIn: 1.86€ + 0.14€ level: 2 - HandId: #2696940167091978241-8-1675104293 - Holdem no limit (15/30) - 2023/01/30 18:44:53 UTC
Table: 'Expresso Nitro(627930315)#0' 3-max (real money) Seat #2 is the button
Seat 2: _SKR (210)
Seat 3: sorrocloco (690)
*** ANTE/BLINDS ***
_SKR posts small blind 15
sorrocloco posts big blind 30
Dealt to _SKR [4c 4h]
*** PRE-FLOP *** 
_SKR raises 180 to 210 and is all-in
sorrocloco calls 180
*** FLOP *** [As 6c Kd]
*** TURN *** [As 6c Kd][2d]
*** RIVER *** [As 6c Kd 2d][9h]
*** SHOW DOWN ***
_SKR shows [4c 4h] (One pair : 4)
sorrocloco shows [Ah 5c] (One pair : Aces)
sorrocloco collected 420 from pot
*** SUMMARY ***
Total pot 420 | No rake
Board: [As 6c Kd 2d 9h]
Seat 2: _SKR (small blind) (button) showed [4c 4h] and lost with One pair : 4
Seat 3: sorrocloco (big blind) showed [Ah 5c] and won 420 with One pair : Aces


