Winamax Poker - Tournament "Expresso Nitro" buyIn: 0.93€ + 0.07€ level: 1 - HandId: #2672608107913281537-1-1673616360 - Holdem no limit (10/20) - 2023/01/13 13:26:00 UTC
Table: 'Expresso Nitro(622265066)#0' 3-max (real money) Seat #3 is the button
Seat 1: _SKR (300)
Seat 2: Liamm (300)
Seat 3: XxNazalesxX (300)
*** ANTE/BLINDS ***
_SKR posts small blind 10
Liamm posts big blind 20
Dealt to _SKR [9d 3h]
*** PRE-FLOP *** 
XxNazalesxX folds
_SKR folds
Liamm collected 30 from pot
*** SUMMARY ***
Total pot 30 | No rake
Seat 2: Liamm (big blind) won 30


Winamax Poker - Tournament "Expresso Nitro" buyIn: 0.93€ + 0.07€ level: 1 - HandId: #2672608107913281537-2-1673616368 - Holdem no limit (10/20) - 2023/01/13 13:26:08 UTC
Table: 'Expresso Nitro(622265066)#0' 3-max (real money) Seat #1 is the button
Seat 1: _SKR (290)
Seat 2: Liamm (310)
Seat 3: XxNazalesxX (300)
*** ANTE/BLINDS ***
Liamm posts small blind 10
XxNazalesxX posts big blind 20
Dealt to _SKR [6h 2h]
*** PRE-FLOP *** 
_SKR folds
Liamm raises 290 to 310 and is all-in
XxNazalesxX calls 280 and is all-in
*** FLOP *** [5c Td 8s]
*** TURN *** [5c Td 8s][4c]
*** RIVER *** [5c Td 8s 4c][Qh]
*** SHOW DOWN ***
XxNazalesxX shows [3c As] (High card : Ace)
Liamm shows [Jh Jc] (One pair : Jacks)
Liamm collected 610 from pot
*** SUMMARY ***
Total pot 610 | No rake
Board: [5c Td 8s 4c Qh]
Seat 2: Liamm (small blind) showed [Jh Jc] and won 610 with One pair : Jacks
Seat 3: XxNazalesxX (big blind) showed [3c As] and lost with High card : Ace


Winamax Poker - Tournament "Expresso Nitro" buyIn: 0.93€ + 0.07€ level: 1 - HandId: #2672608107913281537-3-1673616398 - Holdem no limit (10/20) - 2023/01/13 13:26:38 UTC
Table: 'Expresso Nitro(622265066)#0' 3-max (real money) Seat #1 is the button
Seat 1: _SKR (290)
Seat 2: Liamm (610)
*** ANTE/BLINDS ***
_SKR posts small blind 10
Liamm posts big blind 20
Dealt to _SKR [3c 4s]
*** PRE-FLOP *** 
_SKR folds
Liamm collected 30 from pot
*** SUMMARY ***
Total pot 30 | No rake
Seat 2: Liamm (big blind) won 30


Winamax Poker - Tournament "Expresso Nitro" buyIn: 0.93€ + 0.07€ level: 1 - HandId: #2672608107913281537-4-1673616409 - Holdem no limit (10/20) - 2023/01/13 13:26:49 UTC
Table: 'Expresso Nitro(622265066)#0' 3-max (real money) Seat #2 is the button
Seat 1: _SKR (280)
Seat 2: Liamm (620)
*** ANTE/BLINDS ***
Liamm posts small blind 10
_SKR posts big blind 20
Dealt to _SKR [5c Qd]
*** PRE-FLOP *** 
Liamm raises 20 to 40
_SKR folds
Liamm collected 60 from pot
*** SUMMARY ***
Total pot 60 | No rake
Seat 2: Liamm (small blind) (button) won 60


Winamax Poker - Tournament "Expresso Nitro" buyIn: 0.93€ + 0.07€ level: 2 - HandId: #2672608107913281537-5-1673616419 - Holdem no limit (15/30) - 2023/01/13 13:26:59 UTC
Table: 'Expresso Nitro(622265066)#0' 3-max (real money) Seat #1 is the button
Seat 1: _SKR (260)
Seat 2: Liamm (640)
*** ANTE/BLINDS ***
_SKR posts small blind 15
Liamm posts big blind 30
Dealt to _SKR [Ac 5s]
*** PRE-FLOP *** 
_SKR raises 230 to 260 and is all-in
Liamm folds
_SKR collected 290 from pot
*** SUMMARY ***
Total pot 290 | No rake
Seat 1: _SKR (small blind) (button) won 290


Winamax Poker - Tournament "Expresso Nitro" buyIn: 0.93€ + 0.07€ level: 2 - HandId: #2672608107913281537-6-1673616435 - Holdem no limit (15/30) - 2023/01/13 13:27:15 UTC
Table: 'Expresso Nitro(622265066)#0' 3-max (real money) Seat #2 is the button
Seat 1: _SKR (290)
Seat 2: Liamm (610)
*** ANTE/BLINDS ***
Liamm posts small blind 15
_SKR posts big blind 30
Dealt to _SKR [4s 2d]
*** PRE-FLOP *** 
Liamm calls 15
_SKR checks
*** FLOP *** [Ts 3h 8d]
_SKR checks
Liamm bets 48
_SKR folds
Liamm collected 108 from pot
*** SUMMARY ***
Total pot 108 | No rake
Board: [Ts 3h 8d]
Seat 2: Liamm (small blind) (button) won 108


Winamax Poker - Tournament "Expresso Nitro" buyIn: 0.93€ + 0.07€ level: 2 - HandId: #2672608107913281537-7-1673616461 - Holdem no limit (15/30) - 2023/01/13 13:27:41 UTC
Table: 'Expresso Nitro(622265066)#0' 3-max (real money) Seat #1 is the button
Seat 1: _SKR (260)
Seat 2: Liamm (640)
*** ANTE/BLINDS ***
_SKR posts small blind 15
Liamm posts big blind 30
Dealt to _SKR [4h 7c]
*** PRE-FLOP *** 
_SKR folds
Liamm collected 45 from pot
*** SUMMARY ***
Total pot 45 | No rake
Seat 2: Liamm (big blind) won 45


Winamax Poker - Tournament "Expresso Nitro" buyIn: 0.93€ + 0.07€ level: 2 - HandId: #2672608107913281537-8-1673616470 - Holdem no limit (15/30) - 2023/01/13 13:27:50 UTC
Table: 'Expresso Nitro(622265066)#0' 3-max (real money) Seat #2 is the button
Seat 1: _SKR (245)
Seat 2: Liamm (655)
*** ANTE/BLINDS ***
Liamm posts small blind 15
_SKR posts big blind 30
Dealt to _SKR [6d 4c]
*** PRE-FLOP *** 
Liamm calls 15
_SKR checks
*** FLOP *** [3c Th 2s]
_SKR checks
Liamm checks
*** TURN *** [3c Th 2s][7s]
_SKR bets 39
Liamm calls 39
*** RIVER *** [3c Th 2s 7s][Td]
_SKR checks
Liamm bets 138
_SKR folds
Liamm collected 276 from pot
*** SUMMARY ***
Total pot 276 | No rake
Board: [3c Th 2s 7s Td]
Seat 2: Liamm (small blind) (button) won 276


Winamax Poker - Tournament "Expresso Nitro" buyIn: 0.93€ + 0.07€ level: 3 - HandId: #2672608107913281537-9-1673616527 - Holdem no limit (20/40) - 2023/01/13 13:28:47 UTC
Table: 'Expresso Nitro(622265066)#0' 3-max (real money) Seat #1 is the button
Seat 1: _SKR (176)
Seat 2: Liamm (724)
*** ANTE/BLINDS ***
_SKR posts small blind 20
Liamm posts big blind 40
Dealt to _SKR [7s Qh]
*** PRE-FLOP *** 
_SKR raises 136 to 176 and is all-in
Liamm folds
_SKR collected 216 from pot
*** SUMMARY ***
Total pot 216 | No rake
Seat 1: _SKR (small blind) (button) won 216


Winamax Poker - Tournament "Expresso Nitro" buyIn: 0.93€ + 0.07€ level: 4 - HandId: #2672608107913281537-10-1673616545 - Holdem no limit (30/60) - 2023/01/13 13:29:05 UTC
Table: 'Expresso Nitro(622265066)#0' 3-max (real money) Seat #2 is the button
Seat 1: _SKR (216)
Seat 2: Liamm (684)
*** ANTE/BLINDS ***
Liamm posts small blind 30
_SKR posts big blind 60
Dealt to _SKR [5h 6s]
*** PRE-FLOP *** 
Liamm calls 30
_SKR checks
*** FLOP *** [2h 9d Jc]
_SKR checks
Liamm checks
*** TURN *** [2h 9d Jc][3c]
_SKR checks
Liamm bets 60
_SKR folds
Liamm collected 180 from pot
*** SUMMARY ***
Total pot 180 | No rake
Board: [2h 9d Jc 3c]
Seat 2: Liamm (small blind) (button) won 180


Winamax Poker - Tournament "Expresso Nitro" buyIn: 0.93€ + 0.07€ level: 4 - HandId: #2672608107913281537-11-1673616569 - Holdem no limit (30/60) - 2023/01/13 13:29:29 UTC
Table: 'Expresso Nitro(622265066)#0' 3-max (real money) Seat #1 is the button
Seat 1: _SKR (156)
Seat 2: Liamm (744)
*** ANTE/BLINDS ***
_SKR posts small blind 30
Liamm posts big blind 60
Dealt to _SKR [5c 3d]
*** PRE-FLOP *** 
_SKR folds
Liamm collected 90 from pot
*** SUMMARY ***
Total pot 90 | No rake
Seat 2: Liamm (big blind) won 90


Winamax Poker - Tournament "Expresso Nitro" buyIn: 0.93€ + 0.07€ level: 4 - HandId: #2672608107913281537-12-1673616581 - Holdem no limit (30/60) - 2023/01/13 13:29:41 UTC
Table: 'Expresso Nitro(622265066)#0' 3-max (real money) Seat #2 is the button
Seat 1: _SKR (126)
Seat 2: Liamm (774)
*** ANTE/BLINDS ***
Liamm posts small blind 30
_SKR posts big blind 60
Dealt to _SKR [7s Ts]
*** PRE-FLOP *** 
Liamm calls 30
_SKR raises 66 to 126 and is all-in
Liamm calls 66
*** FLOP *** [Jh Qd 9h]
*** TURN *** [Jh Qd 9h][Js]
*** RIVER *** [Jh Qd 9h Js][3c]
*** SHOW DOWN ***
Liamm shows [6h 2h] (One pair : Jacks)
_SKR shows [7s Ts] (One pair : Jacks)
_SKR collected 252 from pot
*** SUMMARY ***
Total pot 252 | No rake
Board: [Jh Qd 9h Js 3c]
Seat 1: _SKR (big blind) showed [7s Ts] and won 252 with One pair : Jacks
Seat 2: Liamm (small blind) (button) showed [6h 2h] and lost with One pair : Jacks


Winamax Poker - Tournament "Expresso Nitro" buyIn: 0.93€ + 0.07€ level: 5 - HandId: #2672608107913281537-13-1673616606 - Holdem no limit (40/80) - 2023/01/13 13:30:06 UTC
Table: 'Expresso Nitro(622265066)#0' 3-max (real money) Seat #1 is the button
Seat 1: _SKR (252)
Seat 2: Liamm (648)
*** ANTE/BLINDS ***
_SKR posts small blind 40
Liamm posts big blind 80
Dealt to _SKR [Kc 7s]
*** PRE-FLOP *** 
_SKR raises 172 to 252 and is all-in
Liamm calls 172
*** FLOP *** [3c Qc 2c]
*** TURN *** [3c Qc 2c][Qh]
*** RIVER *** [3c Qc 2c Qh][8d]
*** SHOW DOWN ***
_SKR shows [Kc 7s] (One pair : Queens)
Liamm shows [8s 8c] (Full of 8 and Queens)
Liamm collected 504 from pot
*** SUMMARY ***
Total pot 504 | No rake
Board: [3c Qc 2c Qh 8d]
Seat 1: _SKR (small blind) (button) showed [Kc 7s] and lost with One pair : Queens
Seat 2: Liamm (big blind) showed [8s 8c] and won 504 with Full of 8 and Queens


