Winamax Poker - Tournament "Expresso Nitro" buyIn: 0.93€ + 0.07€ level: 1 - HandId: #2729592402556747777-1-1676921242 - Holdem no limit (10/20) - 2023/02/20 19:27:22 UTC
Table: 'Expresso Nitro(635532756)#0' 3-max (real money) Seat #2 is the button
Seat 1: Fctuga (300)
Seat 2: _SKR (300)
Seat 3: MboNJ (300)
*** ANTE/BLINDS ***
MboNJ posts small blind 10
Fctuga posts big blind 20
Dealt to _SKR [Kh 7d]
*** PRE-FLOP *** 
_SKR folds
MboNJ raises 280 to 300 and is all-in
Fctuga folds
MboNJ collected 320 from pot
*** SUMMARY ***
Total pot 320 | No rake
Seat 3: MboNJ (small blind) won 320


Winamax Poker - Tournament "Expresso Nitro" buyIn: 0.93€ + 0.07€ level: 1 - HandId: #2729592402556747777-2-1676921255 - Holdem no limit (10/20) - 2023/02/20 19:27:35 UTC
Table: 'Expresso Nitro(635532756)#0' 3-max (real money) Seat #3 is the button
Seat 1: Fctuga (280)
Seat 2: _SKR (300)
Seat 3: MboNJ (320)
*** ANTE/BLINDS ***
Fctuga posts small blind 10
_SKR posts big blind 20
Dealt to _SKR [5c Kd]
*** PRE-FLOP *** 
MboNJ raises 20 to 40
Fctuga calls 30
_SKR folds
*** FLOP *** [Tc Td 4c]
Fctuga checks
MboNJ checks
*** TURN *** [Tc Td 4c][2s]
Fctuga bets 100
MboNJ folds
Fctuga collected 200 from pot
*** SUMMARY ***
Total pot 200 | No rake
Board: [Tc Td 4c 2s]
Seat 1: Fctuga (small blind) won 200


Winamax Poker - Tournament "Expresso Nitro" buyIn: 0.93€ + 0.07€ level: 2 - HandId: #2729592402556747777-3-1676921303 - Holdem no limit (15/30) - 2023/02/20 19:28:23 UTC
Table: 'Expresso Nitro(635532756)#0' 3-max (real money) Seat #1 is the button
Seat 1: Fctuga (340)
Seat 2: _SKR (280)
Seat 3: MboNJ (280)
*** ANTE/BLINDS ***
_SKR posts small blind 15
MboNJ posts big blind 30
Dealt to _SKR [Ac 4h]
*** PRE-FLOP *** 
Fctuga folds
_SKR raises 250 to 280 and is all-in
MboNJ folds
_SKR collected 310 from pot
*** SUMMARY ***
Total pot 310 | No rake
Seat 2: _SKR (small blind) won 310


Winamax Poker - Tournament "Expresso Nitro" buyIn: 0.93€ + 0.07€ level: 2 - HandId: #2729592402556747777-4-1676921312 - Holdem no limit (15/30) - 2023/02/20 19:28:32 UTC
Table: 'Expresso Nitro(635532756)#0' 3-max (real money) Seat #2 is the button
Seat 1: Fctuga (340)
Seat 2: _SKR (310)
Seat 3: MboNJ (250)
*** ANTE/BLINDS ***
MboNJ posts small blind 15
Fctuga posts big blind 30
Dealt to _SKR [4s 8d]
*** PRE-FLOP *** 
_SKR folds
MboNJ raises 220 to 250 and is all-in
Fctuga folds
MboNJ collected 280 from pot
*** SUMMARY ***
Total pot 280 | No rake
Seat 3: MboNJ (small blind) won 280


Winamax Poker - Tournament "Expresso Nitro" buyIn: 0.93€ + 0.07€ level: 2 - HandId: #2729592402556747777-5-1676921322 - Holdem no limit (15/30) - 2023/02/20 19:28:42 UTC
Table: 'Expresso Nitro(635532756)#0' 3-max (real money) Seat #3 is the button
Seat 1: Fctuga (310)
Seat 2: _SKR (310)
Seat 3: MboNJ (280)
*** ANTE/BLINDS ***
Fctuga posts small blind 15
_SKR posts big blind 30
Dealt to _SKR [Th 9c]
*** PRE-FLOP *** 
MboNJ folds
Fctuga calls 15
_SKR checks
*** FLOP *** [4c 4d 5c]
Fctuga checks
_SKR checks
*** TURN *** [4c 4d 5c][4h]
Fctuga checks
_SKR checks
*** RIVER *** [4c 4d 5c 4h][7s]
Fctuga checks
_SKR checks
*** SHOW DOWN ***
_SKR shows [Th 9c] (Trips of 4)
Fctuga shows [2s Kd] (Trips of 4)
Fctuga collected 60 from pot
*** SUMMARY ***
Total pot 60 | No rake
Board: [4c 4d 5c 4h 7s]
Seat 1: Fctuga (small blind) showed [2s Kd] and won 60 with Trips of 4
Seat 2: _SKR (big blind) showed [Th 9c] and lost with Trips of 4


Winamax Poker - Tournament "Expresso Nitro" buyIn: 0.93€ + 0.07€ level: 2 - HandId: #2729592402556747777-6-1676921355 - Holdem no limit (15/30) - 2023/02/20 19:29:15 UTC
Table: 'Expresso Nitro(635532756)#0' 3-max (real money) Seat #1 is the button
Seat 1: Fctuga (340)
Seat 2: _SKR (280)
Seat 3: MboNJ (280)
*** ANTE/BLINDS ***
_SKR posts small blind 15
MboNJ posts big blind 30
Dealt to _SKR [3c 9d]
*** PRE-FLOP *** 
Fctuga calls 30
_SKR folds
MboNJ checks
*** FLOP *** [7d 2d Jd]
MboNJ checks
Fctuga checks
*** TURN *** [7d 2d Jd][Js]
MboNJ bets 30
Fctuga folds
MboNJ collected 105 from pot
*** SUMMARY ***
Total pot 105 | No rake
Board: [7d 2d Jd Js]
Seat 3: MboNJ (big blind) won 105


Winamax Poker - Tournament "Expresso Nitro" buyIn: 0.93€ + 0.07€ level: 3 - HandId: #2729592402556747777-7-1676921382 - Holdem no limit (20/40) - 2023/02/20 19:29:42 UTC
Table: 'Expresso Nitro(635532756)#0' 3-max (real money) Seat #2 is the button
Seat 1: Fctuga (310)
Seat 2: _SKR (265)
Seat 3: MboNJ (325)
*** ANTE/BLINDS ***
MboNJ posts small blind 20
Fctuga posts big blind 40
Dealt to _SKR [4s Jc]
*** PRE-FLOP *** 
_SKR folds
MboNJ folds
Fctuga collected 60 from pot
*** SUMMARY ***
Total pot 60 | No rake
Seat 1: Fctuga (big blind) won 60


Winamax Poker - Tournament "Expresso Nitro" buyIn: 0.93€ + 0.07€ level: 3 - HandId: #2729592402556747777-8-1676921396 - Holdem no limit (20/40) - 2023/02/20 19:29:56 UTC
Table: 'Expresso Nitro(635532756)#0' 3-max (real money) Seat #3 is the button
Seat 1: Fctuga (330)
Seat 2: _SKR (265)
Seat 3: MboNJ (305)
*** ANTE/BLINDS ***
Fctuga posts small blind 20
_SKR posts big blind 40
Dealt to _SKR [Js As]
*** PRE-FLOP *** 
MboNJ raises 265 to 305 and is all-in
Fctuga folds
_SKR calls 225 and is all-in
*** FLOP *** [Ts 6d Th]
*** TURN *** [Ts 6d Th][8d]
*** RIVER *** [Ts 6d Th 8d][Qc]
*** SHOW DOWN ***
_SKR shows [Js As] (One pair : Tens)
MboNJ shows [Tc Ah] (Trips of Tens)
MboNJ collected 590 from pot
*** SUMMARY ***
Total pot 590 | No rake
Board: [Ts 6d Th 8d Qc]
Seat 2: _SKR (big blind) showed [Js As] and lost with One pair : Tens
Seat 3: MboNJ (button) showed [Tc Ah] and won 590 with Trips of Tens


