Winamax Poker - Tournament "Expresso Nitro" buyIn: 0.93€ + 0.07€ level: 1 - HandId: #2717840890998554625-1-1676237262 - Holdem no limit (10/20) - 2023/02/12 21:27:42 UTC
Table: 'Expresso Nitro(632796644)#0' 3-max (real money) Seat #3 is the button
Seat 1: meguimeg (300)
Seat 2: Antoniio7 (300)
Seat 3: _SKR (300)
*** ANTE/BLINDS ***
meguimeg posts small blind 10
Antoniio7 posts big blind 20
Dealt to _SKR [8d 7s]
*** PRE-FLOP *** 
_SKR folds
meguimeg raises 40 to 60
Antoniio7 calls 40
*** FLOP *** [9c Qh 2d]
meguimeg checks
Antoniio7 bets 240 and is all-in
meguimeg calls 240 and is all-in
*** TURN *** [9c Qh 2d][Kh]
*** RIVER *** [9c Qh 2d Kh][8c]
*** SHOW DOWN ***
meguimeg shows [Js As] (High card : Ace)
Antoniio7 shows [9h 7h] (One pair : 9)
Antoniio7 collected 600 from pot
*** SUMMARY ***
Total pot 600 | No rake
Board: [9c Qh 2d Kh 8c]
Seat 1: meguimeg (small blind) showed [Js As] and lost with High card : Ace
Seat 2: Antoniio7 (big blind) showed [9h 7h] and won 600 with One pair : 9


Winamax Poker - Tournament "Expresso Nitro" buyIn: 0.93€ + 0.07€ level: 1 - HandId: #2717840890998554625-2-1676237294 - Holdem no limit (10/20) - 2023/02/12 21:28:14 UTC
Table: 'Expresso Nitro(632796644)#0' 3-max (real money) Seat #2 is the button
Seat 2: Antoniio7 (600)
Seat 3: _SKR (300)
*** ANTE/BLINDS ***
Antoniio7 posts small blind 10
_SKR posts big blind 20
Dealt to _SKR [Kh 2h]
*** PRE-FLOP *** 
Antoniio7 raises 580 to 600 and is all-in
_SKR folds
Antoniio7 collected 620 from pot
*** SUMMARY ***
Total pot 620 | No rake
Seat 2: Antoniio7 (small blind) (button) won 620


Winamax Poker - Tournament "Expresso Nitro" buyIn: 0.93€ + 0.07€ level: 1 - HandId: #2717840890998554625-3-1676237303 - Holdem no limit (10/20) - 2023/02/12 21:28:23 UTC
Table: 'Expresso Nitro(632796644)#0' 3-max (real money) Seat #3 is the button
Seat 2: Antoniio7 (620)
Seat 3: _SKR (280)
*** ANTE/BLINDS ***
_SKR posts small blind 10
Antoniio7 posts big blind 20
Dealt to _SKR [Qd 7c]
*** PRE-FLOP *** 
_SKR folds
Antoniio7 collected 30 from pot
*** SUMMARY ***
Total pot 30 | No rake
Seat 2: Antoniio7 (big blind) won 30


Winamax Poker - Tournament "Expresso Nitro" buyIn: 0.93€ + 0.07€ level: 1 - HandId: #2717840890998554625-4-1676237308 - Holdem no limit (10/20) - 2023/02/12 21:28:28 UTC
Table: 'Expresso Nitro(632796644)#0' 3-max (real money) Seat #2 is the button
Seat 2: Antoniio7 (630)
Seat 3: _SKR (270)
*** ANTE/BLINDS ***
Antoniio7 posts small blind 10
_SKR posts big blind 20
Dealt to _SKR [4c 9c]
*** PRE-FLOP *** 
Antoniio7 raises 30 to 50
_SKR folds
Antoniio7 collected 70 from pot
*** SUMMARY ***
Total pot 70 | No rake
Seat 2: Antoniio7 (small blind) (button) won 70


Winamax Poker - Tournament "Expresso Nitro" buyIn: 0.93€ + 0.07€ level: 2 - HandId: #2717840890998554625-5-1676237317 - Holdem no limit (15/30) - 2023/02/12 21:28:37 UTC
Table: 'Expresso Nitro(632796644)#0' 3-max (real money) Seat #3 is the button
Seat 2: Antoniio7 (650)
Seat 3: _SKR (250)
*** ANTE/BLINDS ***
_SKR posts small blind 15
Antoniio7 posts big blind 30
Dealt to _SKR [7h Ad]
*** PRE-FLOP *** 
_SKR raises 220 to 250 and is all-in
Antoniio7 calls 220
*** FLOP *** [Js Ac 7s]
*** TURN *** [Js Ac 7s][6d]
*** RIVER *** [Js Ac 7s 6d][9c]
*** SHOW DOWN ***
Antoniio7 shows [Kc Qh] (High card : Ace)
_SKR shows [7h Ad] (Two pairs : Aces and 7)
_SKR collected 500 from pot
*** SUMMARY ***
Total pot 500 | No rake
Board: [Js Ac 7s 6d 9c]
Seat 2: Antoniio7 (big blind) showed [Kc Qh] and lost with High card : Ace
Seat 3: _SKR (small blind) (button) showed [7h Ad] and won 500 with Two pairs : Aces and 7


Winamax Poker - Tournament "Expresso Nitro" buyIn: 0.93€ + 0.07€ level: 2 - HandId: #2717840890998554625-6-1676237334 - Holdem no limit (15/30) - 2023/02/12 21:28:54 UTC
Table: 'Expresso Nitro(632796644)#0' 3-max (real money) Seat #2 is the button
Seat 2: Antoniio7 (400)
Seat 3: _SKR (500)
*** ANTE/BLINDS ***
Antoniio7 posts small blind 15
_SKR posts big blind 30
Dealt to _SKR [Jc Jd]
*** PRE-FLOP *** 
Antoniio7 folds
_SKR collected 45 from pot
*** SUMMARY ***
Total pot 45 | No rake
Seat 3: _SKR (big blind) won 45


Winamax Poker - Tournament "Expresso Nitro" buyIn: 0.93€ + 0.07€ level: 2 - HandId: #2717840890998554625-7-1676237337 - Holdem no limit (15/30) - 2023/02/12 21:28:57 UTC
Table: 'Expresso Nitro(632796644)#0' 3-max (real money) Seat #3 is the button
Seat 2: Antoniio7 (385)
Seat 3: _SKR (515)
*** ANTE/BLINDS ***
_SKR posts small blind 15
Antoniio7 posts big blind 30
Dealt to _SKR [Ac 3s]
*** PRE-FLOP *** 
_SKR raises 485 to 515 and is all-in
Antoniio7 folds
_SKR collected 545 from pot
*** SUMMARY ***
Total pot 545 | No rake
Seat 3: _SKR (small blind) (button) won 545


Winamax Poker - Tournament "Expresso Nitro" buyIn: 0.93€ + 0.07€ level: 2 - HandId: #2717840890998554625-8-1676237350 - Holdem no limit (15/30) - 2023/02/12 21:29:10 UTC
Table: 'Expresso Nitro(632796644)#0' 3-max (real money) Seat #2 is the button
Seat 2: Antoniio7 (355)
Seat 3: _SKR (545)
*** ANTE/BLINDS ***
Antoniio7 posts small blind 15
_SKR posts big blind 30
Dealt to _SKR [6h Qd]
*** PRE-FLOP *** 
Antoniio7 raises 325 to 355 and is all-in
_SKR folds
Antoniio7 collected 385 from pot
*** SUMMARY ***
Total pot 385 | No rake
Seat 2: Antoniio7 (small blind) (button) won 385


Winamax Poker - Tournament "Expresso Nitro" buyIn: 0.93€ + 0.07€ level: 2 - HandId: #2717840890998554625-9-1676237357 - Holdem no limit (15/30) - 2023/02/12 21:29:17 UTC
Table: 'Expresso Nitro(632796644)#0' 3-max (real money) Seat #3 is the button
Seat 2: Antoniio7 (385)
Seat 3: _SKR (515)
*** ANTE/BLINDS ***
_SKR posts small blind 15
Antoniio7 posts big blind 30
Dealt to _SKR [8h 6s]
*** PRE-FLOP *** 
_SKR folds
Antoniio7 collected 45 from pot
*** SUMMARY ***
Total pot 45 | No rake
Seat 2: Antoniio7 (big blind) won 45


Winamax Poker - Tournament "Expresso Nitro" buyIn: 0.93€ + 0.07€ level: 2 - HandId: #2717840890998554625-10-1676237364 - Holdem no limit (15/30) - 2023/02/12 21:29:24 UTC
Table: 'Expresso Nitro(632796644)#0' 3-max (real money) Seat #2 is the button
Seat 2: Antoniio7 (400)
Seat 3: _SKR (500)
*** ANTE/BLINDS ***
Antoniio7 posts small blind 15
_SKR posts big blind 30
Dealt to _SKR [5c 4s]
*** PRE-FLOP *** 
Antoniio7 raises 370 to 400 and is all-in
_SKR folds
Antoniio7 collected 430 from pot
*** SUMMARY ***
Total pot 430 | No rake
Seat 2: Antoniio7 (small blind) (button) won 430


Winamax Poker - Tournament "Expresso Nitro" buyIn: 0.93€ + 0.07€ level: 2 - HandId: #2717840890998554625-11-1676237369 - Holdem no limit (15/30) - 2023/02/12 21:29:29 UTC
Table: 'Expresso Nitro(632796644)#0' 3-max (real money) Seat #3 is the button
Seat 2: Antoniio7 (430)
Seat 3: _SKR (470)
*** ANTE/BLINDS ***
_SKR posts small blind 15
Antoniio7 posts big blind 30
Dealt to _SKR [5c 4s]
*** PRE-FLOP *** 
_SKR folds
Antoniio7 collected 45 from pot
*** SUMMARY ***
Total pot 45 | No rake
Seat 2: Antoniio7 (big blind) won 45


Winamax Poker - Tournament "Expresso Nitro" buyIn: 0.93€ + 0.07€ level: 3 - HandId: #2717840890998554625-12-1676237377 - Holdem no limit (20/40) - 2023/02/12 21:29:37 UTC
Table: 'Expresso Nitro(632796644)#0' 3-max (real money) Seat #2 is the button
Seat 2: Antoniio7 (445)
Seat 3: _SKR (455)
*** ANTE/BLINDS ***
Antoniio7 posts small blind 20
_SKR posts big blind 40
Dealt to _SKR [Td 7d]
*** PRE-FLOP *** 
Antoniio7 folds
_SKR collected 60 from pot
*** SUMMARY ***
Total pot 60 | No rake
Seat 3: _SKR (big blind) won 60


Winamax Poker - Tournament "Expresso Nitro" buyIn: 0.93€ + 0.07€ level: 3 - HandId: #2717840890998554625-13-1676237381 - Holdem no limit (20/40) - 2023/02/12 21:29:41 UTC
Table: 'Expresso Nitro(632796644)#0' 3-max (real money) Seat #3 is the button
Seat 2: Antoniio7 (425)
Seat 3: _SKR (475)
*** ANTE/BLINDS ***
_SKR posts small blind 20
Antoniio7 posts big blind 40
Dealt to _SKR [9h Ts]
*** PRE-FLOP *** 
_SKR folds
Antoniio7 collected 60 from pot
*** SUMMARY ***
Total pot 60 | No rake
Seat 2: Antoniio7 (big blind) won 60


Winamax Poker - Tournament "Expresso Nitro" buyIn: 0.93€ + 0.07€ level: 3 - HandId: #2717840890998554625-14-1676237386 - Holdem no limit (20/40) - 2023/02/12 21:29:46 UTC
Table: 'Expresso Nitro(632796644)#0' 3-max (real money) Seat #2 is the button
Seat 2: Antoniio7 (445)
Seat 3: _SKR (455)
*** ANTE/BLINDS ***
Antoniio7 posts small blind 20
_SKR posts big blind 40
Dealt to _SKR [4c Jc]
*** PRE-FLOP *** 
Antoniio7 folds
_SKR collected 60 from pot
*** SUMMARY ***
Total pot 60 | No rake
Seat 3: _SKR (big blind) won 60


Winamax Poker - Tournament "Expresso Nitro" buyIn: 0.93€ + 0.07€ level: 3 - HandId: #2717840890998554625-15-1676237390 - Holdem no limit (20/40) - 2023/02/12 21:29:50 UTC
Table: 'Expresso Nitro(632796644)#0' 3-max (real money) Seat #3 is the button
Seat 2: Antoniio7 (425)
Seat 3: _SKR (475)
*** ANTE/BLINDS ***
_SKR posts small blind 20
Antoniio7 posts big blind 40
Dealt to _SKR [Kd Ah]
*** PRE-FLOP *** 
_SKR raises 435 to 475 and is all-in
Antoniio7 folds
_SKR collected 515 from pot
*** SUMMARY ***
Total pot 515 | No rake
Seat 3: _SKR (small blind) (button) won 515


Winamax Poker - Tournament "Expresso Nitro" buyIn: 0.93€ + 0.07€ level: 3 - HandId: #2717840890998554625-16-1676237403 - Holdem no limit (20/40) - 2023/02/12 21:30:03 UTC
Table: 'Expresso Nitro(632796644)#0' 3-max (real money) Seat #2 is the button
Seat 2: Antoniio7 (385)
Seat 3: _SKR (515)
*** ANTE/BLINDS ***
Antoniio7 posts small blind 20
_SKR posts big blind 40
Dealt to _SKR [Tc 7h]
*** PRE-FLOP *** 
Antoniio7 raises 345 to 385 and is all-in
_SKR folds
Antoniio7 collected 425 from pot
*** SUMMARY ***
Total pot 425 | No rake
Seat 2: Antoniio7 (small blind) (button) won 425


Winamax Poker - Tournament "Expresso Nitro" buyIn: 0.93€ + 0.07€ level: 3 - HandId: #2717840890998554625-17-1676237410 - Holdem no limit (20/40) - 2023/02/12 21:30:10 UTC
Table: 'Expresso Nitro(632796644)#0' 3-max (real money) Seat #3 is the button
Seat 2: Antoniio7 (425)
Seat 3: _SKR (475)
*** ANTE/BLINDS ***
_SKR posts small blind 20
Antoniio7 posts big blind 40
Dealt to _SKR [7d Jc]
*** PRE-FLOP *** 
_SKR calls 20
Antoniio7 checks
*** FLOP *** [2c 5c Th]
Antoniio7 checks
_SKR bets 40
Antoniio7 folds
_SKR collected 120 from pot
*** SUMMARY ***
Total pot 120 | No rake
Board: [2c 5c Th]
Seat 3: _SKR (small blind) (button) won 120


Winamax Poker - Tournament "Expresso Nitro" buyIn: 0.93€ + 0.07€ level: 3 - HandId: #2717840890998554625-18-1676237425 - Holdem no limit (20/40) - 2023/02/12 21:30:25 UTC
Table: 'Expresso Nitro(632796644)#0' 3-max (real money) Seat #2 is the button
Seat 2: Antoniio7 (385)
Seat 3: _SKR (515)
*** ANTE/BLINDS ***
Antoniio7 posts small blind 20
_SKR posts big blind 40
Dealt to _SKR [Qs Ad]
*** PRE-FLOP *** 
Antoniio7 folds
_SKR collected 60 from pot
*** SUMMARY ***
Total pot 60 | No rake
Seat 3: _SKR (big blind) won 60


Winamax Poker - Tournament "Expresso Nitro" buyIn: 0.93€ + 0.07€ level: 3 - HandId: #2717840890998554625-19-1676237429 - Holdem no limit (20/40) - 2023/02/12 21:30:29 UTC
Table: 'Expresso Nitro(632796644)#0' 3-max (real money) Seat #3 is the button
Seat 2: Antoniio7 (365)
Seat 3: _SKR (535)
*** ANTE/BLINDS ***
_SKR posts small blind 20
Antoniio7 posts big blind 40
Dealt to _SKR [4d Qh]
*** PRE-FLOP *** 
_SKR folds
Antoniio7 collected 60 from pot
*** SUMMARY ***
Total pot 60 | No rake
Seat 2: Antoniio7 (big blind) won 60


Winamax Poker - Tournament "Expresso Nitro" buyIn: 0.93€ + 0.07€ level: 3 - HandId: #2717840890998554625-20-1676237432 - Holdem no limit (20/40) - 2023/02/12 21:30:32 UTC
Table: 'Expresso Nitro(632796644)#0' 3-max (real money) Seat #2 is the button
Seat 2: Antoniio7 (385)
Seat 3: _SKR (515)
*** ANTE/BLINDS ***
Antoniio7 posts small blind 20
_SKR posts big blind 40
Dealt to _SKR [Kc Tc]
*** PRE-FLOP *** 
Antoniio7 folds
_SKR collected 60 from pot
*** SUMMARY ***
Total pot 60 | No rake
Seat 3: _SKR (big blind) won 60


Winamax Poker - Tournament "Expresso Nitro" buyIn: 0.93€ + 0.07€ level: 3 - HandId: #2717840890998554625-21-1676237435 - Holdem no limit (20/40) - 2023/02/12 21:30:35 UTC
Table: 'Expresso Nitro(632796644)#0' 3-max (real money) Seat #3 is the button
Seat 2: Antoniio7 (365)
Seat 3: _SKR (535)
*** ANTE/BLINDS ***
_SKR posts small blind 20
Antoniio7 posts big blind 40
Dealt to _SKR [9s 8s]
*** PRE-FLOP *** 
_SKR raises 495 to 535 and is all-in
Antoniio7 folds
_SKR collected 575 from pot
*** SUMMARY ***
Total pot 575 | No rake
Seat 3: _SKR (small blind) (button) won 575


Winamax Poker - Tournament "Expresso Nitro" buyIn: 0.93€ + 0.07€ level: 4 - HandId: #2717840890998554625-22-1676237441 - Holdem no limit (30/60) - 2023/02/12 21:30:41 UTC
Table: 'Expresso Nitro(632796644)#0' 3-max (real money) Seat #2 is the button
Seat 2: Antoniio7 (325)
Seat 3: _SKR (575)
*** ANTE/BLINDS ***
Antoniio7 posts small blind 30
_SKR posts big blind 60
Dealt to _SKR [Th 3d]
*** PRE-FLOP *** 
Antoniio7 raises 265 to 325 and is all-in
_SKR folds
Antoniio7 collected 385 from pot
*** SUMMARY ***
Total pot 385 | No rake
Seat 2: Antoniio7 (small blind) (button) won 385


Winamax Poker - Tournament "Expresso Nitro" buyIn: 0.93€ + 0.07€ level: 4 - HandId: #2717840890998554625-23-1676237448 - Holdem no limit (30/60) - 2023/02/12 21:30:48 UTC
Table: 'Expresso Nitro(632796644)#0' 3-max (real money) Seat #3 is the button
Seat 2: Antoniio7 (385)
Seat 3: _SKR (515)
*** ANTE/BLINDS ***
_SKR posts small blind 30
Antoniio7 posts big blind 60
Dealt to _SKR [5h Qh]
*** PRE-FLOP *** 
_SKR raises 455 to 515 and is all-in
Antoniio7 folds
_SKR collected 575 from pot
*** SUMMARY ***
Total pot 575 | No rake
Seat 3: _SKR (small blind) (button) won 575


Winamax Poker - Tournament "Expresso Nitro" buyIn: 0.93€ + 0.07€ level: 4 - HandId: #2717840890998554625-24-1676237453 - Holdem no limit (30/60) - 2023/02/12 21:30:53 UTC
Table: 'Expresso Nitro(632796644)#0' 3-max (real money) Seat #2 is the button
Seat 2: Antoniio7 (325)
Seat 3: _SKR (575)
*** ANTE/BLINDS ***
Antoniio7 posts small blind 30
_SKR posts big blind 60
Dealt to _SKR [Ah 4s]
*** PRE-FLOP *** 
Antoniio7 folds
_SKR collected 90 from pot
*** SUMMARY ***
Total pot 90 | No rake
Seat 3: _SKR (big blind) won 90


Winamax Poker - Tournament "Expresso Nitro" buyIn: 0.93€ + 0.07€ level: 4 - HandId: #2717840890998554625-25-1676237456 - Holdem no limit (30/60) - 2023/02/12 21:30:56 UTC
Table: 'Expresso Nitro(632796644)#0' 3-max (real money) Seat #3 is the button
Seat 2: Antoniio7 (295)
Seat 3: _SKR (605)
*** ANTE/BLINDS ***
_SKR posts small blind 30
Antoniio7 posts big blind 60
Dealt to _SKR [6h Th]
*** PRE-FLOP *** 
_SKR raises 545 to 605 and is all-in
Antoniio7 calls 235 and is all-in
*** FLOP *** [3d Kh 7h]
*** TURN *** [3d Kh 7h][5c]
*** RIVER *** [3d Kh 7h 5c][9s]
*** SHOW DOWN ***
Antoniio7 shows [Qc 7c] (One pair : 7)
_SKR shows [6h Th] (High card : King)
_SKR collected 310 from side pot 1
Antoniio7 collected 590 from main pot
*** SUMMARY ***
Total pot 900 | No rake
Board: [3d Kh 7h 5c 9s]
Seat 2: Antoniio7 (big blind) showed [Qc 7c] and won 590 with One pair : 7
Seat 3: _SKR (small blind) (button) showed [6h Th] and won 310 with High card : King


Winamax Poker - Tournament "Expresso Nitro" buyIn: 0.93€ + 0.07€ level: 4 - HandId: #2717840890998554625-26-1676237467 - Holdem no limit (30/60) - 2023/02/12 21:31:07 UTC
Table: 'Expresso Nitro(632796644)#0' 3-max (real money) Seat #2 is the button
Seat 2: Antoniio7 (590)
Seat 3: _SKR (310)
*** ANTE/BLINDS ***
Antoniio7 posts small blind 30
_SKR posts big blind 60
Dealt to _SKR [9d 4s]
*** PRE-FLOP *** 
Antoniio7 raises 530 to 590 and is all-in
_SKR folds
Antoniio7 collected 650 from pot
*** SUMMARY ***
Total pot 650 | No rake
Seat 2: Antoniio7 (small blind) (button) won 650


Winamax Poker - Tournament "Expresso Nitro" buyIn: 0.93€ + 0.07€ level: 4 - HandId: #2717840890998554625-27-1676237475 - Holdem no limit (30/60) - 2023/02/12 21:31:15 UTC
Table: 'Expresso Nitro(632796644)#0' 3-max (real money) Seat #3 is the button
Seat 2: Antoniio7 (650)
Seat 3: _SKR (250)
*** ANTE/BLINDS ***
_SKR posts small blind 30
Antoniio7 posts big blind 60
Dealt to _SKR [7h 2c]
*** PRE-FLOP *** 
_SKR folds
Antoniio7 collected 90 from pot
*** SUMMARY ***
Total pot 90 | No rake
Seat 2: Antoniio7 (big blind) won 90


Winamax Poker - Tournament "Expresso Nitro" buyIn: 0.93€ + 0.07€ level: 4 - HandId: #2717840890998554625-28-1676237479 - Holdem no limit (30/60) - 2023/02/12 21:31:19 UTC
Table: 'Expresso Nitro(632796644)#0' 3-max (real money) Seat #2 is the button
Seat 2: Antoniio7 (680)
Seat 3: _SKR (220)
*** ANTE/BLINDS ***
Antoniio7 posts small blind 30
_SKR posts big blind 60
Dealt to _SKR [Kd 4c]
*** PRE-FLOP *** 
Antoniio7 folds
_SKR collected 90 from pot
*** SUMMARY ***
Total pot 90 | No rake
Seat 3: _SKR (big blind) won 90


Winamax Poker - Tournament "Expresso Nitro" buyIn: 0.93€ + 0.07€ level: 4 - HandId: #2717840890998554625-29-1676237483 - Holdem no limit (30/60) - 2023/02/12 21:31:23 UTC
Table: 'Expresso Nitro(632796644)#0' 3-max (real money) Seat #3 is the button
Seat 2: Antoniio7 (650)
Seat 3: _SKR (250)
*** ANTE/BLINDS ***
_SKR posts small blind 30
Antoniio7 posts big blind 60
Dealt to _SKR [Qh 9c]
*** PRE-FLOP *** 
_SKR raises 190 to 250 and is all-in
Antoniio7 folds
_SKR collected 310 from pot
*** SUMMARY ***
Total pot 310 | No rake
Seat 3: _SKR (small blind) (button) won 310


Winamax Poker - Tournament "Expresso Nitro" buyIn: 0.93€ + 0.07€ level: 4 - HandId: #2717840890998554625-30-1676237488 - Holdem no limit (30/60) - 2023/02/12 21:31:28 UTC
Table: 'Expresso Nitro(632796644)#0' 3-max (real money) Seat #2 is the button
Seat 2: Antoniio7 (590)
Seat 3: _SKR (310)
*** ANTE/BLINDS ***
Antoniio7 posts small blind 30
_SKR posts big blind 60
Dealt to _SKR [Td 3h]
*** PRE-FLOP *** 
Antoniio7 folds
_SKR collected 90 from pot
*** SUMMARY ***
Total pot 90 | No rake
Seat 3: _SKR (big blind) won 90


Winamax Poker - Tournament "Expresso Nitro" buyIn: 0.93€ + 0.07€ level: 4 - HandId: #2717840890998554625-31-1676237493 - Holdem no limit (30/60) - 2023/02/12 21:31:33 UTC
Table: 'Expresso Nitro(632796644)#0' 3-max (real money) Seat #3 is the button
Seat 2: Antoniio7 (560)
Seat 3: _SKR (340)
*** ANTE/BLINDS ***
_SKR posts small blind 30
Antoniio7 posts big blind 60
Dealt to _SKR [5d 6s]
*** PRE-FLOP *** 
_SKR folds
Antoniio7 collected 90 from pot
*** SUMMARY ***
Total pot 90 | No rake
Seat 2: Antoniio7 (big blind) won 90


Winamax Poker - Tournament "Expresso Nitro" buyIn: 0.93€ + 0.07€ level: 4 - HandId: #2717840890998554625-32-1676237497 - Holdem no limit (30/60) - 2023/02/12 21:31:37 UTC
Table: 'Expresso Nitro(632796644)#0' 3-max (real money) Seat #2 is the button
Seat 2: Antoniio7 (590)
Seat 3: _SKR (310)
*** ANTE/BLINDS ***
Antoniio7 posts small blind 30
_SKR posts big blind 60
Dealt to _SKR [2c 7d]
*** PRE-FLOP *** 
Antoniio7 raises 530 to 590 and is all-in
_SKR folds
Antoniio7 collected 650 from pot
*** SUMMARY ***
Total pot 650 | No rake
Seat 2: Antoniio7 (small blind) (button) won 650


Winamax Poker - Tournament "Expresso Nitro" buyIn: 0.93€ + 0.07€ level: 5 - HandId: #2717840890998554625-33-1676237501 - Holdem no limit (40/80) - 2023/02/12 21:31:41 UTC
Table: 'Expresso Nitro(632796644)#0' 3-max (real money) Seat #3 is the button
Seat 2: Antoniio7 (650)
Seat 3: _SKR (250)
*** ANTE/BLINDS ***
_SKR posts small blind 40
Antoniio7 posts big blind 80
Dealt to _SKR [Js Kc]
*** PRE-FLOP *** 
_SKR raises 170 to 250 and is all-in
Antoniio7 calls 170
*** FLOP *** [5c Kd 9c]
*** TURN *** [5c Kd 9c][Td]
*** RIVER *** [5c Kd 9c Td][5d]
*** SHOW DOWN ***
Antoniio7 shows [3d Qs] (One pair : 5)
_SKR shows [Js Kc] (Two pairs : Kings and 5)
_SKR collected 500 from pot
*** SUMMARY ***
Total pot 500 | No rake
Board: [5c Kd 9c Td 5d]
Seat 2: Antoniio7 (big blind) showed [3d Qs] and lost with One pair : 5
Seat 3: _SKR (small blind) (button) showed [Js Kc] and won 500 with Two pairs : Kings and 5


Winamax Poker - Tournament "Expresso Nitro" buyIn: 0.93€ + 0.07€ level: 5 - HandId: #2717840890998554625-34-1676237516 - Holdem no limit (40/80) - 2023/02/12 21:31:56 UTC
Table: 'Expresso Nitro(632796644)#0' 3-max (real money) Seat #2 is the button
Seat 2: Antoniio7 (400)
Seat 3: _SKR (500)
*** ANTE/BLINDS ***
Antoniio7 posts small blind 40
_SKR posts big blind 80
Dealt to _SKR [Ts Ah]
*** PRE-FLOP *** 
Antoniio7 raises 320 to 400 and is all-in
_SKR raises 100 to 500 and is all-in
*** FLOP *** [2c 8s Kc]
*** TURN *** [2c 8s Kc][8c]
*** RIVER *** [2c 8s Kc 8c][Ad]
*** SHOW DOWN ***
Antoniio7 shows [2d 7d] (Two pairs : 8 and 2)
_SKR shows [Ts Ah] (Two pairs : Aces and 8)
_SKR collected 900 from pot
*** SUMMARY ***
Total pot 900 | No rake
Board: [2c 8s Kc 8c Ad]
Seat 2: Antoniio7 (small blind) (button) showed [2d 7d] and lost with Two pairs : 8 and 2
Seat 3: _SKR (big blind) showed [Ts Ah] and won 900 with Two pairs : Aces and 8


