Winamax Poker - Tournament "Expresso Nitro" buyIn: 0.93€ + 0.07€ level: 1 - HandId: #2661415886996373505-1-1673012150 - Holdem no limit (10/20) - 2023/01/06 13:35:50 UTC
Table: 'Expresso Nitro(619659174)#0' 3-max (real money) Seat #1 is the button
Seat 1: _SKR (300)
Seat 2: claiiiroooou (300)
Seat 3: marco26 (300)
*** ANTE/BLINDS ***
claiiiroooou posts small blind 10
marco26 posts big blind 20
Dealt to _SKR [9s Ac]
*** PRE-FLOP *** 
_SKR raises 280 to 300 and is all-in
claiiiroooou calls 290 and is all-in
marco26 calls 280 and is all-in
*** FLOP *** [Js 6c Td]
*** TURN *** [Js 6c Td][5c]
*** RIVER *** [Js 6c Td 5c][2c]
*** SHOW DOWN ***
_SKR shows [9s Ac] (High card : Ace)
claiiiroooou shows [9h Ah] (High card : Ace)
marco26 shows [5d As] (One pair : 5)
marco26 collected 900 from pot
*** SUMMARY ***
Total pot 900 | No rake
Board: [Js 6c Td 5c 2c]
Seat 1: _SKR (button) showed [9s Ac] and lost with High card : Ace
Seat 2: claiiiroooou (small blind) showed [9h Ah] and lost with High card : Ace
Seat 3: marco26 (big blind) showed [5d As] and won 900 with One pair : 5


