Winamax Poker - Tournament "Expresso Nitro" buyIn: 0.93€ + 0.07€ level: 1 - HandId: #2692537593685344257-1-1674829487 - Holdem no limit (10/20) - 2023/01/27 14:24:47 UTC
Table: 'Expresso Nitro(626905261)#0' 3-max (real money) Seat #2 is the button
Seat 1: ratatata75 (300)
Seat 2: Lemonstre66 (300)
Seat 3: _SKR (300)
*** ANTE/BLINDS ***
_SKR posts small blind 10
ratatata75 posts big blind 20
Dealt to _SKR [3s Jd]
*** PRE-FLOP *** 
Lemonstre66 calls 20
_SKR folds
ratatata75 checks
*** FLOP *** [9s Ac Qh]
ratatata75 checks
Lemonstre66 checks
*** TURN *** [9s Ac Qh][4h]
ratatata75 checks
Lemonstre66 bets 33
ratatata75 calls 33
*** RIVER *** [9s Ac Qh 4h][4d]
ratatata75 checks
Lemonstre66 bets 75
ratatata75 calls 75
*** SHOW DOWN ***
ratatata75 shows [Qs Tc] (Two pairs : Queens and 4)
Lemonstre66 shows [Jc As] (Two pairs : Aces and 4)
Lemonstre66 collected 266 from pot
*** SUMMARY ***
Total pot 266 | No rake
Board: [9s Ac Qh 4h 4d]
Seat 1: ratatata75 (big blind) showed [Qs Tc] and lost with Two pairs : Queens and 4
Seat 2: Lemonstre66 (button) showed [Jc As] and won 266 with Two pairs : Aces and 4


Winamax Poker - Tournament "Expresso Nitro" buyIn: 0.93€ + 0.07€ level: 1 - HandId: #2692537593685344257-2-1674829530 - Holdem no limit (10/20) - 2023/01/27 14:25:30 UTC
Table: 'Expresso Nitro(626905261)#0' 3-max (real money) Seat #3 is the button
Seat 1: ratatata75 (172)
Seat 2: Lemonstre66 (438)
Seat 3: _SKR (290)
*** ANTE/BLINDS ***
ratatata75 posts small blind 10
Lemonstre66 posts big blind 20
Dealt to _SKR [7h Qs]
*** PRE-FLOP *** 
_SKR folds
ratatata75 calls 10
Lemonstre66 checks
*** FLOP *** [8h 4s 6d]
ratatata75 checks
Lemonstre66 checks
*** TURN *** [8h 4s 6d][4d]
ratatata75 checks
Lemonstre66 bets 26
ratatata75 folds
Lemonstre66 collected 66 from pot
*** SUMMARY ***
Total pot 66 | No rake
Board: [8h 4s 6d 4d]
Seat 2: Lemonstre66 (big blind) won 66


Winamax Poker - Tournament "Expresso Nitro" buyIn: 0.93€ + 0.07€ level: 2 - HandId: #2692537593685344257-3-1674829580 - Holdem no limit (15/30) - 2023/01/27 14:26:20 UTC
Table: 'Expresso Nitro(626905261)#0' 3-max (real money) Seat #1 is the button
Seat 1: ratatata75 (152)
Seat 2: Lemonstre66 (458)
Seat 3: _SKR (290)
*** ANTE/BLINDS ***
Lemonstre66 posts small blind 15
_SKR posts big blind 30
Dealt to _SKR [8s 3h]
*** PRE-FLOP *** 
ratatata75 calls 30
Lemonstre66 calls 15
_SKR checks
*** FLOP *** [8d Tc 2d]
Lemonstre66 checks
_SKR checks
ratatata75 checks
*** TURN *** [8d Tc 2d][7c]
Lemonstre66 bets 59
_SKR calls 59
ratatata75 folds
*** RIVER *** [8d Tc 2d 7c][Js]
Lemonstre66 bets 369 and is all-in
_SKR folds
Lemonstre66 collected 577 from pot
*** SUMMARY ***
Total pot 577 | No rake
Board: [8d Tc 2d 7c Js]
Seat 2: Lemonstre66 (small blind) won 577


Winamax Poker - Tournament "Expresso Nitro" buyIn: 0.93€ + 0.07€ level: 4 - HandId: #2692537593685344257-4-1674829665 - Holdem no limit (30/60) - 2023/01/27 14:27:45 UTC
Table: 'Expresso Nitro(626905261)#0' 3-max (real money) Seat #2 is the button
Seat 1: ratatata75 (122)
Seat 2: Lemonstre66 (577)
Seat 3: _SKR (201)
*** ANTE/BLINDS ***
_SKR posts small blind 30
ratatata75 posts big blind 60
Dealt to _SKR [9c 6d]
*** PRE-FLOP *** 
Lemonstre66 folds
_SKR folds
ratatata75 collected 90 from pot
*** SUMMARY ***
Total pot 90 | No rake
Seat 1: ratatata75 (big blind) won 90


Winamax Poker - Tournament "Expresso Nitro" buyIn: 0.93€ + 0.07€ level: 4 - HandId: #2692537593685344257-5-1674829672 - Holdem no limit (30/60) - 2023/01/27 14:27:52 UTC
Table: 'Expresso Nitro(626905261)#0' 3-max (real money) Seat #3 is the button
Seat 1: ratatata75 (152)
Seat 2: Lemonstre66 (577)
Seat 3: _SKR (171)
*** ANTE/BLINDS ***
ratatata75 posts small blind 30
Lemonstre66 posts big blind 60
Dealt to _SKR [Qs 7c]
*** PRE-FLOP *** 
_SKR raises 111 to 171 and is all-in
ratatata75 calls 122 and is all-in
Lemonstre66 calls 111
*** FLOP *** [8d Kd 5h]
*** TURN *** [8d Kd 5h][Ts]
*** RIVER *** [8d Kd 5h Ts][Js]
*** SHOW DOWN ***
_SKR shows [Qs 7c] (High card : King)
ratatata75 shows [Th Td] (Trips of Tens)
Lemonstre66 shows [Tc Kc] (Two pairs : Kings and Tens)
Lemonstre66 collected 38 from side pot 1
ratatata75 collected 456 from main pot
*** SUMMARY ***
Total pot 494 | No rake
Board: [8d Kd 5h Ts Js]
Seat 1: ratatata75 (small blind) showed [Th Td] and won 456 with Trips of Tens
Seat 2: Lemonstre66 (big blind) showed [Tc Kc] and won 38 with Two pairs : Kings and Tens
Seat 3: _SKR (button) showed [Qs 7c] and lost with High card : King


