Winamax Poker - Tournament "Expresso Nitro" buyIn: 0.93€ + 0.07€ level: 1 - HandId: #2680037370543210497-1-1674049186 - Holdem no limit (10/20) - 2023/01/18 13:39:46 UTC
Table: 'Expresso Nitro(623994826)#0' 3-max (real money) Seat #2 is the button
Seat 1: _SKR (300)
Seat 2: Wallaboop (300)
Seat 3: Masama2904 (300)
*** ANTE/BLINDS ***
Masama2904 posts small blind 10
_SKR posts big blind 20
Dealt to _SKR [5c 9h]
*** PRE-FLOP *** 
Wallaboop folds
Masama2904 raises 30 to 50
_SKR folds
Masama2904 collected 70 from pot
*** SUMMARY ***
Total pot 70 | No rake
Seat 3: Masama2904 (small blind) won 70


Winamax Poker - Tournament "Expresso Nitro" buyIn: 0.93€ + 0.07€ level: 1 - HandId: #2680037370543210497-2-1674049195 - Holdem no limit (10/20) - 2023/01/18 13:39:55 UTC
Table: 'Expresso Nitro(623994826)#0' 3-max (real money) Seat #3 is the button
Seat 1: _SKR (280)
Seat 2: Wallaboop (300)
Seat 3: Masama2904 (320)
*** ANTE/BLINDS ***
_SKR posts small blind 10
Wallaboop posts big blind 20
Dealt to _SKR [4c Js]
*** PRE-FLOP *** 
Masama2904 folds
_SKR folds
Wallaboop collected 30 from pot
*** SUMMARY ***
Total pot 30 | No rake
Seat 2: Wallaboop (big blind) won 30


Winamax Poker - Tournament "Expresso Nitro" buyIn: 0.93€ + 0.07€ level: 1 - HandId: #2680037370543210497-3-1674049201 - Holdem no limit (10/20) - 2023/01/18 13:40:01 UTC
Table: 'Expresso Nitro(623994826)#0' 3-max (real money) Seat #1 is the button
Seat 1: _SKR (270)
Seat 2: Wallaboop (310)
Seat 3: Masama2904 (320)
*** ANTE/BLINDS ***
Wallaboop posts small blind 10
Masama2904 posts big blind 20
Dealt to _SKR [Ac Ad]
*** PRE-FLOP *** 
_SKR raises 20 to 40
Wallaboop folds
Masama2904 folds
_SKR collected 70 from pot
*** SUMMARY ***
Total pot 70 | No rake
Seat 1: _SKR (button) won 70


Winamax Poker - Tournament "Expresso Nitro" buyIn: 0.93€ + 0.07€ level: 1 - HandId: #2680037370543210497-4-1674049209 - Holdem no limit (10/20) - 2023/01/18 13:40:09 UTC
Table: 'Expresso Nitro(623994826)#0' 3-max (real money) Seat #2 is the button
Seat 1: _SKR (300)
Seat 2: Wallaboop (300)
Seat 3: Masama2904 (300)
*** ANTE/BLINDS ***
Masama2904 posts small blind 10
_SKR posts big blind 20
Dealt to _SKR [4s 3d]
*** PRE-FLOP *** 
Wallaboop folds
Masama2904 raises 280 to 300 and is all-in
_SKR folds
Masama2904 collected 320 from pot
*** SUMMARY ***
Total pot 320 | No rake
Seat 3: Masama2904 (small blind) won 320


Winamax Poker - Tournament "Expresso Nitro" buyIn: 0.93€ + 0.07€ level: 1 - HandId: #2680037370543210497-5-1674049218 - Holdem no limit (10/20) - 2023/01/18 13:40:18 UTC
Table: 'Expresso Nitro(623994826)#0' 3-max (real money) Seat #3 is the button
Seat 1: _SKR (280)
Seat 2: Wallaboop (300)
Seat 3: Masama2904 (320)
*** ANTE/BLINDS ***
_SKR posts small blind 10
Wallaboop posts big blind 20
Dealt to _SKR [7s 8h]
*** PRE-FLOP *** 
Masama2904 folds
_SKR calls 10
Wallaboop raises 30 to 50
_SKR folds
Wallaboop collected 70 from pot
*** SUMMARY ***
Total pot 70 | No rake
Seat 2: Wallaboop (big blind) won 70


Winamax Poker - Tournament "Expresso Nitro" buyIn: 0.93€ + 0.07€ level: 1 - HandId: #2680037370543210497-6-1674049235 - Holdem no limit (10/20) - 2023/01/18 13:40:35 UTC
Table: 'Expresso Nitro(623994826)#0' 3-max (real money) Seat #1 is the button
Seat 1: _SKR (260)
Seat 2: Wallaboop (320)
Seat 3: Masama2904 (320)
*** ANTE/BLINDS ***
Wallaboop posts small blind 10
Masama2904 posts big blind 20
Dealt to _SKR [6d Jc]
*** PRE-FLOP *** 
_SKR folds
Wallaboop folds
Masama2904 collected 30 from pot
*** SUMMARY ***
Total pot 30 | No rake
Seat 3: Masama2904 (big blind) won 30


Winamax Poker - Tournament "Expresso Nitro" buyIn: 0.93€ + 0.07€ level: 1 - HandId: #2680037370543210497-7-1674049240 - Holdem no limit (10/20) - 2023/01/18 13:40:40 UTC
Table: 'Expresso Nitro(623994826)#0' 3-max (real money) Seat #2 is the button
Seat 1: _SKR (260)
Seat 2: Wallaboop (310)
Seat 3: Masama2904 (330)
*** ANTE/BLINDS ***
Masama2904 posts small blind 10
_SKR posts big blind 20
Dealt to _SKR [4h 2s]
*** PRE-FLOP *** 
Wallaboop raises 20 to 40
Masama2904 folds
_SKR folds
Wallaboop collected 70 from pot
*** SUMMARY ***
Total pot 70 | No rake
Seat 2: Wallaboop (button) won 70


Winamax Poker - Tournament "Expresso Nitro" buyIn: 0.93€ + 0.07€ level: 2 - HandId: #2680037370543210497-8-1674049248 - Holdem no limit (15/30) - 2023/01/18 13:40:48 UTC
Table: 'Expresso Nitro(623994826)#0' 3-max (real money) Seat #3 is the button
Seat 1: _SKR (240)
Seat 2: Wallaboop (340)
Seat 3: Masama2904 (320)
*** ANTE/BLINDS ***
_SKR posts small blind 15
Wallaboop posts big blind 30
Dealt to _SKR [4c 5c]
*** PRE-FLOP *** 
Masama2904 raises 45 to 75
_SKR folds
Wallaboop raises 265 to 340 and is all-in
Masama2904 calls 245 and is all-in
*** FLOP *** [8h 4d Ah]
*** TURN *** [8h 4d Ah][5h]
*** RIVER *** [8h 4d Ah 5h][3s]
*** SHOW DOWN ***
Wallaboop shows [Jd Jh] (One pair : Jacks)
Masama2904 shows [3d Ad] (Two pairs : Aces and 3)
Masama2904 collected 655 from main pot
Wallaboop collected 20 from side pot 1
*** SUMMARY ***
Total pot 675 | No rake
Board: [8h 4d Ah 5h 3s]
Seat 2: Wallaboop (big blind) showed [Jd Jh] and won 20 with One pair : Jacks
Seat 3: Masama2904 (button) showed [3d Ad] and won 655 with Two pairs : Aces and 3


Winamax Poker - Tournament "Expresso Nitro" buyIn: 0.93€ + 0.07€ level: 2 - HandId: #2680037370543210497-9-1674049267 - Holdem no limit (15/30) - 2023/01/18 13:41:07 UTC
Table: 'Expresso Nitro(623994826)#0' 3-max (real money) Seat #1 is the button
Seat 1: _SKR (225)
Seat 2: Wallaboop (20)
Seat 3: Masama2904 (655)
*** ANTE/BLINDS ***
Wallaboop posts small blind 15
Masama2904 posts big blind 30
Dealt to _SKR [9h 2h]
*** PRE-FLOP *** 
_SKR folds
Wallaboop calls 5 and is all-in
*** FLOP *** [5c 3c 2s]
*** TURN *** [5c 3c 2s][4h]
*** RIVER *** [5c 3c 2s 4h][2c]
*** SHOW DOWN ***
Wallaboop shows [7d 7h] (Two pairs : 7 and 2)
Masama2904 shows [3d 6s] (Straight 6 high)
Masama2904 collected 50 from pot
*** SUMMARY ***
Total pot 50 | No rake
Board: [5c 3c 2s 4h 2c]
Seat 2: Wallaboop (small blind) showed [7d 7h] and lost with Two pairs : 7 and 2
Seat 3: Masama2904 (big blind) showed [3d 6s] and won 50 with Straight 6 high


Winamax Poker - Tournament "Expresso Nitro" buyIn: 0.93€ + 0.07€ level: 2 - HandId: #2680037370543210497-10-1674049283 - Holdem no limit (15/30) - 2023/01/18 13:41:23 UTC
Table: 'Expresso Nitro(623994826)#0' 3-max (real money) Seat #3 is the button
Seat 1: _SKR (225)
Seat 3: Masama2904 (675)
*** ANTE/BLINDS ***
Masama2904 posts small blind 15
_SKR posts big blind 30
Dealt to _SKR [8d Jd]
*** PRE-FLOP *** 
Masama2904 folds
_SKR collected 45 from pot
*** SUMMARY ***
Total pot 45 | No rake
Seat 1: _SKR (big blind) won 45


Winamax Poker - Tournament "Expresso Nitro" buyIn: 0.93€ + 0.07€ level: 2 - HandId: #2680037370543210497-11-1674049287 - Holdem no limit (15/30) - 2023/01/18 13:41:27 UTC
Table: 'Expresso Nitro(623994826)#0' 3-max (real money) Seat #1 is the button
Seat 1: _SKR (240)
Seat 3: Masama2904 (660)
*** ANTE/BLINDS ***
_SKR posts small blind 15
Masama2904 posts big blind 30
Dealt to _SKR [Ts 7d]
*** PRE-FLOP *** 
_SKR folds
Masama2904 collected 45 from pot
*** SUMMARY ***
Total pot 45 | No rake
Seat 3: Masama2904 (big blind) won 45


Winamax Poker - Tournament "Expresso Nitro" buyIn: 0.93€ + 0.07€ level: 2 - HandId: #2680037370543210497-12-1674049291 - Holdem no limit (15/30) - 2023/01/18 13:41:31 UTC
Table: 'Expresso Nitro(623994826)#0' 3-max (real money) Seat #3 is the button
Seat 1: _SKR (225)
Seat 3: Masama2904 (675)
*** ANTE/BLINDS ***
Masama2904 posts small blind 15
_SKR posts big blind 30
Dealt to _SKR [7s Qc]
*** PRE-FLOP *** 
Masama2904 folds
_SKR collected 45 from pot
*** SUMMARY ***
Total pot 45 | No rake
Seat 1: _SKR (big blind) won 45


Winamax Poker - Tournament "Expresso Nitro" buyIn: 0.93€ + 0.07€ level: 2 - HandId: #2680037370543210497-13-1674049294 - Holdem no limit (15/30) - 2023/01/18 13:41:34 UTC
Table: 'Expresso Nitro(623994826)#0' 3-max (real money) Seat #1 is the button
Seat 1: _SKR (240)
Seat 3: Masama2904 (660)
*** ANTE/BLINDS ***
_SKR posts small blind 15
Masama2904 posts big blind 30
Dealt to _SKR [Td 4h]
*** PRE-FLOP *** 
_SKR folds
Masama2904 collected 45 from pot
*** SUMMARY ***
Total pot 45 | No rake
Seat 3: Masama2904 (big blind) won 45


Winamax Poker - Tournament "Expresso Nitro" buyIn: 0.93€ + 0.07€ level: 3 - HandId: #2680037370543210497-14-1674049302 - Holdem no limit (20/40) - 2023/01/18 13:41:42 UTC
Table: 'Expresso Nitro(623994826)#0' 3-max (real money) Seat #3 is the button
Seat 1: _SKR (225)
Seat 3: Masama2904 (675)
*** ANTE/BLINDS ***
Masama2904 posts small blind 20
_SKR posts big blind 40
Dealt to _SKR [Tc Qs]
*** PRE-FLOP *** 
Masama2904 folds
_SKR collected 60 from pot
*** SUMMARY ***
Total pot 60 | No rake
Seat 1: _SKR (big blind) won 60


Winamax Poker - Tournament "Expresso Nitro" buyIn: 0.93€ + 0.07€ level: 3 - HandId: #2680037370543210497-15-1674049306 - Holdem no limit (20/40) - 2023/01/18 13:41:46 UTC
Table: 'Expresso Nitro(623994826)#0' 3-max (real money) Seat #1 is the button
Seat 1: _SKR (245)
Seat 3: Masama2904 (655)
*** ANTE/BLINDS ***
_SKR posts small blind 20
Masama2904 posts big blind 40
Dealt to _SKR [Js 6h]
*** PRE-FLOP *** 
_SKR folds
Masama2904 collected 60 from pot
*** SUMMARY ***
Total pot 60 | No rake
Seat 3: Masama2904 (big blind) won 60


Winamax Poker - Tournament "Expresso Nitro" buyIn: 0.93€ + 0.07€ level: 3 - HandId: #2680037370543210497-16-1674049311 - Holdem no limit (20/40) - 2023/01/18 13:41:51 UTC
Table: 'Expresso Nitro(623994826)#0' 3-max (real money) Seat #3 is the button
Seat 1: _SKR (225)
Seat 3: Masama2904 (675)
*** ANTE/BLINDS ***
Masama2904 posts small blind 20
_SKR posts big blind 40
Dealt to _SKR [9c 9s]
*** PRE-FLOP *** 
Masama2904 folds
_SKR collected 60 from pot
*** SUMMARY ***
Total pot 60 | No rake
Seat 1: _SKR (big blind) won 60


Winamax Poker - Tournament "Expresso Nitro" buyIn: 0.93€ + 0.07€ level: 3 - HandId: #2680037370543210497-17-1674049315 - Holdem no limit (20/40) - 2023/01/18 13:41:55 UTC
Table: 'Expresso Nitro(623994826)#0' 3-max (real money) Seat #1 is the button
Seat 1: _SKR (245)
Seat 3: Masama2904 (655)
*** ANTE/BLINDS ***
_SKR posts small blind 20
Masama2904 posts big blind 40
Dealt to _SKR [Ts Kh]
*** PRE-FLOP *** 
_SKR raises 205 to 245 and is all-in
Masama2904 folds
_SKR collected 285 from pot
*** SUMMARY ***
Total pot 285 | No rake
Seat 1: _SKR (small blind) (button) won 285


Winamax Poker - Tournament "Expresso Nitro" buyIn: 0.93€ + 0.07€ level: 3 - HandId: #2680037370543210497-18-1674049321 - Holdem no limit (20/40) - 2023/01/18 13:42:01 UTC
Table: 'Expresso Nitro(623994826)#0' 3-max (real money) Seat #3 is the button
Seat 1: _SKR (285)
Seat 3: Masama2904 (615)
*** ANTE/BLINDS ***
Masama2904 posts small blind 20
_SKR posts big blind 40
Dealt to _SKR [Kc Tc]
*** PRE-FLOP *** 
Masama2904 folds
_SKR collected 60 from pot
*** SUMMARY ***
Total pot 60 | No rake
Seat 1: _SKR (big blind) won 60


Winamax Poker - Tournament "Expresso Nitro" buyIn: 0.93€ + 0.07€ level: 3 - HandId: #2680037370543210497-19-1674049326 - Holdem no limit (20/40) - 2023/01/18 13:42:06 UTC
Table: 'Expresso Nitro(623994826)#0' 3-max (real money) Seat #1 is the button
Seat 1: _SKR (305)
Seat 3: Masama2904 (595)
*** ANTE/BLINDS ***
_SKR posts small blind 20
Masama2904 posts big blind 40
Dealt to _SKR [Js 6d]
*** PRE-FLOP *** 
_SKR raises 265 to 305 and is all-in
Masama2904 folds
_SKR collected 345 from pot
*** SUMMARY ***
Total pot 345 | No rake
Seat 1: _SKR (small blind) (button) won 345


Winamax Poker - Tournament "Expresso Nitro" buyIn: 0.93€ + 0.07€ level: 3 - HandId: #2680037370543210497-20-1674049336 - Holdem no limit (20/40) - 2023/01/18 13:42:16 UTC
Table: 'Expresso Nitro(623994826)#0' 3-max (real money) Seat #3 is the button
Seat 1: _SKR (345)
Seat 3: Masama2904 (555)
*** ANTE/BLINDS ***
Masama2904 posts small blind 20
_SKR posts big blind 40
Dealt to _SKR [Jh 2d]
*** PRE-FLOP *** 
Masama2904 calls 20
_SKR checks
*** FLOP *** [As Jc Ac]
_SKR checks
Masama2904 bets 80
_SKR calls 80
*** TURN *** [As Jc Ac][Kh]
_SKR checks
Masama2904 bets 240
_SKR calls 225 and is all-in
*** RIVER *** [As Jc Ac Kh][Jd]
*** SHOW DOWN ***
_SKR shows [Jh 2d] (Full of Jacks and Aces)
Masama2904 shows [4s Js] (Full of Jacks and Aces)
Masama2904 collected 360 from side pot 1
_SKR collected 345 from main pot
*** SUMMARY ***
Total pot 705 | No rake
Board: [As Jc Ac Kh Jd]
Seat 1: _SKR (big blind) showed [Jh 2d] and won 345 with Full of Jacks and Aces
Seat 3: Masama2904 (small blind) (button) showed [4s Js] and won 360 with Full of Jacks and Aces


Winamax Poker - Tournament "Expresso Nitro" buyIn: 0.93€ + 0.07€ level: 4 - HandId: #2680037370543210497-21-1674049384 - Holdem no limit (30/60) - 2023/01/18 13:43:04 UTC
Table: 'Expresso Nitro(623994826)#0' 3-max (real money) Seat #1 is the button
Seat 1: _SKR (345)
Seat 3: Masama2904 (555)
*** ANTE/BLINDS ***
_SKR posts small blind 30
Masama2904 posts big blind 60
Dealt to _SKR [7c Js]
*** PRE-FLOP *** 
_SKR raises 285 to 345 and is all-in
Masama2904 folds
_SKR collected 405 from pot
*** SUMMARY ***
Total pot 405 | No rake
Seat 1: _SKR (small blind) (button) won 405


Winamax Poker - Tournament "Expresso Nitro" buyIn: 0.93€ + 0.07€ level: 4 - HandId: #2680037370543210497-22-1674049390 - Holdem no limit (30/60) - 2023/01/18 13:43:10 UTC
Table: 'Expresso Nitro(623994826)#0' 3-max (real money) Seat #3 is the button
Seat 1: _SKR (405)
Seat 3: Masama2904 (495)
*** ANTE/BLINDS ***
Masama2904 posts small blind 30
_SKR posts big blind 60
Dealt to _SKR [6d 7s]
*** PRE-FLOP *** 
Masama2904 folds
_SKR collected 90 from pot
*** SUMMARY ***
Total pot 90 | No rake
Seat 1: _SKR (big blind) won 90


Winamax Poker - Tournament "Expresso Nitro" buyIn: 0.93€ + 0.07€ level: 4 - HandId: #2680037370543210497-23-1674049394 - Holdem no limit (30/60) - 2023/01/18 13:43:14 UTC
Table: 'Expresso Nitro(623994826)#0' 3-max (real money) Seat #1 is the button
Seat 1: _SKR (435)
Seat 3: Masama2904 (465)
*** ANTE/BLINDS ***
_SKR posts small blind 30
Masama2904 posts big blind 60
Dealt to _SKR [Ts Tc]
*** PRE-FLOP *** 
_SKR raises 375 to 435 and is all-in
Masama2904 folds
_SKR collected 495 from pot
*** SUMMARY ***
Total pot 495 | No rake
Seat 1: _SKR (small blind) (button) won 495


Winamax Poker - Tournament "Expresso Nitro" buyIn: 0.93€ + 0.07€ level: 4 - HandId: #2680037370543210497-24-1674049403 - Holdem no limit (30/60) - 2023/01/18 13:43:23 UTC
Table: 'Expresso Nitro(623994826)#0' 3-max (real money) Seat #3 is the button
Seat 1: _SKR (495)
Seat 3: Masama2904 (405)
*** ANTE/BLINDS ***
Masama2904 posts small blind 30
_SKR posts big blind 60
Dealt to _SKR [Jh Ts]
*** PRE-FLOP *** 
Masama2904 folds
_SKR collected 90 from pot
*** SUMMARY ***
Total pot 90 | No rake
Seat 1: _SKR (big blind) won 90


Winamax Poker - Tournament "Expresso Nitro" buyIn: 0.93€ + 0.07€ level: 4 - HandId: #2680037370543210497-25-1674049406 - Holdem no limit (30/60) - 2023/01/18 13:43:26 UTC
Table: 'Expresso Nitro(623994826)#0' 3-max (real money) Seat #1 is the button
Seat 1: _SKR (525)
Seat 3: Masama2904 (375)
*** ANTE/BLINDS ***
_SKR posts small blind 30
Masama2904 posts big blind 60
Dealt to _SKR [9s 7s]
*** PRE-FLOP *** 
_SKR raises 465 to 525 and is all-in
Masama2904 folds
_SKR collected 585 from pot
*** SUMMARY ***
Total pot 585 | No rake
Seat 1: _SKR (small blind) (button) won 585


Winamax Poker - Tournament "Expresso Nitro" buyIn: 0.93€ + 0.07€ level: 5 - HandId: #2680037370543210497-26-1674049422 - Holdem no limit (40/80) - 2023/01/18 13:43:42 UTC
Table: 'Expresso Nitro(623994826)#0' 3-max (real money) Seat #3 is the button
Seat 1: _SKR (585)
Seat 3: Masama2904 (315)
*** ANTE/BLINDS ***
Masama2904 posts small blind 40
_SKR posts big blind 80
Dealt to _SKR [2d Qc]
*** PRE-FLOP *** 
Masama2904 folds
_SKR collected 120 from pot
*** SUMMARY ***
Total pot 120 | No rake
Seat 1: _SKR (big blind) won 120


Winamax Poker - Tournament "Expresso Nitro" buyIn: 0.93€ + 0.07€ level: 5 - HandId: #2680037370543210497-27-1674049426 - Holdem no limit (40/80) - 2023/01/18 13:43:46 UTC
Table: 'Expresso Nitro(623994826)#0' 3-max (real money) Seat #1 is the button
Seat 1: _SKR (625)
Seat 3: Masama2904 (275)
*** ANTE/BLINDS ***
_SKR posts small blind 40
Masama2904 posts big blind 80
Dealt to _SKR [3s 6s]
*** PRE-FLOP *** 
_SKR folds
Masama2904 collected 120 from pot
*** SUMMARY ***
Total pot 120 | No rake
Seat 3: Masama2904 (big blind) won 120


Winamax Poker - Tournament "Expresso Nitro" buyIn: 0.93€ + 0.07€ level: 5 - HandId: #2680037370543210497-28-1674049438 - Holdem no limit (40/80) - 2023/01/18 13:43:58 UTC
Table: 'Expresso Nitro(623994826)#0' 3-max (real money) Seat #3 is the button
Seat 1: _SKR (585)
Seat 3: Masama2904 (315)
*** ANTE/BLINDS ***
Masama2904 posts small blind 40
_SKR posts big blind 80
Dealt to _SKR [Kd 2h]
*** PRE-FLOP *** 
Masama2904 calls 40
_SKR checks
*** FLOP *** [6h 6d 5s]
_SKR checks
Masama2904 checks
*** TURN *** [6h 6d 5s][Kc]
_SKR checks
Masama2904 checks
*** RIVER *** [6h 6d 5s Kc][2s]
_SKR bets 128
Masama2904 raises 107 to 235 and is all-in
_SKR calls 107
*** SHOW DOWN ***
_SKR shows [Kd 2h] (Two pairs : Kings and 6)
Masama2904 shows [Ks Jh] (Two pairs : Kings and 6)
Masama2904 collected 630 from pot
*** SUMMARY ***
Total pot 630 | No rake
Board: [6h 6d 5s Kc 2s]
Seat 1: _SKR (big blind) showed [Kd 2h] and lost with Two pairs : Kings and 6
Seat 3: Masama2904 (small blind) (button) showed [Ks Jh] and won 630 with Two pairs : Kings and 6


Winamax Poker - Tournament "Expresso Nitro" buyIn: 0.93€ + 0.07€ level: 5 - HandId: #2680037370543210497-29-1674049472 - Holdem no limit (40/80) - 2023/01/18 13:44:32 UTC
Table: 'Expresso Nitro(623994826)#0' 3-max (real money) Seat #1 is the button
Seat 1: _SKR (270)
Seat 3: Masama2904 (630)
*** ANTE/BLINDS ***
_SKR posts small blind 40
Masama2904 posts big blind 80
Dealt to _SKR [4s 6s]
*** PRE-FLOP *** 
_SKR raises 190 to 270 and is all-in
Masama2904 calls 190
*** FLOP *** [5d Td 3s]
*** TURN *** [5d Td 3s][3c]
*** RIVER *** [5d Td 3s 3c][9d]
*** SHOW DOWN ***
_SKR shows [4s 6s] (One pair : 3)
Masama2904 shows [2h Ks] (One pair : 3)
Masama2904 collected 540 from pot
*** SUMMARY ***
Total pot 540 | No rake
Board: [5d Td 3s 3c 9d]
Seat 1: _SKR (small blind) (button) showed [4s 6s] and lost with One pair : 3
Seat 3: Masama2904 (big blind) showed [2h Ks] and won 540 with One pair : 3


