Winamax Poker - Tournament "Expresso Nitro" buyIn: 1.86€ + 0.14€ level: 1 - HandId: #2695161526645424129-1-1674997259 - Holdem no limit (10/20) - 2023/01/29 13:00:59 UTC
Table: 'Expresso Nitro(627516193)#0' 3-max (real money) Seat #3 is the button
Seat 1: JG_Padrino16 (300)
Seat 2: _SKR (300)
Seat 3: Stan1310 (300)
*** ANTE/BLINDS ***
JG_Padrino16 posts small blind 10
_SKR posts big blind 20
Dealt to _SKR [3h 6s]
*** PRE-FLOP *** 
Stan1310 calls 20
JG_Padrino16 raises 40 to 60
_SKR folds
Stan1310 calls 40
*** FLOP *** [5h Kh 7h]
JG_Padrino16 bets 240 and is all-in
Stan1310 folds
JG_Padrino16 collected 380 from pot
*** SUMMARY ***
Total pot 380 | No rake
Board: [5h Kh 7h]
Seat 1: JG_Padrino16 (small blind) won 380


Winamax Poker - Tournament "Expresso Nitro" buyIn: 1.86€ + 0.14€ level: 1 - HandId: #2695161526645424129-2-1674997271 - Holdem no limit (10/20) - 2023/01/29 13:01:11 UTC
Table: 'Expresso Nitro(627516193)#0' 3-max (real money) Seat #1 is the button
Seat 1: JG_Padrino16 (380)
Seat 2: _SKR (280)
Seat 3: Stan1310 (240)
*** ANTE/BLINDS ***
_SKR posts small blind 10
Stan1310 posts big blind 20
Dealt to _SKR [7d 4d]
*** PRE-FLOP *** 
JG_Padrino16 calls 20
_SKR folds
Stan1310 raises 220 to 240 and is all-in
JG_Padrino16 folds
Stan1310 collected 270 from pot
*** SUMMARY ***
Total pot 270 | No rake
Seat 3: Stan1310 (big blind) won 270


Winamax Poker - Tournament "Expresso Nitro" buyIn: 1.86€ + 0.14€ level: 1 - HandId: #2695161526645424129-3-1674997281 - Holdem no limit (10/20) - 2023/01/29 13:01:21 UTC
Table: 'Expresso Nitro(627516193)#0' 3-max (real money) Seat #2 is the button
Seat 1: JG_Padrino16 (360)
Seat 2: _SKR (270)
Seat 3: Stan1310 (270)
*** ANTE/BLINDS ***
Stan1310 posts small blind 10
JG_Padrino16 posts big blind 20
Dealt to _SKR [7h Kh]
*** PRE-FLOP *** 
_SKR folds
Stan1310 calls 10
JG_Padrino16 checks
*** FLOP *** [3s 5d 9h]
Stan1310 checks
JG_Padrino16 bets 40
Stan1310 calls 40
*** TURN *** [3s 5d 9h][Kc]
Stan1310 checks
JG_Padrino16 bets 78
Stan1310 calls 78
*** RIVER *** [3s 5d 9h Kc][Th]
Stan1310 bets 132 and is all-in
JG_Padrino16 folds
Stan1310 collected 408 from pot
*** SUMMARY ***
Total pot 408 | No rake
Board: [3s 5d 9h Kc Th]
Seat 3: Stan1310 (small blind) won 408


Winamax Poker - Tournament "Expresso Nitro" buyIn: 1.86€ + 0.14€ level: 1 - HandId: #2695161526645424129-4-1674997301 - Holdem no limit (10/20) - 2023/01/29 13:01:41 UTC
Table: 'Expresso Nitro(627516193)#0' 3-max (real money) Seat #3 is the button
Seat 1: JG_Padrino16 (222)
Seat 2: _SKR (270)
Seat 3: Stan1310 (408)
*** ANTE/BLINDS ***
JG_Padrino16 posts small blind 10
_SKR posts big blind 20
Dealt to _SKR [5h 3h]
*** PRE-FLOP *** 
Stan1310 calls 20
JG_Padrino16 calls 10
_SKR checks
*** FLOP *** [2d Tc Jh]
JG_Padrino16 checks
_SKR checks
Stan1310 bets 20
JG_Padrino16 raises 182 to 202 and is all-in
_SKR folds
Stan1310 calls 182
*** TURN *** [2d Tc Jh][7h]
*** RIVER *** [2d Tc Jh 7h][Qh]
*** SHOW DOWN ***
Stan1310 shows [5d Js] (One pair : Jacks)
JG_Padrino16 shows [Qc 9c] (One pair : Queens)
JG_Padrino16 collected 464 from pot
*** SUMMARY ***
Total pot 464 | No rake
Board: [2d Tc Jh 7h Qh]
Seat 1: JG_Padrino16 (small blind) showed [Qc 9c] and won 464 with One pair : Queens
Seat 3: Stan1310 (button) showed [5d Js] and lost with One pair : Jacks


Winamax Poker - Tournament "Expresso Nitro" buyIn: 1.86€ + 0.14€ level: 2 - HandId: #2695161526645424129-5-1674997330 - Holdem no limit (15/30) - 2023/01/29 13:02:10 UTC
Table: 'Expresso Nitro(627516193)#0' 3-max (real money) Seat #1 is the button
Seat 1: JG_Padrino16 (464)
Seat 2: _SKR (250)
Seat 3: Stan1310 (186)
*** ANTE/BLINDS ***
_SKR posts small blind 15
Stan1310 posts big blind 30
Dealt to _SKR [2s Th]
*** PRE-FLOP *** 
JG_Padrino16 calls 30
_SKR folds
Stan1310 checks
*** FLOP *** [5c Qd 7d]
Stan1310 checks
JG_Padrino16 bets 49
Stan1310 folds
JG_Padrino16 collected 124 from pot
*** SUMMARY ***
Total pot 124 | No rake
Board: [5c Qd 7d]
Seat 1: JG_Padrino16 (button) won 124


Winamax Poker - Tournament "Expresso Nitro" buyIn: 1.86€ + 0.14€ level: 2 - HandId: #2695161526645424129-6-1674997350 - Holdem no limit (15/30) - 2023/01/29 13:02:30 UTC
Table: 'Expresso Nitro(627516193)#0' 3-max (real money) Seat #2 is the button
Seat 1: JG_Padrino16 (509)
Seat 2: _SKR (235)
Seat 3: Stan1310 (156)
*** ANTE/BLINDS ***
Stan1310 posts small blind 15
JG_Padrino16 posts big blind 30
Dealt to _SKR [Jh 9c]
*** PRE-FLOP *** 
_SKR folds
Stan1310 raises 126 to 156 and is all-in
JG_Padrino16 folds
Stan1310 collected 186 from pot
*** SUMMARY ***
Total pot 186 | No rake
Seat 3: Stan1310 (small blind) won 186


Winamax Poker - Tournament "Expresso Nitro" buyIn: 1.86€ + 0.14€ level: 2 - HandId: #2695161526645424129-7-1674997362 - Holdem no limit (15/30) - 2023/01/29 13:02:42 UTC
Table: 'Expresso Nitro(627516193)#0' 3-max (real money) Seat #3 is the button
Seat 1: JG_Padrino16 (479)
Seat 2: _SKR (235)
Seat 3: Stan1310 (186)
*** ANTE/BLINDS ***
JG_Padrino16 posts small blind 15
_SKR posts big blind 30
Dealt to _SKR [Jh Qs]
*** PRE-FLOP *** 
Stan1310 folds
JG_Padrino16 folds
_SKR collected 45 from pot
*** SUMMARY ***
Total pot 45 | No rake
Seat 2: _SKR (big blind) won 45


Winamax Poker - Tournament "Expresso Nitro" buyIn: 1.86€ + 0.14€ level: 2 - HandId: #2695161526645424129-8-1674997366 - Holdem no limit (15/30) - 2023/01/29 13:02:46 UTC
Table: 'Expresso Nitro(627516193)#0' 3-max (real money) Seat #1 is the button
Seat 1: JG_Padrino16 (464)
Seat 2: _SKR (250)
Seat 3: Stan1310 (186)
*** ANTE/BLINDS ***
_SKR posts small blind 15
Stan1310 posts big blind 30
Dealt to _SKR [8h 7s]
*** PRE-FLOP *** 
JG_Padrino16 folds
_SKR raises 220 to 250 and is all-in
Stan1310 calls 156 and is all-in
*** FLOP *** [9s 9c 8s]
*** TURN *** [9s 9c 8s][2s]
*** RIVER *** [9s 9c 8s 2s][2c]
*** SHOW DOWN ***
_SKR shows [8h 7s] (Two pairs : 9 and 8)
Stan1310 shows [Qh Qs] (Two pairs : Queens and 9)
Stan1310 collected 372 from main pot
_SKR collected 64 from side pot 1
*** SUMMARY ***
Total pot 436 | No rake
Board: [9s 9c 8s 2s 2c]
Seat 2: _SKR (small blind) showed [8h 7s] and won 64 with Two pairs : 9 and 8
Seat 3: Stan1310 (big blind) showed [Qh Qs] and won 372 with Two pairs : Queens and 9


Winamax Poker - Tournament "Expresso Nitro" buyIn: 1.86€ + 0.14€ level: 3 - HandId: #2695161526645424129-9-1674997382 - Holdem no limit (20/40) - 2023/01/29 13:03:02 UTC
Table: 'Expresso Nitro(627516193)#0' 3-max (real money) Seat #2 is the button
Seat 1: JG_Padrino16 (464)
Seat 2: _SKR (64)
Seat 3: Stan1310 (372)
*** ANTE/BLINDS ***
Stan1310 posts small blind 20
JG_Padrino16 posts big blind 40
Dealt to _SKR [6h 6d]
*** PRE-FLOP *** 
_SKR raises 24 to 64 and is all-in
Stan1310 folds
JG_Padrino16 calls 24
*** FLOP *** [9c 3h Td]
*** TURN *** [9c 3h Td][7s]
*** RIVER *** [9c 3h Td 7s][4d]
*** SHOW DOWN ***
_SKR shows [6h 6d] (One pair : 6)
JG_Padrino16 shows [3d Th] (Two pairs : Tens and 3)
JG_Padrino16 collected 148 from pot
*** SUMMARY ***
Total pot 148 | No rake
Board: [9c 3h Td 7s 4d]
Seat 1: JG_Padrino16 (big blind) showed [3d Th] and won 148 with Two pairs : Tens and 3
Seat 2: _SKR (button) showed [6h 6d] and lost with One pair : 6


