Winamax Poker - Tournament "Expresso Nitro" buyIn: 0.93€ + 0.07€ level: 1 - HandId: #2689847093027143681-1-1674655543 - Holdem no limit (10/20) - 2023/01/25 14:05:43 UTC
Table: 'Expresso Nitro(626278830)#0' 3-max (real money) Seat #3 is the button
Seat 1: _SKR (300)
Seat 2: Minoss93 (300)
Seat 3: pascaley974 (300)
*** ANTE/BLINDS ***
_SKR posts small blind 10
Minoss93 posts big blind 20
Dealt to _SKR [Th 7d]
*** PRE-FLOP *** 
pascaley974 calls 20
_SKR folds
Minoss93 checks
*** FLOP *** [Ad Jd Ts]
Minoss93 checks
pascaley974 checks
*** TURN *** [Ad Jd Ts][4c]
Minoss93 checks
pascaley974 bets 20
Minoss93 calls 20
*** RIVER *** [Ad Jd Ts 4c][3d]
Minoss93 checks
pascaley974 bets 90
Minoss93 folds
pascaley974 collected 180 from pot
*** SUMMARY ***
Total pot 180 | No rake
Board: [Ad Jd Ts 4c 3d]
Seat 3: pascaley974 (button) won 180


Winamax Poker - Tournament "Expresso Nitro" buyIn: 0.93€ + 0.07€ level: 1 - HandId: #2689847093027143681-2-1674655569 - Holdem no limit (10/20) - 2023/01/25 14:06:09 UTC
Table: 'Expresso Nitro(626278830)#0' 3-max (real money) Seat #1 is the button
Seat 1: _SKR (290)
Seat 2: Minoss93 (260)
Seat 3: pascaley974 (350)
*** ANTE/BLINDS ***
Minoss93 posts small blind 10
pascaley974 posts big blind 20
Dealt to _SKR [Tc 2h]
*** PRE-FLOP *** 
_SKR folds
Minoss93 calls 10
pascaley974 checks
*** FLOP *** [9s Kc 5s]
Minoss93 bets 240 and is all-in
pascaley974 folds
Minoss93 collected 280 from pot
*** SUMMARY ***
Total pot 280 | No rake
Board: [9s Kc 5s]
Seat 2: Minoss93 (small blind) won 280


Winamax Poker - Tournament "Expresso Nitro" buyIn: 0.93€ + 0.07€ level: 1 - HandId: #2689847093027143681-3-1674655581 - Holdem no limit (10/20) - 2023/01/25 14:06:21 UTC
Table: 'Expresso Nitro(626278830)#0' 3-max (real money) Seat #2 is the button
Seat 1: _SKR (290)
Seat 2: Minoss93 (280)
Seat 3: pascaley974 (330)
*** ANTE/BLINDS ***
pascaley974 posts small blind 10
_SKR posts big blind 20
Dealt to _SKR [6d 8c]
*** PRE-FLOP *** 
Minoss93 folds
pascaley974 calls 10
_SKR checks
*** FLOP *** [6s Ah Ts]
pascaley974 bets 20
_SKR calls 20
*** TURN *** [6s Ah Ts][Th]
pascaley974 bets 20
_SKR calls 20
*** RIVER *** [6s Ah Ts Th][5c]
pascaley974 checks
_SKR checks
*** SHOW DOWN ***
_SKR shows [6d 8c] (Two pairs : Tens and 6)
pascaley974 shows [As 3c] (Two pairs : Aces and Tens)
pascaley974 collected 120 from pot
*** SUMMARY ***
Total pot 120 | No rake
Board: [6s Ah Ts Th 5c]
Seat 1: _SKR (big blind) showed [6d 8c] and lost with Two pairs : Tens and 6
Seat 3: pascaley974 (small blind) showed [As 3c] and won 120 with Two pairs : Aces and Tens


Winamax Poker - Tournament "Expresso Nitro" buyIn: 0.93€ + 0.07€ level: 2 - HandId: #2689847093027143681-4-1674655602 - Holdem no limit (15/30) - 2023/01/25 14:06:42 UTC
Table: 'Expresso Nitro(626278830)#0' 3-max (real money) Seat #3 is the button
Seat 1: _SKR (230)
Seat 2: Minoss93 (280)
Seat 3: pascaley974 (390)
*** ANTE/BLINDS ***
_SKR posts small blind 15
Minoss93 posts big blind 30
Dealt to _SKR [2h Th]
*** PRE-FLOP *** 
pascaley974 calls 30
_SKR folds
Minoss93 checks
*** FLOP *** [7s Jh 2d]
Minoss93 checks
pascaley974 checks
*** TURN *** [7s Jh 2d][Ts]
Minoss93 checks
pascaley974 checks
*** RIVER *** [7s Jh 2d Ts][3c]
Minoss93 checks
pascaley974 checks
*** SHOW DOWN ***
Minoss93 shows [Ac 8s] (High card : Ace)
pascaley974 shows [As 9d] (High card : Ace)
pascaley974 collected 75 from pot
*** SUMMARY ***
Total pot 75 | No rake
Board: [7s Jh 2d Ts 3c]
Seat 2: Minoss93 (big blind) showed [Ac 8s] and lost with High card : Ace
Seat 3: pascaley974 (button) showed [As 9d] and won 75 with High card : Ace


Winamax Poker - Tournament "Expresso Nitro" buyIn: 0.93€ + 0.07€ level: 2 - HandId: #2689847093027143681-5-1674655619 - Holdem no limit (15/30) - 2023/01/25 14:06:59 UTC
Table: 'Expresso Nitro(626278830)#0' 3-max (real money) Seat #1 is the button
Seat 1: _SKR (215)
Seat 2: Minoss93 (250)
Seat 3: pascaley974 (435)
*** ANTE/BLINDS ***
Minoss93 posts small blind 15
pascaley974 posts big blind 30
Dealt to _SKR [Td 2d]
*** PRE-FLOP *** 
_SKR folds
Minoss93 folds
pascaley974 collected 45 from pot
*** SUMMARY ***
Total pot 45 | No rake
Seat 3: pascaley974 (big blind) won 45


Winamax Poker - Tournament "Expresso Nitro" buyIn: 0.93€ + 0.07€ level: 2 - HandId: #2689847093027143681-6-1674655624 - Holdem no limit (15/30) - 2023/01/25 14:07:04 UTC
Table: 'Expresso Nitro(626278830)#0' 3-max (real money) Seat #2 is the button
Seat 1: _SKR (215)
Seat 2: Minoss93 (235)
Seat 3: pascaley974 (450)
*** ANTE/BLINDS ***
pascaley974 posts small blind 15
_SKR posts big blind 30
Dealt to _SKR [4d 6h]
*** PRE-FLOP *** 
Minoss93 folds
pascaley974 folds
_SKR collected 45 from pot
*** SUMMARY ***
Total pot 45 | No rake
Seat 1: _SKR (big blind) won 45


Winamax Poker - Tournament "Expresso Nitro" buyIn: 0.93€ + 0.07€ level: 2 - HandId: #2689847093027143681-7-1674655629 - Holdem no limit (15/30) - 2023/01/25 14:07:09 UTC
Table: 'Expresso Nitro(626278830)#0' 3-max (real money) Seat #3 is the button
Seat 1: _SKR (230)
Seat 2: Minoss93 (235)
Seat 3: pascaley974 (435)
*** ANTE/BLINDS ***
_SKR posts small blind 15
Minoss93 posts big blind 30
Dealt to _SKR [Jh 9c]
*** PRE-FLOP *** 
pascaley974 raises 30 to 60
_SKR folds
Minoss93 folds
pascaley974 collected 105 from pot
*** SUMMARY ***
Total pot 105 | No rake
Seat 3: pascaley974 (button) won 105


Winamax Poker - Tournament "Expresso Nitro" buyIn: 0.93€ + 0.07€ level: 2 - HandId: #2689847093027143681-8-1674655637 - Holdem no limit (15/30) - 2023/01/25 14:07:17 UTC
Table: 'Expresso Nitro(626278830)#0' 3-max (real money) Seat #1 is the button
Seat 1: _SKR (215)
Seat 2: Minoss93 (205)
Seat 3: pascaley974 (480)
*** ANTE/BLINDS ***
Minoss93 posts small blind 15
pascaley974 posts big blind 30
Dealt to _SKR [5h 5s]
*** PRE-FLOP *** 
_SKR raises 185 to 215 and is all-in
Minoss93 folds
pascaley974 folds
_SKR collected 260 from pot
*** SUMMARY ***
Total pot 260 | No rake
Seat 1: _SKR (button) won 260


Winamax Poker - Tournament "Expresso Nitro" buyIn: 0.93€ + 0.07€ level: 2 - HandId: #2689847093027143681-9-1674655643 - Holdem no limit (15/30) - 2023/01/25 14:07:23 UTC
Table: 'Expresso Nitro(626278830)#0' 3-max (real money) Seat #2 is the button
Seat 1: _SKR (260)
Seat 2: Minoss93 (190)
Seat 3: pascaley974 (450)
*** ANTE/BLINDS ***
pascaley974 posts small blind 15
_SKR posts big blind 30
Dealt to _SKR [4s Kh]
*** PRE-FLOP *** 
Minoss93 calls 30
pascaley974 calls 15
_SKR checks
*** FLOP *** [Kc Ah 3h]
pascaley974 checks
_SKR checks
Minoss93 bets 160 and is all-in
pascaley974 calls 160
_SKR folds
*** TURN *** [Kc Ah 3h][8s]
*** RIVER *** [Kc Ah 3h 8s][9c]
*** SHOW DOWN ***
Minoss93 shows [Ad Ts] (One pair : Aces)
pascaley974 shows [Ac Js] (One pair : Aces)
pascaley974 collected 410 from pot
*** SUMMARY ***
Total pot 410 | No rake
Board: [Kc Ah 3h 8s 9c]
Seat 2: Minoss93 (button) showed [Ad Ts] and lost with One pair : Aces
Seat 3: pascaley974 (small blind) showed [Ac Js] and won 410 with One pair : Aces


Winamax Poker - Tournament "Expresso Nitro" buyIn: 0.93€ + 0.07€ level: 3 - HandId: #2689847093027143681-10-1674655670 - Holdem no limit (20/40) - 2023/01/25 14:07:50 UTC
Table: 'Expresso Nitro(626278830)#0' 3-max (real money) Seat #1 is the button
Seat 1: _SKR (230)
Seat 3: pascaley974 (670)
*** ANTE/BLINDS ***
_SKR posts small blind 20
pascaley974 posts big blind 40
Dealt to _SKR [2d Qs]
*** PRE-FLOP *** 
_SKR raises 190 to 230 and is all-in
pascaley974 folds
_SKR collected 270 from pot
*** SUMMARY ***
Total pot 270 | No rake
Seat 1: _SKR (small blind) (button) won 270


Winamax Poker - Tournament "Expresso Nitro" buyIn: 0.93€ + 0.07€ level: 3 - HandId: #2689847093027143681-11-1674655675 - Holdem no limit (20/40) - 2023/01/25 14:07:55 UTC
Table: 'Expresso Nitro(626278830)#0' 3-max (real money) Seat #3 is the button
Seat 1: _SKR (270)
Seat 3: pascaley974 (630)
*** ANTE/BLINDS ***
pascaley974 posts small blind 20
_SKR posts big blind 40
Dealt to _SKR [Ad Ks]
*** PRE-FLOP *** 
pascaley974 folds
_SKR collected 60 from pot
*** SUMMARY ***
Total pot 60 | No rake
Seat 1: _SKR (big blind) won 60


Winamax Poker - Tournament "Expresso Nitro" buyIn: 0.93€ + 0.07€ level: 3 - HandId: #2689847093027143681-12-1674655679 - Holdem no limit (20/40) - 2023/01/25 14:07:59 UTC
Table: 'Expresso Nitro(626278830)#0' 3-max (real money) Seat #1 is the button
Seat 1: _SKR (290)
Seat 3: pascaley974 (610)
*** ANTE/BLINDS ***
_SKR posts small blind 20
pascaley974 posts big blind 40
Dealt to _SKR [Td 7d]
*** PRE-FLOP *** 
_SKR raises 250 to 290 and is all-in
pascaley974 folds
_SKR collected 330 from pot
*** SUMMARY ***
Total pot 330 | No rake
Seat 1: _SKR (small blind) (button) won 330


Winamax Poker - Tournament "Expresso Nitro" buyIn: 0.93€ + 0.07€ level: 3 - HandId: #2689847093027143681-13-1674655683 - Holdem no limit (20/40) - 2023/01/25 14:08:03 UTC
Table: 'Expresso Nitro(626278830)#0' 3-max (real money) Seat #3 is the button
Seat 1: _SKR (330)
Seat 3: pascaley974 (570)
*** ANTE/BLINDS ***
pascaley974 posts small blind 20
_SKR posts big blind 40
Dealt to _SKR [6h 8d]
*** PRE-FLOP *** 
pascaley974 folds
_SKR collected 60 from pot
*** SUMMARY ***
Total pot 60 | No rake
Seat 1: _SKR (big blind) won 60


Winamax Poker - Tournament "Expresso Nitro" buyIn: 0.93€ + 0.07€ level: 3 - HandId: #2689847093027143681-14-1674655687 - Holdem no limit (20/40) - 2023/01/25 14:08:07 UTC
Table: 'Expresso Nitro(626278830)#0' 3-max (real money) Seat #1 is the button
Seat 1: _SKR (350)
Seat 3: pascaley974 (550)
*** ANTE/BLINDS ***
_SKR posts small blind 20
pascaley974 posts big blind 40
Dealt to _SKR [Qs 7h]
*** PRE-FLOP *** 
_SKR folds
pascaley974 collected 60 from pot
*** SUMMARY ***
Total pot 60 | No rake
Seat 3: pascaley974 (big blind) won 60


Winamax Poker - Tournament "Expresso Nitro" buyIn: 0.93€ + 0.07€ level: 3 - HandId: #2689847093027143681-15-1674655691 - Holdem no limit (20/40) - 2023/01/25 14:08:11 UTC
Table: 'Expresso Nitro(626278830)#0' 3-max (real money) Seat #3 is the button
Seat 1: _SKR (330)
Seat 3: pascaley974 (570)
*** ANTE/BLINDS ***
pascaley974 posts small blind 20
_SKR posts big blind 40
Dealt to _SKR [Kc 5s]
*** PRE-FLOP *** 
pascaley974 folds
_SKR collected 60 from pot
*** SUMMARY ***
Total pot 60 | No rake
Seat 1: _SKR (big blind) won 60


Winamax Poker - Tournament "Expresso Nitro" buyIn: 0.93€ + 0.07€ level: 3 - HandId: #2689847093027143681-16-1674655695 - Holdem no limit (20/40) - 2023/01/25 14:08:15 UTC
Table: 'Expresso Nitro(626278830)#0' 3-max (real money) Seat #1 is the button
Seat 1: _SKR (350)
Seat 3: pascaley974 (550)
*** ANTE/BLINDS ***
_SKR posts small blind 20
pascaley974 posts big blind 40
Dealt to _SKR [Jd Tc]
*** PRE-FLOP *** 
_SKR raises 310 to 350 and is all-in
pascaley974 folds
_SKR collected 390 from pot
*** SUMMARY ***
Total pot 390 | No rake
Seat 1: _SKR (small blind) (button) won 390


Winamax Poker - Tournament "Expresso Nitro" buyIn: 0.93€ + 0.07€ level: 3 - HandId: #2689847093027143681-17-1674655700 - Holdem no limit (20/40) - 2023/01/25 14:08:20 UTC
Table: 'Expresso Nitro(626278830)#0' 3-max (real money) Seat #3 is the button
Seat 1: _SKR (390)
Seat 3: pascaley974 (510)
*** ANTE/BLINDS ***
pascaley974 posts small blind 20
_SKR posts big blind 40
Dealt to _SKR [As 4d]
*** PRE-FLOP *** 
pascaley974 calls 20
_SKR raises 350 to 390 and is all-in
pascaley974 calls 350
*** FLOP *** [Qh 6s 5h]
*** TURN *** [Qh 6s 5h][Tc]
*** RIVER *** [Qh 6s 5h Tc][6c]
*** SHOW DOWN ***
pascaley974 shows [3h Kc] (One pair : 6)
_SKR shows [As 4d] (One pair : 6)
_SKR collected 780 from pot
*** SUMMARY ***
Total pot 780 | No rake
Board: [Qh 6s 5h Tc 6c]
Seat 1: _SKR (big blind) showed [As 4d] and won 780 with One pair : 6
Seat 3: pascaley974 (small blind) (button) showed [3h Kc] and lost with One pair : 6


Winamax Poker - Tournament "Expresso Nitro" buyIn: 0.93€ + 0.07€ level: 3 - HandId: #2689847093027143681-18-1674655715 - Holdem no limit (20/40) - 2023/01/25 14:08:35 UTC
Table: 'Expresso Nitro(626278830)#0' 3-max (real money) Seat #1 is the button
Seat 1: _SKR (780)
Seat 3: pascaley974 (120)
*** ANTE/BLINDS ***
_SKR posts small blind 20
pascaley974 posts big blind 40
Dealt to _SKR [5s Ad]
*** PRE-FLOP *** 
_SKR raises 740 to 780 and is all-in
pascaley974 folds
_SKR collected 820 from pot
*** SUMMARY ***
Total pot 820 | No rake
Seat 1: _SKR (small blind) (button) won 820


Winamax Poker - Tournament "Expresso Nitro" buyIn: 0.93€ + 0.07€ level: 4 - HandId: #2689847093027143681-19-1674655722 - Holdem no limit (30/60) - 2023/01/25 14:08:42 UTC
Table: 'Expresso Nitro(626278830)#0' 3-max (real money) Seat #3 is the button
Seat 1: _SKR (820)
Seat 3: pascaley974 (80)
*** ANTE/BLINDS ***
pascaley974 posts small blind 30
_SKR posts big blind 60
Dealt to _SKR [7c 5d]
*** PRE-FLOP *** 
pascaley974 raises 20 to 80 and is all-in
_SKR calls 20
*** FLOP *** [Ac Qh Jc]
*** TURN *** [Ac Qh Jc][3d]
*** RIVER *** [Ac Qh Jc 3d][Kc]
*** SHOW DOWN ***
_SKR shows [7c 5d] (High card : Ace)
pascaley974 shows [Jd 9h] (One pair : Jacks)
pascaley974 collected 160 from pot
*** SUMMARY ***
Total pot 160 | No rake
Board: [Ac Qh Jc 3d Kc]
Seat 1: _SKR (big blind) showed [7c 5d] and lost with High card : Ace
Seat 3: pascaley974 (small blind) (button) showed [Jd 9h] and won 160 with One pair : Jacks


Winamax Poker - Tournament "Expresso Nitro" buyIn: 0.93€ + 0.07€ level: 4 - HandId: #2689847093027143681-20-1674655735 - Holdem no limit (30/60) - 2023/01/25 14:08:55 UTC
Table: 'Expresso Nitro(626278830)#0' 3-max (real money) Seat #1 is the button
Seat 1: _SKR (740)
Seat 3: pascaley974 (160)
*** ANTE/BLINDS ***
_SKR posts small blind 30
pascaley974 posts big blind 60
Dealt to _SKR [6s 5h]
*** PRE-FLOP *** 
_SKR folds
pascaley974 collected 90 from pot
*** SUMMARY ***
Total pot 90 | No rake
Seat 3: pascaley974 (big blind) won 90


Winamax Poker - Tournament "Expresso Nitro" buyIn: 0.93€ + 0.07€ level: 4 - HandId: #2689847093027143681-21-1674655739 - Holdem no limit (30/60) - 2023/01/25 14:08:59 UTC
Table: 'Expresso Nitro(626278830)#0' 3-max (real money) Seat #3 is the button
Seat 1: _SKR (710)
Seat 3: pascaley974 (190)
*** ANTE/BLINDS ***
pascaley974 posts small blind 30
_SKR posts big blind 60
Dealt to _SKR [Ah 3s]
*** PRE-FLOP *** 
pascaley974 raises 130 to 190 and is all-in
_SKR calls 130
*** FLOP *** [Js 4s Qh]
*** TURN *** [Js 4s Qh][9d]
*** RIVER *** [Js 4s Qh 9d][5s]
*** SHOW DOWN ***
_SKR shows [Ah 3s] (High card : Ace)
pascaley974 shows [7d As] (High card : Ace)
pascaley974 collected 380 from pot
*** SUMMARY ***
Total pot 380 | No rake
Board: [Js 4s Qh 9d 5s]
Seat 1: _SKR (big blind) showed [Ah 3s] and lost with High card : Ace
Seat 3: pascaley974 (small blind) (button) showed [7d As] and won 380 with High card : Ace


Winamax Poker - Tournament "Expresso Nitro" buyIn: 0.93€ + 0.07€ level: 4 - HandId: #2689847093027143681-22-1674655752 - Holdem no limit (30/60) - 2023/01/25 14:09:12 UTC
Table: 'Expresso Nitro(626278830)#0' 3-max (real money) Seat #1 is the button
Seat 1: _SKR (520)
Seat 3: pascaley974 (380)
*** ANTE/BLINDS ***
_SKR posts small blind 30
pascaley974 posts big blind 60
Dealt to _SKR [8c 9c]
*** PRE-FLOP *** 
_SKR raises 460 to 520 and is all-in
pascaley974 folds
_SKR collected 580 from pot
*** SUMMARY ***
Total pot 580 | No rake
Seat 1: _SKR (small blind) (button) won 580


Winamax Poker - Tournament "Expresso Nitro" buyIn: 0.93€ + 0.07€ level: 4 - HandId: #2689847093027143681-23-1674655760 - Holdem no limit (30/60) - 2023/01/25 14:09:20 UTC
Table: 'Expresso Nitro(626278830)#0' 3-max (real money) Seat #3 is the button
Seat 1: _SKR (580)
Seat 3: pascaley974 (320)
*** ANTE/BLINDS ***
pascaley974 posts small blind 30
_SKR posts big blind 60
Dealt to _SKR [8c 9d]
*** PRE-FLOP *** 
pascaley974 folds
_SKR collected 90 from pot
*** SUMMARY ***
Total pot 90 | No rake
Seat 1: _SKR (big blind) won 90


Winamax Poker - Tournament "Expresso Nitro" buyIn: 0.93€ + 0.07€ level: 4 - HandId: #2689847093027143681-24-1674655764 - Holdem no limit (30/60) - 2023/01/25 14:09:24 UTC
Table: 'Expresso Nitro(626278830)#0' 3-max (real money) Seat #1 is the button
Seat 1: _SKR (610)
Seat 3: pascaley974 (290)
*** ANTE/BLINDS ***
_SKR posts small blind 30
pascaley974 posts big blind 60
Dealt to _SKR [8c 5s]
*** PRE-FLOP *** 
_SKR folds
pascaley974 collected 90 from pot
*** SUMMARY ***
Total pot 90 | No rake
Seat 3: pascaley974 (big blind) won 90


Winamax Poker - Tournament "Expresso Nitro" buyIn: 0.93€ + 0.07€ level: 4 - HandId: #2689847093027143681-25-1674655768 - Holdem no limit (30/60) - 2023/01/25 14:09:28 UTC
Table: 'Expresso Nitro(626278830)#0' 3-max (real money) Seat #3 is the button
Seat 1: _SKR (580)
Seat 3: pascaley974 (320)
*** ANTE/BLINDS ***
pascaley974 posts small blind 30
_SKR posts big blind 60
Dealt to _SKR [9s 2s]
*** PRE-FLOP *** 
pascaley974 calls 30
_SKR checks
*** FLOP *** [3d Ah Qd]
_SKR checks
pascaley974 checks
*** TURN *** [3d Ah Qd][Ts]
_SKR checks
pascaley974 checks
*** RIVER *** [3d Ah Qd Ts][8d]
_SKR checks
pascaley974 checks
*** SHOW DOWN ***
_SKR shows [9s 2s] (High card : Ace)
pascaley974 shows [Ks 8h] (One pair : 8)
pascaley974 collected 120 from pot
*** SUMMARY ***
Total pot 120 | No rake
Board: [3d Ah Qd Ts 8d]
Seat 1: _SKR (big blind) showed [9s 2s] and lost with High card : Ace
Seat 3: pascaley974 (small blind) (button) showed [Ks 8h] and won 120 with One pair : 8


Winamax Poker - Tournament "Expresso Nitro" buyIn: 0.93€ + 0.07€ level: 5 - HandId: #2689847093027143681-26-1674655788 - Holdem no limit (40/80) - 2023/01/25 14:09:48 UTC
Table: 'Expresso Nitro(626278830)#0' 3-max (real money) Seat #1 is the button
Seat 1: _SKR (520)
Seat 3: pascaley974 (380)
*** ANTE/BLINDS ***
_SKR posts small blind 40
pascaley974 posts big blind 80
Dealt to _SKR [As 4h]
*** PRE-FLOP *** 
_SKR raises 440 to 520 and is all-in
pascaley974 folds
_SKR collected 600 from pot
*** SUMMARY ***
Total pot 600 | No rake
Seat 1: _SKR (small blind) (button) won 600


Winamax Poker - Tournament "Expresso Nitro" buyIn: 0.93€ + 0.07€ level: 5 - HandId: #2689847093027143681-27-1674655794 - Holdem no limit (40/80) - 2023/01/25 14:09:54 UTC
Table: 'Expresso Nitro(626278830)#0' 3-max (real money) Seat #3 is the button
Seat 1: _SKR (600)
Seat 3: pascaley974 (300)
*** ANTE/BLINDS ***
pascaley974 posts small blind 40
_SKR posts big blind 80
Dealt to _SKR [9d 2h]
*** PRE-FLOP *** 
pascaley974 folds
_SKR collected 120 from pot
*** SUMMARY ***
Total pot 120 | No rake
Seat 1: _SKR (big blind) won 120


Winamax Poker - Tournament "Expresso Nitro" buyIn: 0.93€ + 0.07€ level: 5 - HandId: #2689847093027143681-28-1674655797 - Holdem no limit (40/80) - 2023/01/25 14:09:57 UTC
Table: 'Expresso Nitro(626278830)#0' 3-max (real money) Seat #1 is the button
Seat 1: _SKR (640)
Seat 3: pascaley974 (260)
*** ANTE/BLINDS ***
_SKR posts small blind 40
pascaley974 posts big blind 80
Dealt to _SKR [Js 5s]
*** PRE-FLOP *** 
_SKR raises 560 to 640 and is all-in
pascaley974 folds
_SKR collected 720 from pot
*** SUMMARY ***
Total pot 720 | No rake
Seat 1: _SKR (small blind) (button) won 720


Winamax Poker - Tournament "Expresso Nitro" buyIn: 0.93€ + 0.07€ level: 5 - HandId: #2689847093027143681-29-1674655804 - Holdem no limit (40/80) - 2023/01/25 14:10:04 UTC
Table: 'Expresso Nitro(626278830)#0' 3-max (real money) Seat #3 is the button
Seat 1: _SKR (720)
Seat 3: pascaley974 (180)
*** ANTE/BLINDS ***
pascaley974 posts small blind 40
_SKR posts big blind 80
Dealt to _SKR [Kh 7c]
*** PRE-FLOP *** 
pascaley974 raises 100 to 180 and is all-in
_SKR calls 100
*** FLOP *** [Kc As 3h]
*** TURN *** [Kc As 3h][Jh]
*** RIVER *** [Kc As 3h Jh][Ks]
*** SHOW DOWN ***
pascaley974 shows [Qh 2h] (One pair : Kings)
_SKR shows [Kh 7c] (Trips of Kings)
_SKR collected 360 from pot
*** SUMMARY ***
Total pot 360 | No rake
Board: [Kc As 3h Jh Ks]
Seat 1: _SKR (big blind) showed [Kh 7c] and won 360 with Trips of Kings
Seat 3: pascaley974 (small blind) (button) showed [Qh 2h] and lost with One pair : Kings


