Winamax Poker - Tournament "Expresso Nitro" buyIn: 1.86€ + 0.14€ level: 1 - HandId: #2695288533123334145-1-1675004397 - Holdem no limit (10/20) - 2023/01/29 14:59:57 UTC
Table: 'Expresso Nitro(627545764)#0' 3-max (real money) Seat #2 is the button
Seat 1: RK-7.5 (300)
Seat 2: _SKR (300)
Seat 3: judume32 (300)
*** ANTE/BLINDS ***
judume32 posts small blind 10
RK-7.5 posts big blind 20
Dealt to _SKR [2s Tc]
*** PRE-FLOP *** 
_SKR folds
judume32 calls 10
RK-7.5 checks
*** FLOP *** [5h 6h As]
judume32 checks
RK-7.5 checks
*** TURN *** [5h 6h As][4c]
judume32 checks
RK-7.5 bets 20
judume32 calls 20
*** RIVER *** [5h 6h As 4c][3s]
judume32 checks
RK-7.5 bets 20
judume32 calls 20
*** SHOW DOWN ***
RK-7.5 shows [8s 4d] (One pair : 4)
judume32 shows [5d Qc] (One pair : 5)
judume32 collected 120 from pot
*** SUMMARY ***
Total pot 120 | No rake
Board: [5h 6h As 4c 3s]
Seat 1: RK-7.5 (big blind) showed [8s 4d] and lost with One pair : 4
Seat 3: judume32 (small blind) showed [5d Qc] and won 120 with One pair : 5


Winamax Poker - Tournament "Expresso Nitro" buyIn: 1.86€ + 0.14€ level: 1 - HandId: #2695288533123334145-2-1675004420 - Holdem no limit (10/20) - 2023/01/29 15:00:20 UTC
Table: 'Expresso Nitro(627545764)#0' 3-max (real money) Seat #3 is the button
Seat 1: RK-7.5 (240)
Seat 2: _SKR (300)
Seat 3: judume32 (360)
*** ANTE/BLINDS ***
RK-7.5 posts small blind 10
_SKR posts big blind 20
Dealt to _SKR [Qc 6d]
*** PRE-FLOP *** 
judume32 calls 20
RK-7.5 folds
_SKR checks
*** FLOP *** [7h 8s 6h]
_SKR checks
judume32 bets 33
_SKR folds
judume32 collected 83 from pot
*** SUMMARY ***
Total pot 83 | No rake
Board: [7h 8s 6h]
Seat 3: judume32 (button) won 83


Winamax Poker - Tournament "Expresso Nitro" buyIn: 1.86€ + 0.14€ level: 1 - HandId: #2695288533123334145-3-1675004433 - Holdem no limit (10/20) - 2023/01/29 15:00:33 UTC
Table: 'Expresso Nitro(627545764)#0' 3-max (real money) Seat #1 is the button
Seat 1: RK-7.5 (230)
Seat 2: _SKR (280)
Seat 3: judume32 (390)
*** ANTE/BLINDS ***
_SKR posts small blind 10
judume32 posts big blind 20
Dealt to _SKR [2s 9c]
*** PRE-FLOP *** 
RK-7.5 calls 20
_SKR folds
judume32 checks
*** FLOP *** [9d As Qh]
judume32 checks
RK-7.5 bets 20
judume32 folds
RK-7.5 collected 70 from pot
*** SUMMARY ***
Total pot 70 | No rake
Board: [9d As Qh]
Seat 1: RK-7.5 (button) won 70


Winamax Poker - Tournament "Expresso Nitro" buyIn: 1.86€ + 0.14€ level: 1 - HandId: #2695288533123334145-4-1675004442 - Holdem no limit (10/20) - 2023/01/29 15:00:42 UTC
Table: 'Expresso Nitro(627545764)#0' 3-max (real money) Seat #2 is the button
Seat 1: RK-7.5 (260)
Seat 2: _SKR (270)
Seat 3: judume32 (370)
*** ANTE/BLINDS ***
judume32 posts small blind 10
RK-7.5 posts big blind 20
Dealt to _SKR [Js 3h]
*** PRE-FLOP *** 
_SKR folds
judume32 calls 10
RK-7.5 checks
*** FLOP *** [8d 7c 6d]
judume32 checks
RK-7.5 bets 20
judume32 calls 20
*** TURN *** [8d 7c 6d][Tc]
judume32 checks
RK-7.5 bets 52
judume32 folds
RK-7.5 collected 132 from pot
*** SUMMARY ***
Total pot 132 | No rake
Board: [8d 7c 6d Tc]
Seat 1: RK-7.5 (big blind) won 132


Winamax Poker - Tournament "Expresso Nitro" buyIn: 1.86€ + 0.14€ level: 2 - HandId: #2695288533123334145-5-1675004461 - Holdem no limit (15/30) - 2023/01/29 15:01:01 UTC
Table: 'Expresso Nitro(627545764)#0' 3-max (real money) Seat #3 is the button
Seat 1: RK-7.5 (300)
Seat 2: _SKR (270)
Seat 3: judume32 (330)
*** ANTE/BLINDS ***
RK-7.5 posts small blind 15
_SKR posts big blind 30
Dealt to _SKR [6s 2c]
*** PRE-FLOP *** 
judume32 calls 30
RK-7.5 calls 15
_SKR checks
*** FLOP *** [Ts 7d 3c]
RK-7.5 checks
_SKR checks
judume32 bets 59
RK-7.5 calls 59
_SKR folds
*** TURN *** [Ts 7d 3c][Jd]
RK-7.5 checks
judume32 bets 73
RK-7.5 calls 73
*** RIVER *** [Ts 7d 3c Jd][Jh]
RK-7.5 bets 30
judume32 calls 30
*** SHOW DOWN ***
RK-7.5 shows [Qc 9d] (One pair : Jacks)
judume32 shows [4d 4s] (Two pairs : Jacks and 4)
judume32 collected 414 from pot
*** SUMMARY ***
Total pot 414 | No rake
Board: [Ts 7d 3c Jd Jh]
Seat 1: RK-7.5 (small blind) showed [Qc 9d] and lost with One pair : Jacks
Seat 3: judume32 (button) showed [4d 4s] and won 414 with Two pairs : Jacks and 4


Winamax Poker - Tournament "Expresso Nitro" buyIn: 1.86€ + 0.14€ level: 2 - HandId: #2695288533123334145-6-1675004492 - Holdem no limit (15/30) - 2023/01/29 15:01:32 UTC
Table: 'Expresso Nitro(627545764)#0' 3-max (real money) Seat #1 is the button
Seat 1: RK-7.5 (108)
Seat 2: _SKR (240)
Seat 3: judume32 (552)
*** ANTE/BLINDS ***
_SKR posts small blind 15
judume32 posts big blind 30
Dealt to _SKR [7c 2h]
*** PRE-FLOP *** 
RK-7.5 raises 78 to 108 and is all-in
_SKR folds
judume32 calls 78
*** FLOP *** [Ac 6h Js]
*** TURN *** [Ac 6h Js][Ks]
*** RIVER *** [Ac 6h Js Ks][5s]
*** SHOW DOWN ***
RK-7.5 shows [Kh 4h] (One pair : Kings)
judume32 shows [8c Kd] (One pair : Kings)
judume32 collected 231 from pot
*** SUMMARY ***
Total pot 231 | No rake
Board: [Ac 6h Js Ks 5s]
Seat 1: RK-7.5 (button) showed [Kh 4h] and lost with One pair : Kings
Seat 3: judume32 (big blind) showed [8c Kd] and won 231 with One pair : Kings


Winamax Poker - Tournament "Expresso Nitro" buyIn: 1.86€ + 0.14€ level: 2 - HandId: #2695288533123334145-7-1675004510 - Holdem no limit (15/30) - 2023/01/29 15:01:50 UTC
Table: 'Expresso Nitro(627545764)#0' 3-max (real money) Seat #3 is the button
Seat 2: _SKR (225)
Seat 3: judume32 (675)
*** ANTE/BLINDS ***
judume32 posts small blind 15
_SKR posts big blind 30
Dealt to _SKR [4d Tc]
*** PRE-FLOP *** 
judume32 raises 645 to 675 and is all-in
_SKR folds
judume32 collected 705 from pot
*** SUMMARY ***
Total pot 705 | No rake
Seat 3: judume32 (small blind) (button) won 705


Winamax Poker - Tournament "Expresso Nitro" buyIn: 1.86€ + 0.14€ level: 3 - HandId: #2695288533123334145-8-1675004514 - Holdem no limit (20/40) - 2023/01/29 15:01:54 UTC
Table: 'Expresso Nitro(627545764)#0' 3-max (real money) Seat #2 is the button
Seat 2: _SKR (195)
Seat 3: judume32 (705)
*** ANTE/BLINDS ***
_SKR posts small blind 20
judume32 posts big blind 40
Dealt to _SKR [6d 4h]
*** PRE-FLOP *** 
_SKR folds
judume32 collected 60 from pot
*** SUMMARY ***
Total pot 60 | No rake
Seat 3: judume32 (big blind) won 60


Winamax Poker - Tournament "Expresso Nitro" buyIn: 1.86€ + 0.14€ level: 3 - HandId: #2695288533123334145-9-1675004520 - Holdem no limit (20/40) - 2023/01/29 15:02:00 UTC
Table: 'Expresso Nitro(627545764)#0' 3-max (real money) Seat #3 is the button
Seat 2: _SKR (175)
Seat 3: judume32 (725)
*** ANTE/BLINDS ***
judume32 posts small blind 20
_SKR posts big blind 40
Dealt to _SKR [Qd Kc]
*** PRE-FLOP *** 
judume32 folds
_SKR collected 60 from pot
*** SUMMARY ***
Total pot 60 | No rake
Seat 2: _SKR (big blind) won 60


Winamax Poker - Tournament "Expresso Nitro" buyIn: 1.86€ + 0.14€ level: 3 - HandId: #2695288533123334145-10-1675004523 - Holdem no limit (20/40) - 2023/01/29 15:02:03 UTC
Table: 'Expresso Nitro(627545764)#0' 3-max (real money) Seat #2 is the button
Seat 2: _SKR (195)
Seat 3: judume32 (705)
*** ANTE/BLINDS ***
_SKR posts small blind 20
judume32 posts big blind 40
Dealt to _SKR [Qs Kc]
*** PRE-FLOP *** 
_SKR raises 155 to 195 and is all-in
judume32 calls 155
*** FLOP *** [4h Qd 3h]
*** TURN *** [4h Qd 3h][Tc]
*** RIVER *** [4h Qd 3h Tc][6d]
*** SHOW DOWN ***
_SKR shows [Qs Kc] (One pair : Queens)
judume32 shows [Ts Qc] (Two pairs : Queens and Tens)
judume32 collected 390 from pot
*** SUMMARY ***
Total pot 390 | No rake
Board: [4h Qd 3h Tc 6d]
Seat 2: _SKR (small blind) (button) showed [Qs Kc] and lost with One pair : Queens
Seat 3: judume32 (big blind) showed [Ts Qc] and won 390 with Two pairs : Queens and Tens


