Winamax Poker - Tournament "Expresso Nitro" buyIn: 0.93€ + 0.07€ level: 1 - HandId: #2673229851674017793-1-1673643506 - Holdem no limit (10/20) - 2023/01/13 20:58:26 UTC
Table: 'Expresso Nitro(622409827)#0' 3-max (real money) Seat #3 is the button
Seat 1: Odessa (300)
Seat 2: MONTJOAL (300)
Seat 3: _SKR (300)
*** ANTE/BLINDS ***
Odessa posts small blind 10
MONTJOAL posts big blind 20
Dealt to _SKR [8s 7c]
*** PRE-FLOP *** 
_SKR folds
Odessa folds
MONTJOAL collected 30 from pot
*** SUMMARY ***
Total pot 30 | No rake
Seat 2: MONTJOAL (big blind) won 30


Winamax Poker - Tournament "Expresso Nitro" buyIn: 0.93€ + 0.07€ level: 1 - HandId: #2673229851674017793-2-1673643513 - Holdem no limit (10/20) - 2023/01/13 20:58:33 UTC
Table: 'Expresso Nitro(622409827)#0' 3-max (real money) Seat #1 is the button
Seat 1: Odessa (290)
Seat 2: MONTJOAL (310)
Seat 3: _SKR (300)
*** ANTE/BLINDS ***
MONTJOAL posts small blind 10
_SKR posts big blind 20
Dealt to _SKR [4d 9d]
*** PRE-FLOP *** 
Odessa calls 20
MONTJOAL raises 60 to 80
_SKR folds
Odessa calls 60
*** FLOP *** [Td Jh 2d]
MONTJOAL bets 230 and is all-in
Odessa folds
MONTJOAL collected 410 from pot
*** SUMMARY ***
Total pot 410 | No rake
Board: [Td Jh 2d]
Seat 2: MONTJOAL (small blind) won 410


Winamax Poker - Tournament "Expresso Nitro" buyIn: 0.93€ + 0.07€ level: 1 - HandId: #2673229851674017793-3-1673643545 - Holdem no limit (10/20) - 2023/01/13 20:59:05 UTC
Table: 'Expresso Nitro(622409827)#0' 3-max (real money) Seat #2 is the button
Seat 1: Odessa (210)
Seat 2: MONTJOAL (410)
Seat 3: _SKR (280)
*** ANTE/BLINDS ***
_SKR posts small blind 10
Odessa posts big blind 20
Dealt to _SKR [Td 8c]
*** PRE-FLOP *** 
MONTJOAL raises 390 to 410 and is all-in
_SKR folds
Odessa calls 190 and is all-in
*** FLOP *** [Qc Tc 5c]
*** TURN *** [Qc Tc 5c][6s]
*** RIVER *** [Qc Tc 5c 6s][4d]
*** SHOW DOWN ***
Odessa shows [Ad Ts] (One pair : Tens)
MONTJOAL shows [As 8s] (High card : Ace)
MONTJOAL collected 200 from side pot 1
Odessa collected 430 from main pot
*** SUMMARY ***
Total pot 630 | No rake
Board: [Qc Tc 5c 6s 4d]
Seat 1: Odessa (big blind) showed [Ad Ts] and won 430 with One pair : Tens
Seat 2: MONTJOAL (button) showed [As 8s] and won 200 with High card : Ace


Winamax Poker - Tournament "Expresso Nitro" buyIn: 0.93€ + 0.07€ level: 2 - HandId: #2673229851674017793-4-1673643564 - Holdem no limit (15/30) - 2023/01/13 20:59:24 UTC
Table: 'Expresso Nitro(622409827)#0' 3-max (real money) Seat #3 is the button
Seat 1: Odessa (430)
Seat 2: MONTJOAL (200)
Seat 3: _SKR (270)
*** ANTE/BLINDS ***
Odessa posts small blind 15
MONTJOAL posts big blind 30
Dealt to _SKR [5c 6h]
*** PRE-FLOP *** 
_SKR folds
Odessa raises 60 to 90
MONTJOAL raises 110 to 200 and is all-in
Odessa calls 110
*** FLOP *** [Tc 7c 3s]
*** TURN *** [Tc 7c 3s][8c]
*** RIVER *** [Tc 7c 3s 8c][3d]
*** SHOW DOWN ***
Odessa shows [Qh 4c] (One pair : 3)
MONTJOAL shows [As Ac] (Two pairs : Aces and 3)
MONTJOAL collected 400 from pot
*** SUMMARY ***
Total pot 400 | No rake
Board: [Tc 7c 3s 8c 3d]
Seat 1: Odessa (small blind) showed [Qh 4c] and lost with One pair : 3
Seat 2: MONTJOAL (big blind) showed [As Ac] and won 400 with Two pairs : Aces and 3


Winamax Poker - Tournament "Expresso Nitro" buyIn: 0.93€ + 0.07€ level: 2 - HandId: #2673229851674017793-5-1673643590 - Holdem no limit (15/30) - 2023/01/13 20:59:50 UTC
Table: 'Expresso Nitro(622409827)#0' 3-max (real money) Seat #1 is the button
Seat 1: Odessa (230)
Seat 2: MONTJOAL (400)
Seat 3: _SKR (270)
*** ANTE/BLINDS ***
MONTJOAL posts small blind 15
_SKR posts big blind 30
Dealt to _SKR [5h 8c]
*** PRE-FLOP *** 
Odessa raises 200 to 230 and is all-in
MONTJOAL folds
_SKR folds
Odessa collected 275 from pot
*** SUMMARY ***
Total pot 275 | No rake
Seat 1: Odessa (button) won 275


Winamax Poker - Tournament "Expresso Nitro" buyIn: 0.93€ + 0.07€ level: 2 - HandId: #2673229851674017793-6-1673643600 - Holdem no limit (15/30) - 2023/01/13 21:00:00 UTC
Table: 'Expresso Nitro(622409827)#0' 3-max (real money) Seat #2 is the button
Seat 1: Odessa (275)
Seat 2: MONTJOAL (385)
Seat 3: _SKR (240)
*** ANTE/BLINDS ***
_SKR posts small blind 15
Odessa posts big blind 30
Dealt to _SKR [7d 6s]
*** PRE-FLOP *** 
MONTJOAL folds
_SKR folds
Odessa collected 45 from pot
*** SUMMARY ***
Total pot 45 | No rake
Seat 1: Odessa (big blind) won 45


Winamax Poker - Tournament "Expresso Nitro" buyIn: 0.93€ + 0.07€ level: 2 - HandId: #2673229851674017793-7-1673643608 - Holdem no limit (15/30) - 2023/01/13 21:00:08 UTC
Table: 'Expresso Nitro(622409827)#0' 3-max (real money) Seat #3 is the button
Seat 1: Odessa (290)
Seat 2: MONTJOAL (385)
Seat 3: _SKR (225)
*** ANTE/BLINDS ***
Odessa posts small blind 15
MONTJOAL posts big blind 30
Dealt to _SKR [8s Ts]
*** PRE-FLOP *** 
_SKR folds
Odessa raises 260 to 290 and is all-in
MONTJOAL calls 260
*** FLOP *** [Jh 7h As]
*** TURN *** [Jh 7h As][3s]
*** RIVER *** [Jh 7h As 3s][2d]
*** SHOW DOWN ***
Odessa shows [8h Kd] (High card : Ace)
MONTJOAL shows [Kh 2c] (One pair : 2)
MONTJOAL collected 580 from pot
*** SUMMARY ***
Total pot 580 | No rake
Board: [Jh 7h As 3s 2d]
Seat 1: Odessa (small blind) showed [8h Kd] and lost with High card : Ace
Seat 2: MONTJOAL (big blind) showed [Kh 2c] and won 580 with One pair : 2


Winamax Poker - Tournament "Expresso Nitro" buyIn: 0.93€ + 0.07€ level: 3 - HandId: #2673229851674017793-8-1673643624 - Holdem no limit (20/40) - 2023/01/13 21:00:24 UTC
Table: 'Expresso Nitro(622409827)#0' 3-max (real money) Seat #2 is the button
Seat 2: MONTJOAL (675)
Seat 3: _SKR (225)
*** ANTE/BLINDS ***
MONTJOAL posts small blind 20
_SKR posts big blind 40
Dealt to _SKR [As 9d]
*** PRE-FLOP *** 
MONTJOAL raises 80 to 120
_SKR raises 105 to 225 and is all-in
MONTJOAL calls 105
*** FLOP *** [7h 5d 9h]
*** TURN *** [7h 5d 9h][Ac]
*** RIVER *** [7h 5d 9h Ac][Qc]
*** SHOW DOWN ***
MONTJOAL shows [Jd Kd] (High card : Ace)
_SKR shows [As 9d] (Two pairs : Aces and 9)
_SKR collected 450 from pot
*** SUMMARY ***
Total pot 450 | No rake
Board: [7h 5d 9h Ac Qc]
Seat 2: MONTJOAL (small blind) (button) showed [Jd Kd] and lost with High card : Ace
Seat 3: _SKR (big blind) showed [As 9d] and won 450 with Two pairs : Aces and 9


Winamax Poker - Tournament "Expresso Nitro" buyIn: 0.93€ + 0.07€ level: 3 - HandId: #2673229851674017793-9-1673643646 - Holdem no limit (20/40) - 2023/01/13 21:00:46 UTC
Table: 'Expresso Nitro(622409827)#0' 3-max (real money) Seat #3 is the button
Seat 2: MONTJOAL (450)
Seat 3: _SKR (450)
*** ANTE/BLINDS ***
_SKR posts small blind 20
MONTJOAL posts big blind 40
Dealt to _SKR [Ad 8d]
*** PRE-FLOP *** 
_SKR raises 410 to 450 and is all-in
MONTJOAL calls 410 and is all-in
*** FLOP *** [Ah Kc Kd]
*** TURN *** [Ah Kc Kd][9d]
*** RIVER *** [Ah Kc Kd 9d][3d]
*** SHOW DOWN ***
MONTJOAL shows [Ac 5h] (Two pairs : Aces and Kings)
_SKR shows [Ad 8d] (Flush Ace high)
_SKR collected 900 from pot
*** SUMMARY ***
Total pot 900 | No rake
Board: [Ah Kc Kd 9d 3d]
Seat 2: MONTJOAL (big blind) showed [Ac 5h] and lost with Two pairs : Aces and Kings
Seat 3: _SKR (small blind) (button) showed [Ad 8d] and won 900 with Flush Ace high


