Winamax Poker - Tournament "Expresso Nitro" buyIn: 0.93€ + 0.07€ level: 1 - HandId: #2717622105364496385-1-1676229230 - Holdem no limit (10/20) - 2023/02/12 19:13:50 UTC
Table: 'Expresso Nitro(632745704)#0' 3-max (real money) Seat #3 is the button
Seat 1: Dragibus 91 (300)
Seat 2: _SKR (300)
Seat 3: Urko10 (300)
*** ANTE/BLINDS ***
Dragibus 91 posts small blind 10
_SKR posts big blind 20
Dealt to _SKR [4s 8s]
*** PRE-FLOP *** 
Urko10 folds
Dragibus 91 raises 20 to 40
_SKR calls 20
*** FLOP *** [Ks 5s 8h]
Dragibus 91 bets 28
_SKR raises 232 to 260 and is all-in
Dragibus 91 folds
_SKR collected 368 from pot
*** SUMMARY ***
Total pot 368 | No rake
Board: [Ks 5s 8h]
Seat 2: _SKR (big blind) won 368


Winamax Poker - Tournament "Expresso Nitro" buyIn: 0.93€ + 0.07€ level: 1 - HandId: #2717622105364496385-2-1676229259 - Holdem no limit (10/20) - 2023/02/12 19:14:19 UTC
Table: 'Expresso Nitro(632745704)#0' 3-max (real money) Seat #1 is the button
Seat 1: Dragibus 91 (232)
Seat 2: _SKR (368)
Seat 3: Urko10 (300)
*** ANTE/BLINDS ***
_SKR posts small blind 10
Urko10 posts big blind 20
Dealt to _SKR [8c Tc]
*** PRE-FLOP *** 
Dragibus 91 folds
_SKR raises 20 to 40
Urko10 folds
_SKR collected 60 from pot
*** SUMMARY ***
Total pot 60 | No rake
Seat 2: _SKR (small blind) won 60


Winamax Poker - Tournament "Expresso Nitro" buyIn: 0.93€ + 0.07€ level: 1 - HandId: #2717622105364496385-3-1676229268 - Holdem no limit (10/20) - 2023/02/12 19:14:28 UTC
Table: 'Expresso Nitro(632745704)#0' 3-max (real money) Seat #2 is the button
Seat 1: Dragibus 91 (232)
Seat 2: _SKR (388)
Seat 3: Urko10 (280)
*** ANTE/BLINDS ***
Urko10 posts small blind 10
Dragibus 91 posts big blind 20
Dealt to _SKR [Ts Ah]
*** PRE-FLOP *** 
_SKR raises 368 to 388 and is all-in
Urko10 folds
Dragibus 91 calls 212 and is all-in
*** FLOP *** [Ac 6c Jh]
*** TURN *** [Ac 6c Jh][7h]
*** RIVER *** [Ac 6c Jh 7h][Qc]
*** SHOW DOWN ***
Dragibus 91 shows [7d 7s] (Trips of 7)
_SKR shows [Ts Ah] (One pair : Aces)
_SKR collected 156 from side pot 1
Dragibus 91 collected 474 from main pot
*** SUMMARY ***
Total pot 630 | No rake
Board: [Ac 6c Jh 7h Qc]
Seat 1: Dragibus 91 (big blind) showed [7d 7s] and won 474 with Trips of 7
Seat 2: _SKR (button) showed [Ts Ah] and won 156 with One pair : Aces


Winamax Poker - Tournament "Expresso Nitro" buyIn: 0.93€ + 0.07€ level: 1 - HandId: #2717622105364496385-4-1676229285 - Holdem no limit (10/20) - 2023/02/12 19:14:45 UTC
Table: 'Expresso Nitro(632745704)#0' 3-max (real money) Seat #3 is the button
Seat 1: Dragibus 91 (474)
Seat 2: _SKR (156)
Seat 3: Urko10 (270)
*** ANTE/BLINDS ***
Dragibus 91 posts small blind 10
_SKR posts big blind 20
Dealt to _SKR [Kd 2d]
*** PRE-FLOP *** 
Urko10 raises 250 to 270 and is all-in
Dragibus 91 folds
_SKR folds
Urko10 collected 300 from pot
*** SUMMARY ***
Total pot 300 | No rake
Seat 3: Urko10 (button) won 300


Winamax Poker - Tournament "Expresso Nitro" buyIn: 0.93€ + 0.07€ level: 2 - HandId: #2717622105364496385-5-1676229296 - Holdem no limit (15/30) - 2023/02/12 19:14:56 UTC
Table: 'Expresso Nitro(632745704)#0' 3-max (real money) Seat #1 is the button
Seat 1: Dragibus 91 (464)
Seat 2: _SKR (136)
Seat 3: Urko10 (300)
*** ANTE/BLINDS ***
_SKR posts small blind 15
Urko10 posts big blind 30
Dealt to _SKR [8d 4s]
*** PRE-FLOP *** 
Dragibus 91 folds
_SKR folds
Urko10 collected 45 from pot
*** SUMMARY ***
Total pot 45 | No rake
Seat 3: Urko10 (big blind) won 45


Winamax Poker - Tournament "Expresso Nitro" buyIn: 0.93€ + 0.07€ level: 2 - HandId: #2717622105364496385-6-1676229303 - Holdem no limit (15/30) - 2023/02/12 19:15:03 UTC
Table: 'Expresso Nitro(632745704)#0' 3-max (real money) Seat #2 is the button
Seat 1: Dragibus 91 (464)
Seat 2: _SKR (121)
Seat 3: Urko10 (315)
*** ANTE/BLINDS ***
Urko10 posts small blind 15
Dragibus 91 posts big blind 30
Dealt to _SKR [5h 7d]
*** PRE-FLOP *** 
_SKR folds
Urko10 folds
Dragibus 91 collected 45 from pot
*** SUMMARY ***
Total pot 45 | No rake
Seat 1: Dragibus 91 (big blind) won 45


Winamax Poker - Tournament "Expresso Nitro" buyIn: 0.93€ + 0.07€ level: 2 - HandId: #2717622105364496385-7-1676229309 - Holdem no limit (15/30) - 2023/02/12 19:15:09 UTC
Table: 'Expresso Nitro(632745704)#0' 3-max (real money) Seat #3 is the button
Seat 1: Dragibus 91 (479)
Seat 2: _SKR (121)
Seat 3: Urko10 (300)
*** ANTE/BLINDS ***
Dragibus 91 posts small blind 15
_SKR posts big blind 30
Dealt to _SKR [8h 3s]
*** PRE-FLOP *** 
Urko10 folds
Dragibus 91 raises 30 to 60
_SKR folds
Dragibus 91 collected 90 from pot
*** SUMMARY ***
Total pot 90 | No rake
Seat 1: Dragibus 91 (small blind) won 90


Winamax Poker - Tournament "Expresso Nitro" buyIn: 0.93€ + 0.07€ level: 2 - HandId: #2717622105364496385-8-1676229321 - Holdem no limit (15/30) - 2023/02/12 19:15:21 UTC
Table: 'Expresso Nitro(632745704)#0' 3-max (real money) Seat #1 is the button
Seat 1: Dragibus 91 (509)
Seat 2: _SKR (91)
Seat 3: Urko10 (300)
*** ANTE/BLINDS ***
_SKR posts small blind 15
Urko10 posts big blind 30
Dealt to _SKR [Ks 2h]
*** PRE-FLOP *** 
Dragibus 91 folds
_SKR raises 61 to 91 and is all-in
Urko10 calls 61
*** FLOP *** [Qh Kd 7h]
*** TURN *** [Qh Kd 7h][5c]
*** RIVER *** [Qh Kd 7h 5c][9d]
*** SHOW DOWN ***
Urko10 shows [3c 3d] (One pair : 3)
_SKR shows [Ks 2h] (One pair : Kings)
_SKR collected 182 from pot
*** SUMMARY ***
Total pot 182 | No rake
Board: [Qh Kd 7h 5c 9d]
Seat 2: _SKR (small blind) showed [Ks 2h] and won 182 with One pair : Kings
Seat 3: Urko10 (big blind) showed [3c 3d] and lost with One pair : 3


Winamax Poker - Tournament "Expresso Nitro" buyIn: 0.93€ + 0.07€ level: 2 - HandId: #2717622105364496385-9-1676229335 - Holdem no limit (15/30) - 2023/02/12 19:15:35 UTC
Table: 'Expresso Nitro(632745704)#0' 3-max (real money) Seat #2 is the button
Seat 1: Dragibus 91 (509)
Seat 2: _SKR (182)
Seat 3: Urko10 (209)
*** ANTE/BLINDS ***
Urko10 posts small blind 15
Dragibus 91 posts big blind 30
Dealt to _SKR [4s Ts]
*** PRE-FLOP *** 
_SKR folds
Urko10 folds
Dragibus 91 collected 45 from pot
*** SUMMARY ***
Total pot 45 | No rake
Seat 1: Dragibus 91 (big blind) won 45


Winamax Poker - Tournament "Expresso Nitro" buyIn: 0.93€ + 0.07€ level: 2 - HandId: #2717622105364496385-10-1676229341 - Holdem no limit (15/30) - 2023/02/12 19:15:41 UTC
Table: 'Expresso Nitro(632745704)#0' 3-max (real money) Seat #3 is the button
Seat 1: Dragibus 91 (524)
Seat 2: _SKR (182)
Seat 3: Urko10 (194)
*** ANTE/BLINDS ***
Dragibus 91 posts small blind 15
_SKR posts big blind 30
Dealt to _SKR [Js Td]
*** PRE-FLOP *** 
Urko10 folds
Dragibus 91 raises 30 to 60
_SKR raises 122 to 182 and is all-in
Dragibus 91 calls 122
*** FLOP *** [As 9s 5c]
*** TURN *** [As 9s 5c][Tc]
*** RIVER *** [As 9s 5c Tc][Jh]
*** SHOW DOWN ***
Dragibus 91 shows [Ac 7s] (One pair : Aces)
_SKR shows [Js Td] (Two pairs : Jacks and Tens)
_SKR collected 364 from pot
*** SUMMARY ***
Total pot 364 | No rake
Board: [As 9s 5c Tc Jh]
Seat 1: Dragibus 91 (small blind) showed [Ac 7s] and lost with One pair : Aces
Seat 2: _SKR (big blind) showed [Js Td] and won 364 with Two pairs : Jacks and Tens


Winamax Poker - Tournament "Expresso Nitro" buyIn: 0.93€ + 0.07€ level: 3 - HandId: #2717622105364496385-11-1676229363 - Holdem no limit (20/40) - 2023/02/12 19:16:03 UTC
Table: 'Expresso Nitro(632745704)#0' 3-max (real money) Seat #1 is the button
Seat 1: Dragibus 91 (342)
Seat 2: _SKR (364)
Seat 3: Urko10 (194)
*** ANTE/BLINDS ***
_SKR posts small blind 20
Urko10 posts big blind 40
Dealt to _SKR [Qc 4h]
*** PRE-FLOP *** 
Dragibus 91 calls 40
_SKR folds
Urko10 checks
*** FLOP *** [8d 8c 6c]
Urko10 checks
Dragibus 91 checks
*** TURN *** [8d 8c 6c][Th]
Urko10 checks
Dragibus 91 bets 40
Urko10 folds
Dragibus 91 collected 140 from pot
*** SUMMARY ***
Total pot 140 | No rake
Board: [8d 8c 6c Th]
Seat 1: Dragibus 91 (button) won 140


Winamax Poker - Tournament "Expresso Nitro" buyIn: 0.93€ + 0.07€ level: 3 - HandId: #2717622105364496385-12-1676229389 - Holdem no limit (20/40) - 2023/02/12 19:16:29 UTC
Table: 'Expresso Nitro(632745704)#0' 3-max (real money) Seat #2 is the button
Seat 1: Dragibus 91 (402)
Seat 2: _SKR (344)
Seat 3: Urko10 (154)
*** ANTE/BLINDS ***
Urko10 posts small blind 20
Dragibus 91 posts big blind 40
Dealt to _SKR [Th 2s]
*** PRE-FLOP *** 
_SKR folds
Urko10 raises 114 to 154 and is all-in
Dragibus 91 folds
Urko10 collected 194 from pot
*** SUMMARY ***
Total pot 194 | No rake
Seat 3: Urko10 (small blind) won 194


Winamax Poker - Tournament "Expresso Nitro" buyIn: 0.93€ + 0.07€ level: 3 - HandId: #2717622105364496385-13-1676229404 - Holdem no limit (20/40) - 2023/02/12 19:16:44 UTC
Table: 'Expresso Nitro(632745704)#0' 3-max (real money) Seat #3 is the button
Seat 1: Dragibus 91 (362)
Seat 2: _SKR (344)
Seat 3: Urko10 (194)
*** ANTE/BLINDS ***
Dragibus 91 posts small blind 20
_SKR posts big blind 40
Dealt to _SKR [Jc 9d]
*** PRE-FLOP *** 
Urko10 folds
Dragibus 91 calls 20
_SKR raises 304 to 344 and is all-in
Dragibus 91 folds
_SKR collected 384 from pot
*** SUMMARY ***
Total pot 384 | No rake
Seat 2: _SKR (big blind) won 384


Winamax Poker - Tournament "Expresso Nitro" buyIn: 0.93€ + 0.07€ level: 4 - HandId: #2717622105364496385-14-1676229419 - Holdem no limit (30/60) - 2023/02/12 19:16:59 UTC
Table: 'Expresso Nitro(632745704)#0' 3-max (real money) Seat #1 is the button
Seat 1: Dragibus 91 (322)
Seat 2: _SKR (384)
Seat 3: Urko10 (194)
*** ANTE/BLINDS ***
_SKR posts small blind 30
Urko10 posts big blind 60
Dealt to _SKR [8h Qd]
*** PRE-FLOP *** 
Dragibus 91 calls 60
_SKR raises 324 to 384 and is all-in
Urko10 calls 134 and is all-in
Dragibus 91 calls 262 and is all-in
*** FLOP *** [4h 8d 2s]
*** TURN *** [4h 8d 2s][5d]
*** RIVER *** [4h 8d 2s 5d][Ah]
*** SHOW DOWN ***
Urko10 shows [8c 9h] (One pair : 8)
Dragibus 91 shows [3s 9s] (Straight 5 high)
_SKR shows [8h Qd] (One pair : 8)
_SKR collected 62 from side pot 1
Dragibus 91 collected 838 from main pot
*** SUMMARY ***
Total pot 900 | No rake
Board: [4h 8d 2s 5d Ah]
Seat 1: Dragibus 91 (button) showed [3s 9s] and won 838 with Straight 5 high
Seat 2: _SKR (small blind) showed [8h Qd] and won 62 with One pair : 8
Seat 3: Urko10 (big blind) showed [8c 9h] and lost with One pair : 8


Winamax Poker - Tournament "Expresso Nitro" buyIn: 0.93€ + 0.07€ level: 4 - HandId: #2717622105364496385-15-1676229437 - Holdem no limit (30/60) - 2023/02/12 19:17:17 UTC
Table: 'Expresso Nitro(632745704)#0' 3-max (real money) Seat #1 is the button
Seat 1: Dragibus 91 (838)
Seat 2: _SKR (62)
*** ANTE/BLINDS ***
Dragibus 91 posts small blind 30
_SKR posts big blind 60
Dealt to _SKR [Ah 5s]
*** PRE-FLOP *** 
Dragibus 91 raises 60 to 120
_SKR calls 2 and is all-in
*** FLOP *** [7s Qd 5c]
*** TURN *** [7s Qd 5c][4d]
*** RIVER *** [7s Qd 5c 4d][8c]
*** SHOW DOWN ***
_SKR shows [Ah 5s] (One pair : 5)
Dragibus 91 shows [6h 9c] (Straight 9 high)
Dragibus 91 collected 182 from pot
*** SUMMARY ***
Total pot 182 | No rake
Board: [7s Qd 5c 4d 8c]
Seat 1: Dragibus 91 (small blind) (button) showed [6h 9c] and won 182 with Straight 9 high
Seat 2: _SKR (big blind) showed [Ah 5s] and lost with One pair : 5


