Winamax Poker - Tournament "Expresso Nitro" buyIn: 0.93€ + 0.07€ level: 1 - HandId: #2729130281255567361-1-1676902105 - Holdem no limit (10/20) - 2023/02/20 14:08:25 UTC
Table: 'Expresso Nitro(635425160)#0' 3-max (real money) Seat #3 is the button
Seat 1: kobix (300)
Seat 2: 7Mag7cRiver7 (300)
Seat 3: _SKR (300)
*** ANTE/BLINDS ***
kobix posts small blind 10
7Mag7cRiver7 posts big blind 20
Dealt to _SKR [Qd 9d]
*** PRE-FLOP *** 
_SKR raises 20 to 40
kobix folds
7Mag7cRiver7 calls 20
*** FLOP *** [Td Ac 8s]
7Mag7cRiver7 checks
_SKR bets 32
7Mag7cRiver7 folds
_SKR collected 122 from pot
*** SUMMARY ***
Total pot 122 | No rake
Board: [Td Ac 8s]
Seat 3: _SKR (button) won 122


Winamax Poker - Tournament "Expresso Nitro" buyIn: 0.93€ + 0.07€ level: 1 - HandId: #2729130281255567361-2-1676902126 - Holdem no limit (10/20) - 2023/02/20 14:08:46 UTC
Table: 'Expresso Nitro(635425160)#0' 3-max (real money) Seat #1 is the button
Seat 1: kobix (290)
Seat 2: 7Mag7cRiver7 (260)
Seat 3: _SKR (350)
*** ANTE/BLINDS ***
7Mag7cRiver7 posts small blind 10
_SKR posts big blind 20
Dealt to _SKR [9s 8d]
*** PRE-FLOP *** 
kobix raises 40 to 60
7Mag7cRiver7 folds
_SKR folds
kobix collected 90 from pot
*** SUMMARY ***
Total pot 90 | No rake
Seat 1: kobix (button) won 90


Winamax Poker - Tournament "Expresso Nitro" buyIn: 0.93€ + 0.07€ level: 1 - HandId: #2729130281255567361-3-1676902147 - Holdem no limit (10/20) - 2023/02/20 14:09:07 UTC
Table: 'Expresso Nitro(635425160)#0' 3-max (real money) Seat #2 is the button
Seat 1: kobix (320)
Seat 2: 7Mag7cRiver7 (250)
Seat 3: _SKR (330)
*** ANTE/BLINDS ***
_SKR posts small blind 10
kobix posts big blind 20
Dealt to _SKR [Ts As]
*** PRE-FLOP *** 
7Mag7cRiver7 calls 20
_SKR raises 310 to 330 and is all-in
kobix folds
7Mag7cRiver7 folds
_SKR collected 370 from pot
*** SUMMARY ***
Total pot 370 | No rake
Seat 3: _SKR (small blind) won 370


Winamax Poker - Tournament "Expresso Nitro" buyIn: 0.93€ + 0.07€ level: 2 - HandId: #2729130281255567361-4-1676902167 - Holdem no limit (15/30) - 2023/02/20 14:09:27 UTC
Table: 'Expresso Nitro(635425160)#0' 3-max (real money) Seat #3 is the button
Seat 1: kobix (300)
Seat 2: 7Mag7cRiver7 (230)
Seat 3: _SKR (370)
*** ANTE/BLINDS ***
kobix posts small blind 15
7Mag7cRiver7 posts big blind 30
Dealt to _SKR [Kc Qd]
*** PRE-FLOP *** 
_SKR raises 340 to 370 and is all-in
kobix folds
7Mag7cRiver7 folds
_SKR collected 415 from pot
*** SUMMARY ***
Total pot 415 | No rake
Seat 3: _SKR (button) won 415


Winamax Poker - Tournament "Expresso Nitro" buyIn: 0.93€ + 0.07€ level: 2 - HandId: #2729130281255567361-5-1676902179 - Holdem no limit (15/30) - 2023/02/20 14:09:39 UTC
Table: 'Expresso Nitro(635425160)#0' 3-max (real money) Seat #1 is the button
Seat 1: kobix (285)
Seat 2: 7Mag7cRiver7 (200)
Seat 3: _SKR (415)
*** ANTE/BLINDS ***
7Mag7cRiver7 posts small blind 15
_SKR posts big blind 30
Dealt to _SKR [6d Jc]
*** PRE-FLOP *** 
kobix calls 30
7Mag7cRiver7 raises 170 to 200 and is all-in
_SKR folds
kobix calls 170
*** FLOP *** [6s 5c 9d]
*** TURN *** [6s 5c 9d][Ah]
*** RIVER *** [6s 5c 9d Ah][9c]
*** SHOW DOWN ***
7Mag7cRiver7 shows [2d Ac] (Two pairs : Aces and 9)
kobix shows [2h 9h] (Trips of 9)
kobix collected 430 from pot
*** SUMMARY ***
Total pot 430 | No rake
Board: [6s 5c 9d Ah 9c]
Seat 1: kobix (button) showed [2h 9h] and won 430 with Trips of 9
Seat 2: 7Mag7cRiver7 (small blind) showed [2d Ac] and lost with Two pairs : Aces and 9


Winamax Poker - Tournament "Expresso Nitro" buyIn: 0.93€ + 0.07€ level: 2 - HandId: #2729130281255567361-6-1676902205 - Holdem no limit (15/30) - 2023/02/20 14:10:05 UTC
Table: 'Expresso Nitro(635425160)#0' 3-max (real money) Seat #3 is the button
Seat 1: kobix (515)
Seat 3: _SKR (385)
*** ANTE/BLINDS ***
_SKR posts small blind 15
kobix posts big blind 30
Dealt to _SKR [6h Ad]
*** PRE-FLOP *** 
_SKR raises 355 to 385 and is all-in
kobix calls 355
*** FLOP *** [Jd 8s 4d]
*** TURN *** [Jd 8s 4d][7c]
*** RIVER *** [Jd 8s 4d 7c][5s]
*** SHOW DOWN ***
kobix shows [Qh Ts] (High card : Queen)
_SKR shows [6h Ad] (Straight 8 high)
_SKR collected 770 from pot
*** SUMMARY ***
Total pot 770 | No rake
Board: [Jd 8s 4d 7c 5s]
Seat 1: kobix (big blind) showed [Qh Ts] and lost with High card : Queen
Seat 3: _SKR (small blind) (button) showed [6h Ad] and won 770 with Straight 8 high


Winamax Poker - Tournament "Expresso Nitro" buyIn: 0.93€ + 0.07€ level: 2 - HandId: #2729130281255567361-7-1676902219 - Holdem no limit (15/30) - 2023/02/20 14:10:19 UTC
Table: 'Expresso Nitro(635425160)#0' 3-max (real money) Seat #1 is the button
Seat 1: kobix (130)
Seat 3: _SKR (770)
*** ANTE/BLINDS ***
kobix posts small blind 15
_SKR posts big blind 30
Dealt to _SKR [2h 3h]
*** PRE-FLOP *** 
kobix raises 100 to 130 and is all-in
_SKR folds
kobix collected 160 from pot
*** SUMMARY ***
Total pot 160 | No rake
Seat 1: kobix (small blind) (button) won 160


Winamax Poker - Tournament "Expresso Nitro" buyIn: 0.93€ + 0.07€ level: 3 - HandId: #2729130281255567361-8-1676902226 - Holdem no limit (20/40) - 2023/02/20 14:10:26 UTC
Table: 'Expresso Nitro(635425160)#0' 3-max (real money) Seat #3 is the button
Seat 1: kobix (160)
Seat 3: _SKR (740)
*** ANTE/BLINDS ***
_SKR posts small blind 20
kobix posts big blind 40
Dealt to _SKR [8h Ks]
*** PRE-FLOP *** 
_SKR raises 700 to 740 and is all-in
kobix folds
_SKR collected 780 from pot
*** SUMMARY ***
Total pot 780 | No rake
Seat 3: _SKR (small blind) (button) won 780


Winamax Poker - Tournament "Expresso Nitro" buyIn: 0.93€ + 0.07€ level: 3 - HandId: #2729130281255567361-9-1676902245 - Holdem no limit (20/40) - 2023/02/20 14:10:45 UTC
Table: 'Expresso Nitro(635425160)#0' 3-max (real money) Seat #1 is the button
Seat 1: kobix (120)
Seat 3: _SKR (780)
*** ANTE/BLINDS ***
kobix posts small blind 20
_SKR posts big blind 40
Dealt to _SKR [8s Kh]
*** PRE-FLOP *** 
kobix raises 80 to 120 and is all-in
_SKR calls 80
*** FLOP *** [2h 2c 2s]
*** TURN *** [2h 2c 2s][Td]
*** RIVER *** [2h 2c 2s Td][6s]
*** SHOW DOWN ***
_SKR shows [8s Kh] (Trips of 2)
kobix shows [4c Ad] (Trips of 2)
kobix collected 240 from pot
*** SUMMARY ***
Total pot 240 | No rake
Board: [2h 2c 2s Td 6s]
Seat 1: kobix (small blind) (button) showed [4c Ad] and won 240 with Trips of 2
Seat 3: _SKR (big blind) showed [8s Kh] and lost with Trips of 2


Winamax Poker - Tournament "Expresso Nitro" buyIn: 0.93€ + 0.07€ level: 3 - HandId: #2729130281255567361-10-1676902258 - Holdem no limit (20/40) - 2023/02/20 14:10:58 UTC
Table: 'Expresso Nitro(635425160)#0' 3-max (real money) Seat #3 is the button
Seat 1: kobix (240)
Seat 3: _SKR (660)
*** ANTE/BLINDS ***
_SKR posts small blind 20
kobix posts big blind 40
Dealt to _SKR [6c Ad]
*** PRE-FLOP *** 
_SKR raises 620 to 660 and is all-in
kobix calls 200 and is all-in
*** FLOP *** [Tc 8c 5d]
*** TURN *** [Tc 8c 5d][5c]
*** RIVER *** [Tc 8c 5d 5c][4c]
*** SHOW DOWN ***
kobix shows [9h Jd] (One pair : 5)
_SKR shows [6c Ad] (Flush Ten high)
_SKR collected 900 from pot
*** SUMMARY ***
Total pot 900 | No rake
Board: [Tc 8c 5d 5c 4c]
Seat 1: kobix (big blind) showed [9h Jd] and lost with One pair : 5
Seat 3: _SKR (small blind) (button) showed [6c Ad] and won 900 with Flush Ten high


