Winamax Poker - Tournament "Expresso Nitro" buyIn: 1.86€ + 0.14€ level: 1 - HandId: #2696597888263258113-1-1675089146 - Holdem no limit (10/20) - 2023/01/30 14:32:26 UTC
Table: 'Expresso Nitro(627850622)#0' 3-max (real money) Seat #2 is the button
Seat 1: chuPakCaBraS (300)
Seat 2: nidepoulette (300)
Seat 3: _SKR (300)
*** ANTE/BLINDS ***
_SKR posts small blind 10
chuPakCaBraS posts big blind 20
Dealt to _SKR [4c 2d]
*** PRE-FLOP *** 
nidepoulette calls 20
_SKR folds
chuPakCaBraS checks
*** FLOP *** [7c Ad 3s]
chuPakCaBraS checks
nidepoulette bets 50
chuPakCaBraS folds
nidepoulette collected 100 from pot
*** SUMMARY ***
Total pot 100 | No rake
Board: [7c Ad 3s]
Seat 2: nidepoulette (button) won 100


Winamax Poker - Tournament "Expresso Nitro" buyIn: 1.86€ + 0.14€ level: 1 - HandId: #2696597888263258113-2-1675089169 - Holdem no limit (10/20) - 2023/01/30 14:32:49 UTC
Table: 'Expresso Nitro(627850622)#0' 3-max (real money) Seat #3 is the button
Seat 1: chuPakCaBraS (280)
Seat 2: nidepoulette (330)
Seat 3: _SKR (290)
*** ANTE/BLINDS ***
chuPakCaBraS posts small blind 10
nidepoulette posts big blind 20
Dealt to _SKR [As 4h]
*** PRE-FLOP *** 
_SKR raises 270 to 290 and is all-in
chuPakCaBraS folds
nidepoulette folds
_SKR collected 320 from pot
*** SUMMARY ***
Total pot 320 | No rake
Seat 3: _SKR (button) won 320


Winamax Poker - Tournament "Expresso Nitro" buyIn: 1.86€ + 0.14€ level: 1 - HandId: #2696597888263258113-3-1675089176 - Holdem no limit (10/20) - 2023/01/30 14:32:56 UTC
Table: 'Expresso Nitro(627850622)#0' 3-max (real money) Seat #1 is the button
Seat 1: chuPakCaBraS (270)
Seat 2: nidepoulette (310)
Seat 3: _SKR (320)
*** ANTE/BLINDS ***
nidepoulette posts small blind 10
_SKR posts big blind 20
Dealt to _SKR [4s Tc]
*** PRE-FLOP *** 
chuPakCaBraS folds
nidepoulette calls 10
_SKR checks
*** FLOP *** [Jh 3d Ad]
nidepoulette checks
_SKR checks
*** TURN *** [Jh 3d Ad][2s]
nidepoulette checks
_SKR checks
*** RIVER *** [Jh 3d Ad 2s][8d]
nidepoulette checks
_SKR checks
*** SHOW DOWN ***
_SKR shows [4s Tc] (High card : Ace)
nidepoulette shows [Qc Ts] (High card : Ace)
nidepoulette collected 40 from pot
*** SUMMARY ***
Total pot 40 | No rake
Board: [Jh 3d Ad 2s 8d]
Seat 2: nidepoulette (small blind) showed [Qc Ts] and won 40 with High card : Ace
Seat 3: _SKR (big blind) showed [4s Tc] and lost with High card : Ace


Winamax Poker - Tournament "Expresso Nitro" buyIn: 1.86€ + 0.14€ level: 2 - HandId: #2696597888263258113-4-1675089203 - Holdem no limit (15/30) - 2023/01/30 14:33:23 UTC
Table: 'Expresso Nitro(627850622)#0' 3-max (real money) Seat #2 is the button
Seat 1: chuPakCaBraS (270)
Seat 2: nidepoulette (330)
Seat 3: _SKR (300)
*** ANTE/BLINDS ***
_SKR posts small blind 15
chuPakCaBraS posts big blind 30
Dealt to _SKR [8c 4d]
*** PRE-FLOP *** 
nidepoulette folds
_SKR folds
chuPakCaBraS collected 45 from pot
*** SUMMARY ***
Total pot 45 | No rake
Seat 1: chuPakCaBraS (big blind) won 45


Winamax Poker - Tournament "Expresso Nitro" buyIn: 1.86€ + 0.14€ level: 2 - HandId: #2696597888263258113-5-1675089207 - Holdem no limit (15/30) - 2023/01/30 14:33:27 UTC
Table: 'Expresso Nitro(627850622)#0' 3-max (real money) Seat #3 is the button
Seat 1: chuPakCaBraS (285)
Seat 2: nidepoulette (330)
Seat 3: _SKR (285)
*** ANTE/BLINDS ***
chuPakCaBraS posts small blind 15
nidepoulette posts big blind 30
Dealt to _SKR [4c 2h]
*** PRE-FLOP *** 
_SKR folds
chuPakCaBraS folds
nidepoulette collected 45 from pot
*** SUMMARY ***
Total pot 45 | No rake
Seat 2: nidepoulette (big blind) won 45


Winamax Poker - Tournament "Expresso Nitro" buyIn: 1.86€ + 0.14€ level: 2 - HandId: #2696597888263258113-6-1675089212 - Holdem no limit (15/30) - 2023/01/30 14:33:32 UTC
Table: 'Expresso Nitro(627850622)#0' 3-max (real money) Seat #1 is the button
Seat 1: chuPakCaBraS (270)
Seat 2: nidepoulette (345)
Seat 3: _SKR (285)
*** ANTE/BLINDS ***
nidepoulette posts small blind 15
_SKR posts big blind 30
Dealt to _SKR [Qc Tc]
*** PRE-FLOP *** 
chuPakCaBraS calls 30
nidepoulette calls 15
_SKR raises 255 to 285 and is all-in
chuPakCaBraS folds
nidepoulette folds
_SKR collected 345 from pot
*** SUMMARY ***
Total pot 345 | No rake
Seat 3: _SKR (big blind) won 345


Winamax Poker - Tournament "Expresso Nitro" buyIn: 1.86€ + 0.14€ level: 2 - HandId: #2696597888263258113-7-1675089223 - Holdem no limit (15/30) - 2023/01/30 14:33:43 UTC
Table: 'Expresso Nitro(627850622)#0' 3-max (real money) Seat #2 is the button
Seat 1: chuPakCaBraS (240)
Seat 2: nidepoulette (315)
Seat 3: _SKR (345)
*** ANTE/BLINDS ***
_SKR posts small blind 15
chuPakCaBraS posts big blind 30
Dealt to _SKR [Qh Kh]
*** PRE-FLOP *** 
nidepoulette calls 30
_SKR raises 315 to 345 and is all-in
chuPakCaBraS folds
nidepoulette folds
_SKR collected 405 from pot
*** SUMMARY ***
Total pot 405 | No rake
Seat 3: _SKR (small blind) won 405


Winamax Poker - Tournament "Expresso Nitro" buyIn: 1.86€ + 0.14€ level: 2 - HandId: #2696597888263258113-8-1675089234 - Holdem no limit (15/30) - 2023/01/30 14:33:54 UTC
Table: 'Expresso Nitro(627850622)#0' 3-max (real money) Seat #3 is the button
Seat 1: chuPakCaBraS (210)
Seat 2: nidepoulette (285)
Seat 3: _SKR (405)
*** ANTE/BLINDS ***
chuPakCaBraS posts small blind 15
nidepoulette posts big blind 30
Dealt to _SKR [Jc 2h]
*** PRE-FLOP *** 
_SKR folds
chuPakCaBraS raises 180 to 210 and is all-in
nidepoulette folds
chuPakCaBraS collected 240 from pot
*** SUMMARY ***
Total pot 240 | No rake
Seat 1: chuPakCaBraS (small blind) won 240


Winamax Poker - Tournament "Expresso Nitro" buyIn: 1.86€ + 0.14€ level: 2 - HandId: #2696597888263258113-9-1675089243 - Holdem no limit (15/30) - 2023/01/30 14:34:03 UTC
Table: 'Expresso Nitro(627850622)#0' 3-max (real money) Seat #1 is the button
Seat 1: chuPakCaBraS (240)
Seat 2: nidepoulette (255)
Seat 3: _SKR (405)
*** ANTE/BLINDS ***
nidepoulette posts small blind 15
_SKR posts big blind 30
Dealt to _SKR [5c 4h]
*** PRE-FLOP *** 
chuPakCaBraS folds
nidepoulette raises 225 to 255 and is all-in
_SKR folds
nidepoulette collected 285 from pot
*** SUMMARY ***
Total pot 285 | No rake
Seat 2: nidepoulette (small blind) won 285


Winamax Poker - Tournament "Expresso Nitro" buyIn: 1.86€ + 0.14€ level: 2 - HandId: #2696597888263258113-10-1675089250 - Holdem no limit (15/30) - 2023/01/30 14:34:10 UTC
Table: 'Expresso Nitro(627850622)#0' 3-max (real money) Seat #2 is the button
Seat 1: chuPakCaBraS (240)
Seat 2: nidepoulette (285)
Seat 3: _SKR (375)
*** ANTE/BLINDS ***
_SKR posts small blind 15
chuPakCaBraS posts big blind 30
Dealt to _SKR [4c 7h]
*** PRE-FLOP *** 
nidepoulette raises 255 to 285 and is all-in
_SKR folds
chuPakCaBraS folds
nidepoulette collected 330 from pot
*** SUMMARY ***
Total pot 330 | No rake
Seat 2: nidepoulette (button) won 330


Winamax Poker - Tournament "Expresso Nitro" buyIn: 1.86€ + 0.14€ level: 2 - HandId: #2696597888263258113-11-1675089258 - Holdem no limit (15/30) - 2023/01/30 14:34:18 UTC
Table: 'Expresso Nitro(627850622)#0' 3-max (real money) Seat #3 is the button
Seat 1: chuPakCaBraS (210)
Seat 2: nidepoulette (330)
Seat 3: _SKR (360)
*** ANTE/BLINDS ***
chuPakCaBraS posts small blind 15
nidepoulette posts big blind 30
Dealt to _SKR [5d Ad]
*** PRE-FLOP *** 
_SKR raises 330 to 360 and is all-in
chuPakCaBraS folds
nidepoulette folds
_SKR collected 405 from pot
*** SUMMARY ***
Total pot 405 | No rake
Seat 3: _SKR (button) won 405


Winamax Poker - Tournament "Expresso Nitro" buyIn: 1.86€ + 0.14€ level: 3 - HandId: #2696597888263258113-12-1675089265 - Holdem no limit (20/40) - 2023/01/30 14:34:25 UTC
Table: 'Expresso Nitro(627850622)#0' 3-max (real money) Seat #1 is the button
Seat 1: chuPakCaBraS (195)
Seat 2: nidepoulette (300)
Seat 3: _SKR (405)
*** ANTE/BLINDS ***
nidepoulette posts small blind 20
_SKR posts big blind 40
Dealt to _SKR [8d Ad]
*** PRE-FLOP *** 
chuPakCaBraS folds
nidepoulette calls 20
_SKR raises 365 to 405 and is all-in
nidepoulette folds
_SKR collected 445 from pot
*** SUMMARY ***
Total pot 445 | No rake
Seat 3: _SKR (big blind) won 445


Winamax Poker - Tournament "Expresso Nitro" buyIn: 1.86€ + 0.14€ level: 3 - HandId: #2696597888263258113-13-1675089275 - Holdem no limit (20/40) - 2023/01/30 14:34:35 UTC
Table: 'Expresso Nitro(627850622)#0' 3-max (real money) Seat #2 is the button
Seat 1: chuPakCaBraS (195)
Seat 2: nidepoulette (260)
Seat 3: _SKR (445)
*** ANTE/BLINDS ***
_SKR posts small blind 20
chuPakCaBraS posts big blind 40
Dealt to _SKR [4s Td]
*** PRE-FLOP *** 
nidepoulette folds
_SKR folds
chuPakCaBraS collected 60 from pot
*** SUMMARY ***
Total pot 60 | No rake
Seat 1: chuPakCaBraS (big blind) won 60


Winamax Poker - Tournament "Expresso Nitro" buyIn: 1.86€ + 0.14€ level: 3 - HandId: #2696597888263258113-14-1675089283 - Holdem no limit (20/40) - 2023/01/30 14:34:43 UTC
Table: 'Expresso Nitro(627850622)#0' 3-max (real money) Seat #3 is the button
Seat 1: chuPakCaBraS (215)
Seat 2: nidepoulette (260)
Seat 3: _SKR (425)
*** ANTE/BLINDS ***
chuPakCaBraS posts small blind 20
nidepoulette posts big blind 40
Dealt to _SKR [2d 4c]
*** PRE-FLOP *** 
_SKR folds
chuPakCaBraS folds
nidepoulette collected 60 from pot
*** SUMMARY ***
Total pot 60 | No rake
Seat 2: nidepoulette (big blind) won 60


Winamax Poker - Tournament "Expresso Nitro" buyIn: 1.86€ + 0.14€ level: 3 - HandId: #2696597888263258113-15-1675089288 - Holdem no limit (20/40) - 2023/01/30 14:34:48 UTC
Table: 'Expresso Nitro(627850622)#0' 3-max (real money) Seat #1 is the button
Seat 1: chuPakCaBraS (195)
Seat 2: nidepoulette (280)
Seat 3: _SKR (425)
*** ANTE/BLINDS ***
nidepoulette posts small blind 20
_SKR posts big blind 40
Dealt to _SKR [7h 3d]
*** PRE-FLOP *** 
chuPakCaBraS folds
nidepoulette raises 240 to 280 and is all-in
_SKR folds
nidepoulette collected 320 from pot
*** SUMMARY ***
Total pot 320 | No rake
Seat 2: nidepoulette (small blind) won 320


Winamax Poker - Tournament "Expresso Nitro" buyIn: 1.86€ + 0.14€ level: 3 - HandId: #2696597888263258113-16-1675089301 - Holdem no limit (20/40) - 2023/01/30 14:35:01 UTC
Table: 'Expresso Nitro(627850622)#0' 3-max (real money) Seat #2 is the button
Seat 1: chuPakCaBraS (195)
Seat 2: nidepoulette (320)
Seat 3: _SKR (385)
*** ANTE/BLINDS ***
_SKR posts small blind 20
chuPakCaBraS posts big blind 40
Dealt to _SKR [4h Ts]
*** PRE-FLOP *** 
nidepoulette calls 40
_SKR folds
chuPakCaBraS checks
*** FLOP *** [3d 7h 7c]
chuPakCaBraS checks
nidepoulette bets 280 and is all-in
chuPakCaBraS folds
nidepoulette collected 380 from pot
*** SUMMARY ***
Total pot 380 | No rake
Board: [3d 7h 7c]
Seat 2: nidepoulette (button) won 380


Winamax Poker - Tournament "Expresso Nitro" buyIn: 1.86€ + 0.14€ level: 3 - HandId: #2696597888263258113-17-1675089315 - Holdem no limit (20/40) - 2023/01/30 14:35:15 UTC
Table: 'Expresso Nitro(627850622)#0' 3-max (real money) Seat #3 is the button
Seat 1: chuPakCaBraS (155)
Seat 2: nidepoulette (380)
Seat 3: _SKR (365)
*** ANTE/BLINDS ***
chuPakCaBraS posts small blind 20
nidepoulette posts big blind 40
Dealt to _SKR [7h Ad]
*** PRE-FLOP *** 
_SKR raises 325 to 365 and is all-in
chuPakCaBraS folds
nidepoulette folds
_SKR collected 425 from pot
*** SUMMARY ***
Total pot 425 | No rake
Seat 3: _SKR (button) won 425


Winamax Poker - Tournament "Expresso Nitro" buyIn: 1.86€ + 0.14€ level: 4 - HandId: #2696597888263258113-18-1675089324 - Holdem no limit (30/60) - 2023/01/30 14:35:24 UTC
Table: 'Expresso Nitro(627850622)#0' 3-max (real money) Seat #1 is the button
Seat 1: chuPakCaBraS (135)
Seat 2: nidepoulette (340)
Seat 3: _SKR (425)
*** ANTE/BLINDS ***
nidepoulette posts small blind 30
_SKR posts big blind 60
Dealt to _SKR [Ks Kc]
*** PRE-FLOP *** 
chuPakCaBraS raises 75 to 135 and is all-in
nidepoulette folds
_SKR calls 75
*** FLOP *** [Td 5c 6h]
*** TURN *** [Td 5c 6h][Ts]
*** RIVER *** [Td 5c 6h Ts][Kd]
*** SHOW DOWN ***
chuPakCaBraS shows [Ac 9s] (One pair : Tens)
_SKR shows [Ks Kc] (Full of Kings and Tens)
_SKR collected 300 from pot
*** SUMMARY ***
Total pot 300 | No rake
Board: [Td 5c 6h Ts Kd]
Seat 1: chuPakCaBraS (button) showed [Ac 9s] and lost with One pair : Tens
Seat 3: _SKR (big blind) showed [Ks Kc] and won 300 with Full of Kings and Tens


Winamax Poker - Tournament "Expresso Nitro" buyIn: 1.86€ + 0.14€ level: 4 - HandId: #2696597888263258113-19-1675089338 - Holdem no limit (30/60) - 2023/01/30 14:35:38 UTC
Table: 'Expresso Nitro(627850622)#0' 3-max (real money) Seat #3 is the button
Seat 2: nidepoulette (310)
Seat 3: _SKR (590)
*** ANTE/BLINDS ***
_SKR posts small blind 30
nidepoulette posts big blind 60
Dealt to _SKR [Th 4d]
*** PRE-FLOP *** 
_SKR folds
nidepoulette collected 90 from pot
*** SUMMARY ***
Total pot 90 | No rake
Seat 2: nidepoulette (big blind) won 90


Winamax Poker - Tournament "Expresso Nitro" buyIn: 1.86€ + 0.14€ level: 4 - HandId: #2696597888263258113-20-1675089344 - Holdem no limit (30/60) - 2023/01/30 14:35:44 UTC
Table: 'Expresso Nitro(627850622)#0' 3-max (real money) Seat #2 is the button
Seat 2: nidepoulette (340)
Seat 3: _SKR (560)
*** ANTE/BLINDS ***
nidepoulette posts small blind 30
_SKR posts big blind 60
Dealt to _SKR [4d 2d]
*** PRE-FLOP *** 
nidepoulette raises 280 to 340 and is all-in
_SKR folds
nidepoulette collected 400 from pot
*** SUMMARY ***
Total pot 400 | No rake
Seat 2: nidepoulette (small blind) (button) won 400


Winamax Poker - Tournament "Expresso Nitro" buyIn: 1.86€ + 0.14€ level: 4 - HandId: #2696597888263258113-21-1675089349 - Holdem no limit (30/60) - 2023/01/30 14:35:49 UTC
Table: 'Expresso Nitro(627850622)#0' 3-max (real money) Seat #3 is the button
Seat 2: nidepoulette (400)
Seat 3: _SKR (500)
*** ANTE/BLINDS ***
_SKR posts small blind 30
nidepoulette posts big blind 60
Dealt to _SKR [5d 2c]
*** PRE-FLOP *** 
_SKR folds
nidepoulette collected 90 from pot
*** SUMMARY ***
Total pot 90 | No rake
Seat 2: nidepoulette (big blind) won 90


Winamax Poker - Tournament "Expresso Nitro" buyIn: 1.86€ + 0.14€ level: 4 - HandId: #2696597888263258113-22-1675089359 - Holdem no limit (30/60) - 2023/01/30 14:35:59 UTC
Table: 'Expresso Nitro(627850622)#0' 3-max (real money) Seat #2 is the button
Seat 2: nidepoulette (430)
Seat 3: _SKR (470)
*** ANTE/BLINDS ***
nidepoulette posts small blind 30
_SKR posts big blind 60
Dealt to _SKR [9d Jd]
*** PRE-FLOP *** 
nidepoulette calls 30
_SKR raises 410 to 470 and is all-in
nidepoulette calls 370 and is all-in
*** FLOP *** [5d 7c Ts]
*** TURN *** [5d 7c Ts][4h]
*** RIVER *** [5d 7c Ts 4h][3d]
*** SHOW DOWN ***
nidepoulette shows [Ks 4d] (One pair : 4)
_SKR shows [9d Jd] (High card : Jack)
_SKR collected 40 from side pot 1
nidepoulette collected 860 from main pot
*** SUMMARY ***
Total pot 900 | No rake
Board: [5d 7c Ts 4h 3d]
Seat 2: nidepoulette (small blind) (button) showed [Ks 4d] and won 860 with One pair : 4
Seat 3: _SKR (big blind) showed [9d Jd] and won 40 with High card : Jack


Winamax Poker - Tournament "Expresso Nitro" buyIn: 1.86€ + 0.14€ level: 4 - HandId: #2696597888263258113-23-1675089374 - Holdem no limit (30/60) - 2023/01/30 14:36:14 UTC
Table: 'Expresso Nitro(627850622)#0' 3-max (real money) Seat #3 is the button
Seat 2: nidepoulette (860)
Seat 3: _SKR (40)
*** ANTE/BLINDS ***
_SKR posts small blind 30
nidepoulette posts big blind 60
Dealt to _SKR [5d Qc]
*** PRE-FLOP *** 
_SKR calls 10 and is all-in
*** FLOP *** [Ks Jd 6s]
*** TURN *** [Ks Jd 6s][4h]
*** RIVER *** [Ks Jd 6s 4h][Kd]
*** SHOW DOWN ***
_SKR shows [5d Qc] (One pair : Kings)
nidepoulette shows [Kc 8c] (Trips of Kings)
nidepoulette collected 100 from pot
*** SUMMARY ***
Total pot 100 | No rake
Board: [Ks Jd 6s 4h Kd]
Seat 2: nidepoulette (big blind) showed [Kc 8c] and won 100 with Trips of Kings
Seat 3: _SKR (small blind) (button) showed [5d Qc] and lost with One pair : Kings


