Winamax Poker - Tournament "Expresso Nitro" buyIn: 1.86€ + 0.14€ level: 1 - HandId: #2683155100188278785-1-1674236997 - Holdem no limit (10/20) - 2023/01/20 17:49:57 UTC
Table: 'Expresso Nitro(624720729)#0' 3-max (real money) Seat #3 is the button
Seat 1: NoNAAAAme092 (300)
Seat 2: _SKR (300)
Seat 3: Toumouelik13 (300)
*** ANTE/BLINDS ***
NoNAAAAme092 posts small blind 10
_SKR posts big blind 20
Dealt to _SKR [4d 5s]
*** PRE-FLOP *** 
Toumouelik13 calls 20
NoNAAAAme092 folds
_SKR checks
*** FLOP *** [Qh 8h Qd]
_SKR checks
Toumouelik13 checks
*** TURN *** [Qh 8h Qd][6d]
_SKR bets 33
Toumouelik13 folds
_SKR collected 83 from pot
*** SUMMARY ***
Total pot 83 | No rake
Board: [Qh 8h Qd 6d]
Seat 2: _SKR (big blind) won 83


Winamax Poker - Tournament "Expresso Nitro" buyIn: 1.86€ + 0.14€ level: 1 - HandId: #2683155100188278785-2-1674237017 - Holdem no limit (10/20) - 2023/01/20 17:50:17 UTC
Table: 'Expresso Nitro(624720729)#0' 3-max (real money) Seat #1 is the button
Seat 1: NoNAAAAme092 (290)
Seat 2: _SKR (330)
Seat 3: Toumouelik13 (280)
*** ANTE/BLINDS ***
_SKR posts small blind 10
Toumouelik13 posts big blind 20
Dealt to _SKR [Td 2h]
*** PRE-FLOP *** 
NoNAAAAme092 raises 20 to 40
_SKR folds
Toumouelik13 folds
NoNAAAAme092 collected 70 from pot
*** SUMMARY ***
Total pot 70 | No rake
Seat 1: NoNAAAAme092 (button) won 70


Winamax Poker - Tournament "Expresso Nitro" buyIn: 1.86€ + 0.14€ level: 1 - HandId: #2683155100188278785-3-1674237024 - Holdem no limit (10/20) - 2023/01/20 17:50:24 UTC
Table: 'Expresso Nitro(624720729)#0' 3-max (real money) Seat #2 is the button
Seat 1: NoNAAAAme092 (320)
Seat 2: _SKR (320)
Seat 3: Toumouelik13 (260)
*** ANTE/BLINDS ***
Toumouelik13 posts small blind 10
NoNAAAAme092 posts big blind 20
Dealt to _SKR [Jh 2c]
*** PRE-FLOP *** 
_SKR folds
Toumouelik13 calls 10
NoNAAAAme092 checks
*** FLOP *** [2d 6h 4d]
Toumouelik13 checks
NoNAAAAme092 bets 20
Toumouelik13 calls 20
*** TURN *** [2d 6h 4d][8s]
Toumouelik13 checks
NoNAAAAme092 bets 20
Toumouelik13 calls 20
*** RIVER *** [2d 6h 4d 8s][8c]
Toumouelik13 checks
NoNAAAAme092 bets 20
Toumouelik13 folds
NoNAAAAme092 collected 140 from pot
*** SUMMARY ***
Total pot 140 | No rake
Board: [2d 6h 4d 8s 8c]
Seat 1: NoNAAAAme092 (big blind) won 140


Winamax Poker - Tournament "Expresso Nitro" buyIn: 1.86€ + 0.14€ level: 1 - HandId: #2683155100188278785-4-1674237052 - Holdem no limit (10/20) - 2023/01/20 17:50:52 UTC
Table: 'Expresso Nitro(624720729)#0' 3-max (real money) Seat #3 is the button
Seat 1: NoNAAAAme092 (380)
Seat 2: _SKR (320)
Seat 3: Toumouelik13 (200)
*** ANTE/BLINDS ***
NoNAAAAme092 posts small blind 10
_SKR posts big blind 20
Dealt to _SKR [4s 6c]
*** PRE-FLOP *** 
Toumouelik13 calls 20
NoNAAAAme092 calls 10
_SKR checks
*** FLOP *** [4h Jh Qh]
NoNAAAAme092 checks
_SKR checks
Toumouelik13 checks
*** TURN *** [4h Jh Qh][3s]
NoNAAAAme092 bets 20
_SKR folds
Toumouelik13 folds
NoNAAAAme092 collected 80 from pot
*** SUMMARY ***
Total pot 80 | No rake
Board: [4h Jh Qh 3s]
Seat 1: NoNAAAAme092 (small blind) won 80


Winamax Poker - Tournament "Expresso Nitro" buyIn: 1.86€ + 0.14€ level: 2 - HandId: #2683155100188278785-5-1674237068 - Holdem no limit (15/30) - 2023/01/20 17:51:08 UTC
Table: 'Expresso Nitro(624720729)#0' 3-max (real money) Seat #1 is the button
Seat 1: NoNAAAAme092 (420)
Seat 2: _SKR (300)
Seat 3: Toumouelik13 (180)
*** ANTE/BLINDS ***
_SKR posts small blind 15
Toumouelik13 posts big blind 30
Dealt to _SKR [Kd 7s]
*** PRE-FLOP *** 
NoNAAAAme092 folds
_SKR raises 270 to 300 and is all-in
Toumouelik13 calls 150 and is all-in
*** FLOP *** [8d 6h Qc]
*** TURN *** [8d 6h Qc][Kc]
*** RIVER *** [8d 6h Qc Kc][4d]
*** SHOW DOWN ***
_SKR shows [Kd 7s] (One pair : Kings)
Toumouelik13 shows [4c 4h] (Trips of 4)
Toumouelik13 collected 360 from main pot
_SKR collected 120 from side pot 1
*** SUMMARY ***
Total pot 480 | No rake
Board: [8d 6h Qc Kc 4d]
Seat 2: _SKR (small blind) showed [Kd 7s] and won 120 with One pair : Kings
Seat 3: Toumouelik13 (big blind) showed [4c 4h] and won 360 with Trips of 4


Winamax Poker - Tournament "Expresso Nitro" buyIn: 1.86€ + 0.14€ level: 2 - HandId: #2683155100188278785-6-1674237081 - Holdem no limit (15/30) - 2023/01/20 17:51:21 UTC
Table: 'Expresso Nitro(624720729)#0' 3-max (real money) Seat #2 is the button
Seat 1: NoNAAAAme092 (420)
Seat 2: _SKR (120)
Seat 3: Toumouelik13 (360)
*** ANTE/BLINDS ***
Toumouelik13 posts small blind 15
NoNAAAAme092 posts big blind 30
Dealt to _SKR [As Kc]
*** PRE-FLOP *** 
_SKR raises 90 to 120 and is all-in
Toumouelik13 folds
NoNAAAAme092 calls 90
*** FLOP *** [7c 6d Td]
*** TURN *** [7c 6d Td][Jh]
*** RIVER *** [7c 6d Td Jh][9h]
*** SHOW DOWN ***
_SKR shows [As Kc] (High card : Ace)
NoNAAAAme092 shows [Ts Ac] (One pair : Tens)
NoNAAAAme092 collected 255 from pot
*** SUMMARY ***
Total pot 255 | No rake
Board: [7c 6d Td Jh 9h]
Seat 1: NoNAAAAme092 (big blind) showed [Ts Ac] and won 255 with One pair : Tens
Seat 2: _SKR (button) showed [As Kc] and lost with High card : Ace


