Winamax Poker - Tournament "Expresso Nitro" buyIn: 0.93€ + 0.07€ level: 1 - HandId: #2689737360907698177-1-1674648853 - Holdem no limit (10/20) - 2023/01/25 12:14:13 UTC
Table: 'Expresso Nitro(626253281)#0' 3-max (real money) Seat #1 is the button
Seat 1: _SKR (300)
Seat 2: 16serrano11 (300)
Seat 3: 66-GIG-66 (300)
*** ANTE/BLINDS ***
16serrano11 posts small blind 10
66-GIG-66 posts big blind 20
Dealt to _SKR [9d 2d]
*** PRE-FLOP *** 
_SKR folds
16serrano11 folds
66-GIG-66 collected 30 from pot
*** SUMMARY ***
Total pot 30 | No rake
Seat 3: 66-GIG-66 (big blind) won 30


Winamax Poker - Tournament "Expresso Nitro" buyIn: 0.93€ + 0.07€ level: 1 - HandId: #2689737360907698177-2-1674648863 - Holdem no limit (10/20) - 2023/01/25 12:14:23 UTC
Table: 'Expresso Nitro(626253281)#0' 3-max (real money) Seat #2 is the button
Seat 1: _SKR (300)
Seat 2: 16serrano11 (290)
Seat 3: 66-GIG-66 (310)
*** ANTE/BLINDS ***
66-GIG-66 posts small blind 10
_SKR posts big blind 20
Dealt to _SKR [Ad 6s]
*** PRE-FLOP *** 
16serrano11 folds
66-GIG-66 folds
_SKR collected 30 from pot
*** SUMMARY ***
Total pot 30 | No rake
Seat 1: _SKR (big blind) won 30


Winamax Poker - Tournament "Expresso Nitro" buyIn: 0.93€ + 0.07€ level: 1 - HandId: #2689737360907698177-3-1674648868 - Holdem no limit (10/20) - 2023/01/25 12:14:28 UTC
Table: 'Expresso Nitro(626253281)#0' 3-max (real money) Seat #3 is the button
Seat 1: _SKR (310)
Seat 2: 16serrano11 (290)
Seat 3: 66-GIG-66 (300)
*** ANTE/BLINDS ***
_SKR posts small blind 10
16serrano11 posts big blind 20
Dealt to _SKR [Tc 4d]
*** PRE-FLOP *** 
66-GIG-66 folds
_SKR folds
16serrano11 collected 30 from pot
*** SUMMARY ***
Total pot 30 | No rake
Seat 2: 16serrano11 (big blind) won 30


Winamax Poker - Tournament "Expresso Nitro" buyIn: 0.93€ + 0.07€ level: 1 - HandId: #2689737360907698177-4-1674648872 - Holdem no limit (10/20) - 2023/01/25 12:14:32 UTC
Table: 'Expresso Nitro(626253281)#0' 3-max (real money) Seat #1 is the button
Seat 1: _SKR (300)
Seat 2: 16serrano11 (300)
Seat 3: 66-GIG-66 (300)
*** ANTE/BLINDS ***
16serrano11 posts small blind 10
66-GIG-66 posts big blind 20
Dealt to _SKR [7h 8s]
*** PRE-FLOP *** 
_SKR folds
16serrano11 folds
66-GIG-66 collected 30 from pot
*** SUMMARY ***
Total pot 30 | No rake
Seat 3: 66-GIG-66 (big blind) won 30


Winamax Poker - Tournament "Expresso Nitro" buyIn: 0.93€ + 0.07€ level: 1 - HandId: #2689737360907698177-5-1674648877 - Holdem no limit (10/20) - 2023/01/25 12:14:37 UTC
Table: 'Expresso Nitro(626253281)#0' 3-max (real money) Seat #2 is the button
Seat 1: _SKR (300)
Seat 2: 16serrano11 (290)
Seat 3: 66-GIG-66 (310)
*** ANTE/BLINDS ***
66-GIG-66 posts small blind 10
_SKR posts big blind 20
Dealt to _SKR [Ad 4s]
*** PRE-FLOP *** 
16serrano11 folds
66-GIG-66 raises 20 to 40
_SKR raises 260 to 300 and is all-in
66-GIG-66 folds
_SKR collected 340 from pot
*** SUMMARY ***
Total pot 340 | No rake
Seat 1: _SKR (big blind) won 340


Winamax Poker - Tournament "Expresso Nitro" buyIn: 0.93€ + 0.07€ level: 1 - HandId: #2689737360907698177-6-1674648896 - Holdem no limit (10/20) - 2023/01/25 12:14:56 UTC
Table: 'Expresso Nitro(626253281)#0' 3-max (real money) Seat #3 is the button
Seat 1: _SKR (340)
Seat 2: 16serrano11 (290)
Seat 3: 66-GIG-66 (270)
*** ANTE/BLINDS ***
_SKR posts small blind 10
16serrano11 posts big blind 20
Dealt to _SKR [9c 5h]
*** PRE-FLOP *** 
66-GIG-66 raises 20 to 40
_SKR folds
16serrano11 calls 20
*** FLOP *** [5c 7c Kd]
16serrano11 checks
66-GIG-66 bets 59
16serrano11 folds
66-GIG-66 collected 149 from pot
*** SUMMARY ***
Total pot 149 | No rake
Board: [5c 7c Kd]
Seat 3: 66-GIG-66 (button) won 149


Winamax Poker - Tournament "Expresso Nitro" buyIn: 0.93€ + 0.07€ level: 2 - HandId: #2689737360907698177-7-1674648910 - Holdem no limit (15/30) - 2023/01/25 12:15:10 UTC
Table: 'Expresso Nitro(626253281)#0' 3-max (real money) Seat #1 is the button
Seat 1: _SKR (330)
Seat 2: 16serrano11 (250)
Seat 3: 66-GIG-66 (320)
*** ANTE/BLINDS ***
16serrano11 posts small blind 15
66-GIG-66 posts big blind 30
Dealt to _SKR [Ah 3s]
*** PRE-FLOP *** 
_SKR raises 300 to 330 and is all-in
16serrano11 folds
66-GIG-66 folds
_SKR collected 375 from pot
*** SUMMARY ***
Total pot 375 | No rake
Seat 1: _SKR (button) won 375


Winamax Poker - Tournament "Expresso Nitro" buyIn: 0.93€ + 0.07€ level: 2 - HandId: #2689737360907698177-8-1674648918 - Holdem no limit (15/30) - 2023/01/25 12:15:18 UTC
Table: 'Expresso Nitro(626253281)#0' 3-max (real money) Seat #2 is the button
Seat 1: _SKR (375)
Seat 2: 16serrano11 (235)
Seat 3: 66-GIG-66 (290)
*** ANTE/BLINDS ***
66-GIG-66 posts small blind 15
_SKR posts big blind 30
Dealt to _SKR [Js Tc]
*** PRE-FLOP *** 
16serrano11 folds
66-GIG-66 raises 30 to 60
_SKR calls 30
*** FLOP *** [5c 3s Kh]
66-GIG-66 checks
_SKR checks
*** TURN *** [5c 3s Kh][Ac]
66-GIG-66 checks
_SKR checks
*** RIVER *** [5c 3s Kh Ac][3h]
66-GIG-66 bets 120
_SKR folds
66-GIG-66 collected 240 from pot
*** SUMMARY ***
Total pot 240 | No rake
Board: [5c 3s Kh Ac 3h]
Seat 3: 66-GIG-66 (small blind) won 240


Winamax Poker - Tournament "Expresso Nitro" buyIn: 0.93€ + 0.07€ level: 2 - HandId: #2689737360907698177-9-1674648937 - Holdem no limit (15/30) - 2023/01/25 12:15:37 UTC
Table: 'Expresso Nitro(626253281)#0' 3-max (real money) Seat #3 is the button
Seat 1: _SKR (315)
Seat 2: 16serrano11 (235)
Seat 3: 66-GIG-66 (350)
*** ANTE/BLINDS ***
_SKR posts small blind 15
16serrano11 posts big blind 30
Dealt to _SKR [9s 8c]
*** PRE-FLOP *** 
66-GIG-66 folds
_SKR folds
16serrano11 collected 45 from pot
*** SUMMARY ***
Total pot 45 | No rake
Seat 2: 16serrano11 (big blind) won 45


Winamax Poker - Tournament "Expresso Nitro" buyIn: 0.93€ + 0.07€ level: 2 - HandId: #2689737360907698177-10-1674648945 - Holdem no limit (15/30) - 2023/01/25 12:15:45 UTC
Table: 'Expresso Nitro(626253281)#0' 3-max (real money) Seat #1 is the button
Seat 1: _SKR (300)
Seat 2: 16serrano11 (250)
Seat 3: 66-GIG-66 (350)
*** ANTE/BLINDS ***
16serrano11 posts small blind 15
66-GIG-66 posts big blind 30
Dealt to _SKR [4c 4d]
*** PRE-FLOP *** 
_SKR raises 270 to 300 and is all-in
16serrano11 folds
66-GIG-66 raises 50 to 350 and is all-in
*** FLOP *** [Ad 5c Kh]
*** TURN *** [Ad 5c Kh][7d]
*** RIVER *** [Ad 5c Kh 7d][Jh]
*** SHOW DOWN ***
_SKR shows [4c 4d] (One pair : 4)
66-GIG-66 shows [Td Th] (One pair : Tens)
66-GIG-66 collected 665 from pot
*** SUMMARY ***
Total pot 665 | No rake
Board: [Ad 5c Kh 7d Jh]
Seat 1: _SKR (button) showed [4c 4d] and lost with One pair : 4
Seat 3: 66-GIG-66 (big blind) showed [Td Th] and won 665 with One pair : Tens


