Winamax Poker - Tournament "Expresso Nitro" buyIn: 1.86€ + 0.14€ level: 1 - HandId: #2698085338517078017-1-1675179857 - Holdem no limit (10/20) - 2023/01/31 15:44:17 UTC
Table: 'Expresso Nitro(628196946)#0' 3-max (real money) Seat #3 is the button
Seat 1: fred21200 (300)
Seat 2: Imer90 (300)
Seat 3: _SKR (300)
*** ANTE/BLINDS ***
fred21200 posts small blind 10
Imer90 posts big blind 20
Dealt to _SKR [2d Ad]
*** PRE-FLOP *** 
_SKR raises 280 to 300 and is all-in
fred21200 folds
Imer90 folds
_SKR collected 330 from pot
*** SUMMARY ***
Total pot 330 | No rake
Seat 3: _SKR (button) won 330


Winamax Poker - Tournament "Expresso Nitro" buyIn: 1.86€ + 0.14€ level: 1 - HandId: #2698085338517078017-2-1675179863 - Holdem no limit (10/20) - 2023/01/31 15:44:23 UTC
Table: 'Expresso Nitro(628196946)#0' 3-max (real money) Seat #1 is the button
Seat 1: fred21200 (290)
Seat 2: Imer90 (280)
Seat 3: _SKR (330)
*** ANTE/BLINDS ***
Imer90 posts small blind 10
_SKR posts big blind 20
Dealt to _SKR [9d Th]
*** PRE-FLOP *** 
fred21200 calls 20
Imer90 folds
_SKR checks
*** FLOP *** [Td 7d 8h]
_SKR checks
fred21200 checks
*** TURN *** [Td 7d 8h][7h]
_SKR bets 33
fred21200 calls 33
*** RIVER *** [Td 7d 8h 7h][7c]
_SKR bets 93
fred21200 folds
_SKR collected 209 from pot
*** SUMMARY ***
Total pot 209 | No rake
Board: [Td 7d 8h 7h 7c]
Seat 3: _SKR (big blind) won 209


Winamax Poker - Tournament "Expresso Nitro" buyIn: 1.86€ + 0.14€ level: 1 - HandId: #2698085338517078017-3-1675179879 - Holdem no limit (10/20) - 2023/01/31 15:44:39 UTC
Table: 'Expresso Nitro(628196946)#0' 3-max (real money) Seat #2 is the button
Seat 1: fred21200 (237)
Seat 2: Imer90 (270)
Seat 3: _SKR (393)
*** ANTE/BLINDS ***
_SKR posts small blind 10
fred21200 posts big blind 20
Dealt to _SKR [9s Ac]
*** PRE-FLOP *** 
Imer90 raises 40 to 60
_SKR raises 333 to 393 and is all-in
fred21200 folds
Imer90 folds
_SKR collected 473 from pot
*** SUMMARY ***
Total pot 473 | No rake
Seat 3: _SKR (small blind) won 473


Winamax Poker - Tournament "Expresso Nitro" buyIn: 1.86€ + 0.14€ level: 1 - HandId: #2698085338517078017-4-1675179888 - Holdem no limit (10/20) - 2023/01/31 15:44:48 UTC
Table: 'Expresso Nitro(628196946)#0' 3-max (real money) Seat #3 is the button
Seat 1: fred21200 (217)
Seat 2: Imer90 (210)
Seat 3: _SKR (473)
*** ANTE/BLINDS ***
fred21200 posts small blind 10
Imer90 posts big blind 20
Dealt to _SKR [9c 7c]
*** PRE-FLOP *** 
_SKR folds
fred21200 raises 197 to 217 and is all-in
Imer90 calls 190 and is all-in
*** FLOP *** [3d Ac 5h]
*** TURN *** [3d Ac 5h][Td]
*** RIVER *** [3d Ac 5h Td][4d]
*** SHOW DOWN ***
Imer90 shows [6c 6h] (One pair : 6)
fred21200 shows [2c Ad] (Straight 5 high)
fred21200 collected 427 from pot
*** SUMMARY ***
Total pot 427 | No rake
Board: [3d Ac 5h Td 4d]
Seat 1: fred21200 (small blind) showed [2c Ad] and won 427 with Straight 5 high
Seat 2: Imer90 (big blind) showed [6c 6h] and lost with One pair : 6


Winamax Poker - Tournament "Expresso Nitro" buyIn: 1.86€ + 0.14€ level: 1 - HandId: #2698085338517078017-5-1675179904 - Holdem no limit (10/20) - 2023/01/31 15:45:04 UTC
Table: 'Expresso Nitro(628196946)#0' 3-max (real money) Seat #3 is the button
Seat 1: fred21200 (427)
Seat 3: _SKR (473)
*** ANTE/BLINDS ***
_SKR posts small blind 10
fred21200 posts big blind 20
Dealt to _SKR [7h 2h]
*** PRE-FLOP *** 
_SKR folds
fred21200 collected 30 from pot
*** SUMMARY ***
Total pot 30 | No rake
Seat 1: fred21200 (big blind) won 30


Winamax Poker - Tournament "Expresso Nitro" buyIn: 1.86€ + 0.14€ level: 2 - HandId: #2698085338517078017-6-1675179916 - Holdem no limit (15/30) - 2023/01/31 15:45:16 UTC
Table: 'Expresso Nitro(628196946)#0' 3-max (real money) Seat #1 is the button
Seat 1: fred21200 (437)
Seat 3: _SKR (463)
*** ANTE/BLINDS ***
fred21200 posts small blind 15
_SKR posts big blind 30
Dealt to _SKR [4c Qh]
*** PRE-FLOP *** 
fred21200 folds
_SKR collected 45 from pot
*** SUMMARY ***
Total pot 45 | No rake
Seat 3: _SKR (big blind) won 45


Winamax Poker - Tournament "Expresso Nitro" buyIn: 1.86€ + 0.14€ level: 2 - HandId: #2698085338517078017-7-1675179919 - Holdem no limit (15/30) - 2023/01/31 15:45:19 UTC
Table: 'Expresso Nitro(628196946)#0' 3-max (real money) Seat #3 is the button
Seat 1: fred21200 (422)
Seat 3: _SKR (478)
*** ANTE/BLINDS ***
_SKR posts small blind 15
fred21200 posts big blind 30
Dealt to _SKR [9s 2d]
*** PRE-FLOP *** 
_SKR folds
fred21200 collected 45 from pot
*** SUMMARY ***
Total pot 45 | No rake
Seat 1: fred21200 (big blind) won 45


Winamax Poker - Tournament "Expresso Nitro" buyIn: 1.86€ + 0.14€ level: 2 - HandId: #2698085338517078017-8-1675179924 - Holdem no limit (15/30) - 2023/01/31 15:45:24 UTC
Table: 'Expresso Nitro(628196946)#0' 3-max (real money) Seat #1 is the button
Seat 1: fred21200 (437)
Seat 3: _SKR (463)
*** ANTE/BLINDS ***
fred21200 posts small blind 15
_SKR posts big blind 30
Dealt to _SKR [3s Ah]
*** PRE-FLOP *** 
fred21200 raises 60 to 90
_SKR calls 60
*** FLOP *** [3d 8c Ts]
_SKR checks
fred21200 bets 180
_SKR raises 193 to 373 and is all-in
fred21200 calls 167 and is all-in
*** TURN *** [3d 8c Ts][Js]
*** RIVER *** [3d 8c Ts Js][9d]
*** SHOW DOWN ***
fred21200 shows [Td Kh] (One pair : Tens)
_SKR shows [3s Ah] (One pair : 3)
_SKR collected 26 from side pot 1
fred21200 collected 874 from main pot
*** SUMMARY ***
Total pot 900 | No rake
Board: [3d 8c Ts Js 9d]
Seat 1: fred21200 (small blind) (button) showed [Td Kh] and won 874 with One pair : Tens
Seat 3: _SKR (big blind) showed [3s Ah] and won 26 with One pair : 3


Winamax Poker - Tournament "Expresso Nitro" buyIn: 1.86€ + 0.14€ level: 2 - HandId: #2698085338517078017-9-1675179942 - Holdem no limit (15/30) - 2023/01/31 15:45:42 UTC
Table: 'Expresso Nitro(628196946)#0' 3-max (real money) Seat #3 is the button
Seat 1: fred21200 (874)
Seat 3: _SKR (26)
*** ANTE/BLINDS ***
_SKR posts small blind 15
fred21200 posts big blind 30
Dealt to _SKR [Jc 7s]
*** PRE-FLOP *** 
_SKR calls 11 and is all-in
*** FLOP *** [2s 8c Tc]
*** TURN *** [2s 8c Tc][2c]
*** RIVER *** [2s 8c Tc 2c][Qc]
*** SHOW DOWN ***
fred21200 shows [7c Jh] (Flush Queen high)
_SKR shows [Jc 7s] (Flush Queen high)
_SKR collected 52 from main pot
fred21200 collected 4 from side pot 1
*** SUMMARY ***
Total pot 56 | No rake
Board: [2s 8c Tc 2c Qc]
Seat 1: fred21200 (big blind) showed [7c Jh] and won 4 with Flush Queen high
Seat 3: _SKR (small blind) (button) showed [Jc 7s] and won 52 with Flush Queen high


Winamax Poker - Tournament "Expresso Nitro" buyIn: 1.86€ + 0.14€ level: 2 - HandId: #2698085338517078017-10-1675179952 - Holdem no limit (15/30) - 2023/01/31 15:45:52 UTC
Table: 'Expresso Nitro(628196946)#0' 3-max (real money) Seat #1 is the button
Seat 1: fred21200 (848)
Seat 3: _SKR (52)
*** ANTE/BLINDS ***
fred21200 posts small blind 15
_SKR posts big blind 30
Dealt to _SKR [9h Ac]
*** PRE-FLOP *** 
fred21200 calls 15
_SKR raises 22 to 52 and is all-in
fred21200 calls 22
*** FLOP *** [7c Ah As]
*** TURN *** [7c Ah As][7d]
*** RIVER *** [7c Ah As 7d][4c]
*** SHOW DOWN ***
fred21200 shows [Ts 9d] (Two pairs : Aces and 7)
_SKR shows [9h Ac] (Full of Aces and 7)
_SKR collected 104 from pot
*** SUMMARY ***
Total pot 104 | No rake
Board: [7c Ah As 7d 4c]
Seat 1: fred21200 (small blind) (button) showed [Ts 9d] and lost with Two pairs : Aces and 7
Seat 3: _SKR (big blind) showed [9h Ac] and won 104 with Full of Aces and 7


Winamax Poker - Tournament "Expresso Nitro" buyIn: 1.86€ + 0.14€ level: 2 - HandId: #2698085338517078017-11-1675179966 - Holdem no limit (15/30) - 2023/01/31 15:46:06 UTC
Table: 'Expresso Nitro(628196946)#0' 3-max (real money) Seat #3 is the button
Seat 1: fred21200 (796)
Seat 3: _SKR (104)
*** ANTE/BLINDS ***
_SKR posts small blind 15
fred21200 posts big blind 30
Dealt to _SKR [2h 4h]
*** PRE-FLOP *** 
_SKR raises 74 to 104 and is all-in
fred21200 folds
_SKR collected 134 from pot
*** SUMMARY ***
Total pot 134 | No rake
Seat 3: _SKR (small blind) (button) won 134


Winamax Poker - Tournament "Expresso Nitro" buyIn: 1.86€ + 0.14€ level: 2 - HandId: #2698085338517078017-12-1675179972 - Holdem no limit (15/30) - 2023/01/31 15:46:12 UTC
Table: 'Expresso Nitro(628196946)#0' 3-max (real money) Seat #1 is the button
Seat 1: fred21200 (766)
Seat 3: _SKR (134)
*** ANTE/BLINDS ***
fred21200 posts small blind 15
_SKR posts big blind 30
Dealt to _SKR [9s 6c]
*** PRE-FLOP *** 
fred21200 calls 15
_SKR checks
*** FLOP *** [8d 6d Ac]
_SKR checks
fred21200 bets 60
_SKR raises 44 to 104 and is all-in
fred21200 calls 44
*** TURN *** [8d 6d Ac][2c]
*** RIVER *** [8d 6d Ac 2c][4d]
*** SHOW DOWN ***
_SKR shows [9s 6c] (One pair : 6)
fred21200 shows [Jh 6h] (One pair : 6)
fred21200 collected 268 from pot
*** SUMMARY ***
Total pot 268 | No rake
Board: [8d 6d Ac 2c 4d]
Seat 1: fred21200 (small blind) (button) showed [Jh 6h] and won 268 with One pair : 6
Seat 3: _SKR (big blind) showed [9s 6c] and lost with One pair : 6


