Winamax Poker - Tournament "Expresso Nitro" buyIn: 0.93€ + 0.07€ level: 1 - HandId: #2717223717083021313-1-1676212671 - Holdem no limit (10/20) - 2023/02/12 14:37:51 UTC
Table: 'Expresso Nitro(632652947)#0' 3-max (real money) Seat #3 is the button
Seat 1: Catchme31 (300)
Seat 2: _SKR (300)
Seat 3: CORIDA13 (300)
*** ANTE/BLINDS ***
Catchme31 posts small blind 10
_SKR posts big blind 20
Dealt to _SKR [Ad 5s]
*** PRE-FLOP *** 
CORIDA13 folds
Catchme31 folds
_SKR collected 30 from pot
*** SUMMARY ***
Total pot 30 | No rake
Seat 2: _SKR (big blind) won 30


Winamax Poker - Tournament "Expresso Nitro" buyIn: 0.93€ + 0.07€ level: 1 - HandId: #2717223717083021313-2-1676212678 - Holdem no limit (10/20) - 2023/02/12 14:37:58 UTC
Table: 'Expresso Nitro(632652947)#0' 3-max (real money) Seat #1 is the button
Seat 1: Catchme31 (290)
Seat 2: _SKR (310)
Seat 3: CORIDA13 (300)
*** ANTE/BLINDS ***
_SKR posts small blind 10
CORIDA13 posts big blind 20
Dealt to _SKR [6c 6s]
*** PRE-FLOP *** 
Catchme31 calls 20
_SKR raises 290 to 310 and is all-in
CORIDA13 calls 280 and is all-in
Catchme31 folds
*** FLOP *** [Qs 8s 2c]
*** TURN *** [Qs 8s 2c][3d]
*** RIVER *** [Qs 8s 2c 3d][Ks]
*** SHOW DOWN ***
CORIDA13 shows [7d As] (High card : Ace)
_SKR shows [6c 6s] (One pair : 6)
_SKR collected 630 from pot
*** SUMMARY ***
Total pot 630 | No rake
Board: [Qs 8s 2c 3d Ks]
Seat 2: _SKR (small blind) showed [6c 6s] and won 630 with One pair : 6
Seat 3: CORIDA13 (big blind) showed [7d As] and lost with High card : Ace


Winamax Poker - Tournament "Expresso Nitro" buyIn: 0.93€ + 0.07€ level: 1 - HandId: #2717223717083021313-3-1676212695 - Holdem no limit (10/20) - 2023/02/12 14:38:15 UTC
Table: 'Expresso Nitro(632652947)#0' 3-max (real money) Seat #1 is the button
Seat 1: Catchme31 (270)
Seat 2: _SKR (630)
*** ANTE/BLINDS ***
Catchme31 posts small blind 10
_SKR posts big blind 20
Dealt to _SKR [Kd 7c]
*** PRE-FLOP *** 
Catchme31 folds
_SKR collected 30 from pot
*** SUMMARY ***
Total pot 30 | No rake
Seat 2: _SKR (big blind) won 30


Winamax Poker - Tournament "Expresso Nitro" buyIn: 0.93€ + 0.07€ level: 1 - HandId: #2717223717083021313-4-1676212698 - Holdem no limit (10/20) - 2023/02/12 14:38:18 UTC
Table: 'Expresso Nitro(632652947)#0' 3-max (real money) Seat #2 is the button
Seat 1: Catchme31 (260)
Seat 2: _SKR (640)
*** ANTE/BLINDS ***
_SKR posts small blind 10
Catchme31 posts big blind 20
Dealt to _SKR [Ad Ks]
*** PRE-FLOP *** 
_SKR raises 620 to 640 and is all-in
Catchme31 folds
_SKR collected 660 from pot
*** SUMMARY ***
Total pot 660 | No rake
Seat 2: _SKR (small blind) (button) won 660


Winamax Poker - Tournament "Expresso Nitro" buyIn: 0.93€ + 0.07€ level: 1 - HandId: #2717223717083021313-5-1676212708 - Holdem no limit (10/20) - 2023/02/12 14:38:28 UTC
Table: 'Expresso Nitro(632652947)#0' 3-max (real money) Seat #1 is the button
Seat 1: Catchme31 (240)
Seat 2: _SKR (660)
*** ANTE/BLINDS ***
Catchme31 posts small blind 10
_SKR posts big blind 20
Dealt to _SKR [4d Jc]
*** PRE-FLOP *** 
Catchme31 folds
_SKR collected 30 from pot
*** SUMMARY ***
Total pot 30 | No rake
Seat 2: _SKR (big blind) won 30


Winamax Poker - Tournament "Expresso Nitro" buyIn: 0.93€ + 0.07€ level: 1 - HandId: #2717223717083021313-6-1676212711 - Holdem no limit (10/20) - 2023/02/12 14:38:31 UTC
Table: 'Expresso Nitro(632652947)#0' 3-max (real money) Seat #2 is the button
Seat 1: Catchme31 (230)
Seat 2: _SKR (670)
*** ANTE/BLINDS ***
_SKR posts small blind 10
Catchme31 posts big blind 20
Dealt to _SKR [Ad 7c]
*** PRE-FLOP *** 
_SKR raises 650 to 670 and is all-in
Catchme31 calls 210 and is all-in
*** FLOP *** [6c Th Ks]
*** TURN *** [6c Th Ks][6s]
*** RIVER *** [6c Th Ks 6s][Js]
*** SHOW DOWN ***
Catchme31 shows [5c Tc] (Two pairs : Tens and 6)
_SKR shows [Ad 7c] (One pair : 6)
_SKR collected 440 from side pot 1
Catchme31 collected 460 from main pot
*** SUMMARY ***
Total pot 900 | No rake
Board: [6c Th Ks 6s Js]
Seat 1: Catchme31 (big blind) showed [5c Tc] and won 460 with Two pairs : Tens and 6
Seat 2: _SKR (small blind) (button) showed [Ad 7c] and won 440 with One pair : 6


Winamax Poker - Tournament "Expresso Nitro" buyIn: 0.93€ + 0.07€ level: 1 - HandId: #2717223717083021313-7-1676212726 - Holdem no limit (10/20) - 2023/02/12 14:38:46 UTC
Table: 'Expresso Nitro(632652947)#0' 3-max (real money) Seat #1 is the button
Seat 1: Catchme31 (460)
Seat 2: _SKR (440)
*** ANTE/BLINDS ***
Catchme31 posts small blind 10
_SKR posts big blind 20
Dealt to _SKR [Js Th]
*** PRE-FLOP *** 
Catchme31 folds
_SKR collected 30 from pot
*** SUMMARY ***
Total pot 30 | No rake
Seat 2: _SKR (big blind) won 30


Winamax Poker - Tournament "Expresso Nitro" buyIn: 0.93€ + 0.07€ level: 2 - HandId: #2717223717083021313-8-1676212729 - Holdem no limit (15/30) - 2023/02/12 14:38:49 UTC
Table: 'Expresso Nitro(632652947)#0' 3-max (real money) Seat #2 is the button
Seat 1: Catchme31 (450)
Seat 2: _SKR (450)
*** ANTE/BLINDS ***
_SKR posts small blind 15
Catchme31 posts big blind 30
Dealt to _SKR [7h 5c]
*** PRE-FLOP *** 
_SKR folds
Catchme31 collected 45 from pot
*** SUMMARY ***
Total pot 45 | No rake
Seat 1: Catchme31 (big blind) won 45


Winamax Poker - Tournament "Expresso Nitro" buyIn: 0.93€ + 0.07€ level: 2 - HandId: #2717223717083021313-9-1676212733 - Holdem no limit (15/30) - 2023/02/12 14:38:53 UTC
Table: 'Expresso Nitro(632652947)#0' 3-max (real money) Seat #1 is the button
Seat 1: Catchme31 (465)
Seat 2: _SKR (435)
*** ANTE/BLINDS ***
Catchme31 posts small blind 15
_SKR posts big blind 30
Dealt to _SKR [Kc 7c]
*** PRE-FLOP *** 
Catchme31 calls 15
_SKR raises 405 to 435 and is all-in
Catchme31 calls 405
*** FLOP *** [6d Ah 4h]
*** TURN *** [6d Ah 4h][6c]
*** RIVER *** [6d Ah 4h 6c][3c]
*** SHOW DOWN ***
Catchme31 shows [9s 8s] (One pair : 6)
_SKR shows [Kc 7c] (One pair : 6)
_SKR collected 870 from pot
*** SUMMARY ***
Total pot 870 | No rake
Board: [6d Ah 4h 6c 3c]
Seat 1: Catchme31 (small blind) (button) showed [9s 8s] and lost with One pair : 6
Seat 2: _SKR (big blind) showed [Kc 7c] and won 870 with One pair : 6


Winamax Poker - Tournament "Expresso Nitro" buyIn: 0.93€ + 0.07€ level: 2 - HandId: #2717223717083021313-10-1676212749 - Holdem no limit (15/30) - 2023/02/12 14:39:09 UTC
Table: 'Expresso Nitro(632652947)#0' 3-max (real money) Seat #2 is the button
Seat 1: Catchme31 (30)
Seat 2: _SKR (870)
*** ANTE/BLINDS ***
_SKR posts small blind 15
Catchme31 posts big blind 30 and is all-in
Dealt to _SKR [9h 8d]
*** PRE-FLOP *** 
_SKR calls 15
*** FLOP *** [5h 9d Tc]
*** TURN *** [5h 9d Tc][Kh]
*** RIVER *** [5h 9d Tc Kh][Th]
*** SHOW DOWN ***
Catchme31 shows [3d 6h] (One pair : Tens)
_SKR shows [9h 8d] (Two pairs : Tens and 9)
_SKR collected 60 from pot
*** SUMMARY ***
Total pot 60 | No rake
Board: [5h 9d Tc Kh Th]
Seat 1: Catchme31 (big blind) showed [3d 6h] and lost with One pair : Tens
Seat 2: _SKR (small blind) (button) showed [9h 8d] and won 60 with Two pairs : Tens and 9


