Winamax Poker - Tournament "Expresso Nitro" buyIn: 1.86€ + 0.14€ level: 1 - HandId: #2697295017289973761-1-1675116661 - Holdem no limit (10/20) - 2023/01/30 22:11:01 UTC
Table: 'Expresso Nitro(628012935)#0' 3-max (real money) Seat #3 is the button
Seat 1: Big-one86 (300)
Seat 2: L4ch4tte4m1r (300)
Seat 3: _SKR (300)
*** ANTE/BLINDS ***
Big-one86 posts small blind 10
L4ch4tte4m1r posts big blind 20
Dealt to _SKR [Jc 4c]
*** PRE-FLOP *** 
_SKR folds
Big-one86 raises 280 to 300 and is all-in
L4ch4tte4m1r folds
Big-one86 collected 320 from pot
*** SUMMARY ***
Total pot 320 | No rake
Seat 1: Big-one86 (small blind) won 320


Winamax Poker - Tournament "Expresso Nitro" buyIn: 1.86€ + 0.14€ level: 1 - HandId: #2697295017289973761-2-1675116671 - Holdem no limit (10/20) - 2023/01/30 22:11:11 UTC
Table: 'Expresso Nitro(628012935)#0' 3-max (real money) Seat #1 is the button
Seat 1: Big-one86 (320)
Seat 2: L4ch4tte4m1r (280)
Seat 3: _SKR (300)
*** ANTE/BLINDS ***
L4ch4tte4m1r posts small blind 10
_SKR posts big blind 20
Dealt to _SKR [6s 9h]
*** PRE-FLOP *** 
Big-one86 folds
L4ch4tte4m1r raises 260 to 280 and is all-in
_SKR folds
L4ch4tte4m1r collected 300 from pot
*** SUMMARY ***
Total pot 300 | No rake
Seat 2: L4ch4tte4m1r (small blind) won 300


Winamax Poker - Tournament "Expresso Nitro" buyIn: 1.86€ + 0.14€ level: 1 - HandId: #2697295017289973761-3-1675116677 - Holdem no limit (10/20) - 2023/01/30 22:11:17 UTC
Table: 'Expresso Nitro(628012935)#0' 3-max (real money) Seat #2 is the button
Seat 1: Big-one86 (320)
Seat 2: L4ch4tte4m1r (300)
Seat 3: _SKR (280)
*** ANTE/BLINDS ***
_SKR posts small blind 10
Big-one86 posts big blind 20
Dealt to _SKR [5d 4d]
*** PRE-FLOP *** 
L4ch4tte4m1r folds
_SKR folds
Big-one86 collected 30 from pot
*** SUMMARY ***
Total pot 30 | No rake
Seat 1: Big-one86 (big blind) won 30


Winamax Poker - Tournament "Expresso Nitro" buyIn: 1.86€ + 0.14€ level: 1 - HandId: #2697295017289973761-4-1675116682 - Holdem no limit (10/20) - 2023/01/30 22:11:22 UTC
Table: 'Expresso Nitro(628012935)#0' 3-max (real money) Seat #3 is the button
Seat 1: Big-one86 (330)
Seat 2: L4ch4tte4m1r (300)
Seat 3: _SKR (270)
*** ANTE/BLINDS ***
Big-one86 posts small blind 10
L4ch4tte4m1r posts big blind 20
Dealt to _SKR [6c Js]
*** PRE-FLOP *** 
_SKR folds
Big-one86 calls 10
L4ch4tte4m1r raises 280 to 300 and is all-in
Big-one86 folds
L4ch4tte4m1r collected 320 from pot
*** SUMMARY ***
Total pot 320 | No rake
Seat 2: L4ch4tte4m1r (big blind) won 320


Winamax Poker - Tournament "Expresso Nitro" buyIn: 1.86€ + 0.14€ level: 1 - HandId: #2697295017289973761-5-1675116692 - Holdem no limit (10/20) - 2023/01/30 22:11:32 UTC
Table: 'Expresso Nitro(628012935)#0' 3-max (real money) Seat #1 is the button
Seat 1: Big-one86 (310)
Seat 2: L4ch4tte4m1r (320)
Seat 3: _SKR (270)
*** ANTE/BLINDS ***
L4ch4tte4m1r posts small blind 10
_SKR posts big blind 20
Dealt to _SKR [8c 7d]
*** PRE-FLOP *** 
Big-one86 calls 20
L4ch4tte4m1r calls 10
_SKR checks
*** FLOP *** [Kc Qd 9c]
L4ch4tte4m1r checks
_SKR checks
Big-one86 bets 21
L4ch4tte4m1r folds
_SKR folds
Big-one86 collected 81 from pot
*** SUMMARY ***
Total pot 81 | No rake
Board: [Kc Qd 9c]
Seat 1: Big-one86 (button) won 81


Winamax Poker - Tournament "Expresso Nitro" buyIn: 1.86€ + 0.14€ level: 2 - HandId: #2697295017289973761-6-1675116720 - Holdem no limit (15/30) - 2023/01/30 22:12:00 UTC
Table: 'Expresso Nitro(628012935)#0' 3-max (real money) Seat #2 is the button
Seat 1: Big-one86 (350)
Seat 2: L4ch4tte4m1r (300)
Seat 3: _SKR (250)
*** ANTE/BLINDS ***
_SKR posts small blind 15
Big-one86 posts big blind 30
Dealt to _SKR [8d Qc]
*** PRE-FLOP *** 
L4ch4tte4m1r calls 30
_SKR folds
Big-one86 checks
*** FLOP *** [2s 9h 4c]
Big-one86 bets 30
L4ch4tte4m1r folds
Big-one86 collected 105 from pot
*** SUMMARY ***
Total pot 105 | No rake
Board: [2s 9h 4c]
Seat 1: Big-one86 (big blind) won 105


Winamax Poker - Tournament "Expresso Nitro" buyIn: 1.86€ + 0.14€ level: 2 - HandId: #2697295017289973761-7-1675116732 - Holdem no limit (15/30) - 2023/01/30 22:12:12 UTC
Table: 'Expresso Nitro(628012935)#0' 3-max (real money) Seat #3 is the button
Seat 1: Big-one86 (395)
Seat 2: L4ch4tte4m1r (270)
Seat 3: _SKR (235)
*** ANTE/BLINDS ***
Big-one86 posts small blind 15
L4ch4tte4m1r posts big blind 30
Dealt to _SKR [Td Ks]
*** PRE-FLOP *** 
_SKR raises 205 to 235 and is all-in
Big-one86 raises 160 to 395 and is all-in
L4ch4tte4m1r folds
*** FLOP *** [7d Ad 2h]
*** TURN *** [7d Ad 2h][7s]
*** RIVER *** [7d Ad 2h 7s][Jd]
*** SHOW DOWN ***
_SKR shows [Td Ks] (One pair : 7)
Big-one86 shows [Ah Qs] (Two pairs : Aces and 7)
Big-one86 collected 660 from pot
*** SUMMARY ***
Total pot 660 | No rake
Board: [7d Ad 2h 7s Jd]
Seat 1: Big-one86 (small blind) showed [Ah Qs] and won 660 with Two pairs : Aces and 7
Seat 3: _SKR (button) showed [Td Ks] and lost with One pair : 7


