Winamax Poker - Tournament "Expresso Nitro" buyIn: 0.93€ + 0.07€ level: 1 - HandId: #2674122006575710209-1-1673702081 - Holdem no limit (10/20) - 2023/01/14 13:14:41 UTC
Table: 'Expresso Nitro(622617548)#0' 3-max (real money) Seat #3 is the button
Seat 1: _SKR (300)
Seat 2: __BST__ (300)
Seat 3: Vavortatis (300)
*** ANTE/BLINDS ***
_SKR posts small blind 10
__BST__ posts big blind 20
Dealt to _SKR [5h Th]
*** PRE-FLOP *** 
Vavortatis calls 20
_SKR folds
__BST__ raises 280 to 300 and is all-in
Vavortatis calls 280 and is all-in
*** FLOP *** [Ts Ah 4c]
*** TURN *** [Ts Ah 4c][4h]
*** RIVER *** [Ts Ah 4c 4h][2c]
*** SHOW DOWN ***
__BST__ shows [3h 3s] (Two pairs : 4 and 3)
Vavortatis shows [Td Ks] (Two pairs : Tens and 4)
Vavortatis collected 610 from pot
*** SUMMARY ***
Total pot 610 | No rake
Board: [Ts Ah 4c 4h 2c]
Seat 2: __BST__ (big blind) showed [3h 3s] and lost with Two pairs : 4 and 3
Seat 3: Vavortatis (button) showed [Td Ks] and won 610 with Two pairs : Tens and 4


Winamax Poker - Tournament "Expresso Nitro" buyIn: 0.93€ + 0.07€ level: 1 - HandId: #2674122006575710209-2-1673702099 - Holdem no limit (10/20) - 2023/01/14 13:14:59 UTC
Table: 'Expresso Nitro(622617548)#0' 3-max (real money) Seat #3 is the button
Seat 1: _SKR (290)
Seat 3: Vavortatis (610)
*** ANTE/BLINDS ***
Vavortatis posts small blind 10
_SKR posts big blind 20
Dealt to _SKR [2c 2d]
*** PRE-FLOP *** 
Vavortatis raises 40 to 60
_SKR folds
Vavortatis collected 80 from pot
*** SUMMARY ***
Total pot 80 | No rake
Seat 3: Vavortatis (small blind) (button) won 80


Winamax Poker - Tournament "Expresso Nitro" buyIn: 0.93€ + 0.07€ level: 1 - HandId: #2674122006575710209-3-1673702107 - Holdem no limit (10/20) - 2023/01/14 13:15:07 UTC
Table: 'Expresso Nitro(622617548)#0' 3-max (real money) Seat #1 is the button
Seat 1: _SKR (270)
Seat 3: Vavortatis (630)
*** ANTE/BLINDS ***
_SKR posts small blind 10
Vavortatis posts big blind 20
Dealt to _SKR [Jc Qs]
*** PRE-FLOP *** 
_SKR raises 250 to 270 and is all-in
Vavortatis calls 250
*** FLOP *** [7d Js 9s]
*** TURN *** [7d Js 9s][2h]
*** RIVER *** [7d Js 9s 2h][8s]
*** SHOW DOWN ***
Vavortatis shows [Ac 6h] (High card : Ace)
_SKR shows [Jc Qs] (One pair : Jacks)
_SKR collected 540 from pot
*** SUMMARY ***
Total pot 540 | No rake
Board: [7d Js 9s 2h 8s]
Seat 1: _SKR (small blind) (button) showed [Jc Qs] and won 540 with One pair : Jacks
Seat 3: Vavortatis (big blind) showed [Ac 6h] and lost with High card : Ace


Winamax Poker - Tournament "Expresso Nitro" buyIn: 0.93€ + 0.07€ level: 1 - HandId: #2674122006575710209-4-1673702124 - Holdem no limit (10/20) - 2023/01/14 13:15:24 UTC
Table: 'Expresso Nitro(622617548)#0' 3-max (real money) Seat #3 is the button
Seat 1: _SKR (540)
Seat 3: Vavortatis (360)
*** ANTE/BLINDS ***
Vavortatis posts small blind 10
_SKR posts big blind 20
Dealt to _SKR [6h Ah]
*** PRE-FLOP *** 
Vavortatis folds
_SKR collected 30 from pot
*** SUMMARY ***
Total pot 30 | No rake
Seat 1: _SKR (big blind) won 30


Winamax Poker - Tournament "Expresso Nitro" buyIn: 0.93€ + 0.07€ level: 1 - HandId: #2674122006575710209-5-1673702127 - Holdem no limit (10/20) - 2023/01/14 13:15:27 UTC
Table: 'Expresso Nitro(622617548)#0' 3-max (real money) Seat #1 is the button
Seat 1: _SKR (550)
Seat 3: Vavortatis (350)
*** ANTE/BLINDS ***
_SKR posts small blind 10
Vavortatis posts big blind 20
Dealt to _SKR [2d 6s]
*** PRE-FLOP *** 
_SKR folds
Vavortatis collected 30 from pot
*** SUMMARY ***
Total pot 30 | No rake
Seat 3: Vavortatis (big blind) won 30


Winamax Poker - Tournament "Expresso Nitro" buyIn: 0.93€ + 0.07€ level: 1 - HandId: #2674122006575710209-6-1673702131 - Holdem no limit (10/20) - 2023/01/14 13:15:31 UTC
Table: 'Expresso Nitro(622617548)#0' 3-max (real money) Seat #3 is the button
Seat 1: _SKR (540)
Seat 3: Vavortatis (360)
*** ANTE/BLINDS ***
Vavortatis posts small blind 10
_SKR posts big blind 20
Dealt to _SKR [7c Kh]
*** PRE-FLOP *** 
Vavortatis calls 10
_SKR checks
*** FLOP *** [5d 3h Jh]
_SKR checks
Vavortatis checks
*** TURN *** [5d 3h Jh][7d]
_SKR checks
Vavortatis checks
*** RIVER *** [5d 3h Jh 7d][As]
_SKR checks
Vavortatis checks
*** SHOW DOWN ***
Vavortatis shows [5h 9h] (One pair : 5)
_SKR shows [7c Kh] (One pair : 7)
_SKR collected 40 from pot
*** SUMMARY ***
Total pot 40 | No rake
Board: [5d 3h Jh 7d As]
Seat 1: _SKR (big blind) showed [7c Kh] and won 40 with One pair : 7
Seat 3: Vavortatis (small blind) (button) showed [5h 9h] and lost with One pair : 5


Winamax Poker - Tournament "Expresso Nitro" buyIn: 0.93€ + 0.07€ level: 3 - HandId: #2674122006575710209-7-1673702205 - Holdem no limit (20/40) - 2023/01/14 13:16:45 UTC
Table: 'Expresso Nitro(622617548)#0' 3-max (real money) Seat #1 is the button
Seat 1: _SKR (560)
Seat 3: Vavortatis (340)
*** ANTE/BLINDS ***
_SKR posts small blind 20
Vavortatis posts big blind 40
Dealt to _SKR [Td Jd]
*** PRE-FLOP *** 
_SKR raises 520 to 560 and is all-in
Vavortatis folds
_SKR collected 600 from pot
*** SUMMARY ***
Total pot 600 | No rake
Seat 1: _SKR (small blind) (button) won 600


Winamax Poker - Tournament "Expresso Nitro" buyIn: 0.93€ + 0.07€ level: 3 - HandId: #2674122006575710209-8-1673702210 - Holdem no limit (20/40) - 2023/01/14 13:16:50 UTC
Table: 'Expresso Nitro(622617548)#0' 3-max (real money) Seat #3 is the button
Seat 1: _SKR (600)
Seat 3: Vavortatis (300)
*** ANTE/BLINDS ***
Vavortatis posts small blind 20
_SKR posts big blind 40
Dealt to _SKR [Tc Qh]
*** PRE-FLOP *** 
Vavortatis folds
_SKR collected 60 from pot
*** SUMMARY ***
Total pot 60 | No rake
Seat 1: _SKR (big blind) won 60


Winamax Poker - Tournament "Expresso Nitro" buyIn: 0.93€ + 0.07€ level: 3 - HandId: #2674122006575710209-9-1673702214 - Holdem no limit (20/40) - 2023/01/14 13:16:54 UTC
Table: 'Expresso Nitro(622617548)#0' 3-max (real money) Seat #1 is the button
Seat 1: _SKR (620)
Seat 3: Vavortatis (280)
*** ANTE/BLINDS ***
_SKR posts small blind 20
Vavortatis posts big blind 40
Dealt to _SKR [Qs 6s]
*** PRE-FLOP *** 
_SKR raises 580 to 620 and is all-in
Vavortatis folds
_SKR collected 660 from pot
*** SUMMARY ***
Total pot 660 | No rake
Seat 1: _SKR (small blind) (button) won 660


Winamax Poker - Tournament "Expresso Nitro" buyIn: 0.93€ + 0.07€ level: 3 - HandId: #2674122006575710209-10-1673702218 - Holdem no limit (20/40) - 2023/01/14 13:16:58 UTC
Table: 'Expresso Nitro(622617548)#0' 3-max (real money) Seat #3 is the button
Seat 1: _SKR (660)
Seat 3: Vavortatis (240)
*** ANTE/BLINDS ***
Vavortatis posts small blind 20
_SKR posts big blind 40
Dealt to _SKR [5d 2c]
*** PRE-FLOP *** 
Vavortatis folds
_SKR collected 60 from pot
*** SUMMARY ***
Total pot 60 | No rake
Seat 1: _SKR (big blind) won 60


Winamax Poker - Tournament "Expresso Nitro" buyIn: 0.93€ + 0.07€ level: 3 - HandId: #2674122006575710209-11-1673702222 - Holdem no limit (20/40) - 2023/01/14 13:17:02 UTC
Table: 'Expresso Nitro(622617548)#0' 3-max (real money) Seat #1 is the button
Seat 1: _SKR (680)
Seat 3: Vavortatis (220)
*** ANTE/BLINDS ***
_SKR posts small blind 20
Vavortatis posts big blind 40
Dealt to _SKR [Ad Jd]
*** PRE-FLOP *** 
_SKR raises 640 to 680 and is all-in
Vavortatis folds
_SKR collected 720 from pot
*** SUMMARY ***
Total pot 720 | No rake
Seat 1: _SKR (small blind) (button) won 720


Winamax Poker - Tournament "Expresso Nitro" buyIn: 0.93€ + 0.07€ level: 3 - HandId: #2674122006575710209-12-1673702229 - Holdem no limit (20/40) - 2023/01/14 13:17:09 UTC
Table: 'Expresso Nitro(622617548)#0' 3-max (real money) Seat #3 is the button
Seat 1: _SKR (720)
Seat 3: Vavortatis (180)
*** ANTE/BLINDS ***
Vavortatis posts small blind 20
_SKR posts big blind 40
Dealt to _SKR [7c Kd]
*** PRE-FLOP *** 
Vavortatis folds
_SKR collected 60 from pot
*** SUMMARY ***
Total pot 60 | No rake
Seat 1: _SKR (big blind) won 60


Winamax Poker - Tournament "Expresso Nitro" buyIn: 0.93€ + 0.07€ level: 3 - HandId: #2674122006575710209-13-1673702241 - Holdem no limit (20/40) - 2023/01/14 13:17:21 UTC
Table: 'Expresso Nitro(622617548)#0' 3-max (real money) Seat #1 is the button
Seat 1: _SKR (740)
Seat 3: Vavortatis (160)
*** ANTE/BLINDS ***
_SKR posts small blind 20
Vavortatis posts big blind 40
Dealt to _SKR [Td 9d]
*** PRE-FLOP *** 
_SKR raises 700 to 740 and is all-in
Vavortatis calls 120 and is all-in
*** FLOP *** [2h 7d 7h]
*** TURN *** [2h 7d 7h][Qs]
*** RIVER *** [2h 7d 7h Qs][6d]
*** SHOW DOWN ***
_SKR shows [Td 9d] (One pair : 7)
Vavortatis shows [8d 2c] (Two pairs : 7 and 2)
Vavortatis collected 320 from main pot
_SKR collected 580 from side pot 1
*** SUMMARY ***
Total pot 900 | No rake
Board: [2h 7d 7h Qs 6d]
Seat 1: _SKR (small blind) (button) showed [Td 9d] and won 580 with One pair : 7
Seat 3: Vavortatis (big blind) showed [8d 2c] and won 320 with Two pairs : 7 and 2


Winamax Poker - Tournament "Expresso Nitro" buyIn: 0.93€ + 0.07€ level: 4 - HandId: #2674122006575710209-14-1673702260 - Holdem no limit (30/60) - 2023/01/14 13:17:40 UTC
Table: 'Expresso Nitro(622617548)#0' 3-max (real money) Seat #3 is the button
Seat 1: _SKR (580)
Seat 3: Vavortatis (320)
*** ANTE/BLINDS ***
Vavortatis posts small blind 30
_SKR posts big blind 60
Dealt to _SKR [Qc 3d]
*** PRE-FLOP *** 
Vavortatis folds
_SKR collected 90 from pot
*** SUMMARY ***
Total pot 90 | No rake
Seat 1: _SKR (big blind) won 90


Winamax Poker - Tournament "Expresso Nitro" buyIn: 0.93€ + 0.07€ level: 4 - HandId: #2674122006575710209-15-1673702266 - Holdem no limit (30/60) - 2023/01/14 13:17:46 UTC
Table: 'Expresso Nitro(622617548)#0' 3-max (real money) Seat #1 is the button
Seat 1: _SKR (610)
Seat 3: Vavortatis (290)
*** ANTE/BLINDS ***
_SKR posts small blind 30
Vavortatis posts big blind 60
Dealt to _SKR [2c Ah]
*** PRE-FLOP *** 
_SKR raises 550 to 610 and is all-in
Vavortatis folds
_SKR collected 670 from pot
*** SUMMARY ***
Total pot 670 | No rake
Seat 1: _SKR (small blind) (button) won 670


Winamax Poker - Tournament "Expresso Nitro" buyIn: 0.93€ + 0.07€ level: 4 - HandId: #2674122006575710209-16-1673702272 - Holdem no limit (30/60) - 2023/01/14 13:17:52 UTC
Table: 'Expresso Nitro(622617548)#0' 3-max (real money) Seat #3 is the button
Seat 1: _SKR (670)
Seat 3: Vavortatis (230)
*** ANTE/BLINDS ***
Vavortatis posts small blind 30
_SKR posts big blind 60
Dealt to _SKR [Kd 2d]
*** PRE-FLOP *** 
Vavortatis folds
_SKR collected 90 from pot
*** SUMMARY ***
Total pot 90 | No rake
Seat 1: _SKR (big blind) won 90


Winamax Poker - Tournament "Expresso Nitro" buyIn: 0.93€ + 0.07€ level: 4 - HandId: #2674122006575710209-17-1673702276 - Holdem no limit (30/60) - 2023/01/14 13:17:56 UTC
Table: 'Expresso Nitro(622617548)#0' 3-max (real money) Seat #1 is the button
Seat 1: _SKR (700)
Seat 3: Vavortatis (200)
*** ANTE/BLINDS ***
_SKR posts small blind 30
Vavortatis posts big blind 60
Dealt to _SKR [Ad Jc]
*** PRE-FLOP *** 
_SKR raises 640 to 700 and is all-in
Vavortatis calls 140 and is all-in
*** FLOP *** [7c Qs 4s]
*** TURN *** [7c Qs 4s][Td]
*** RIVER *** [7c Qs 4s Td][3c]
*** SHOW DOWN ***
_SKR shows [Ad Jc] (High card : Ace)
Vavortatis shows [9c Ts] (One pair : Tens)
Vavortatis collected 400 from main pot
_SKR collected 500 from side pot 1
*** SUMMARY ***
Total pot 900 | No rake
Board: [7c Qs 4s Td 3c]
Seat 1: _SKR (small blind) (button) showed [Ad Jc] and won 500 with High card : Ace
Seat 3: Vavortatis (big blind) showed [9c Ts] and won 400 with One pair : Tens


Winamax Poker - Tournament "Expresso Nitro" buyIn: 0.93€ + 0.07€ level: 4 - HandId: #2674122006575710209-18-1673702289 - Holdem no limit (30/60) - 2023/01/14 13:18:09 UTC
Table: 'Expresso Nitro(622617548)#0' 3-max (real money) Seat #3 is the button
Seat 1: _SKR (500)
Seat 3: Vavortatis (400)
*** ANTE/BLINDS ***
Vavortatis posts small blind 30
_SKR posts big blind 60
Dealt to _SKR [Kd 9h]
*** PRE-FLOP *** 
Vavortatis folds
_SKR collected 90 from pot
*** SUMMARY ***
Total pot 90 | No rake
Seat 1: _SKR (big blind) won 90


Winamax Poker - Tournament "Expresso Nitro" buyIn: 0.93€ + 0.07€ level: 4 - HandId: #2674122006575710209-19-1673702294 - Holdem no limit (30/60) - 2023/01/14 13:18:14 UTC
Table: 'Expresso Nitro(622617548)#0' 3-max (real money) Seat #1 is the button
Seat 1: _SKR (530)
Seat 3: Vavortatis (370)
*** ANTE/BLINDS ***
_SKR posts small blind 30
Vavortatis posts big blind 60
Dealt to _SKR [9h Jh]
*** PRE-FLOP *** 
_SKR raises 470 to 530 and is all-in
Vavortatis folds
_SKR collected 590 from pot
*** SUMMARY ***
Total pot 590 | No rake
Seat 1: _SKR (small blind) (button) won 590


Winamax Poker - Tournament "Expresso Nitro" buyIn: 0.93€ + 0.07€ level: 4 - HandId: #2674122006575710209-20-1673702305 - Holdem no limit (30/60) - 2023/01/14 13:18:25 UTC
Table: 'Expresso Nitro(622617548)#0' 3-max (real money) Seat #3 is the button
Seat 1: _SKR (590)
Seat 3: Vavortatis (310)
*** ANTE/BLINDS ***
Vavortatis posts small blind 30
_SKR posts big blind 60
Dealt to _SKR [8s Qc]
*** PRE-FLOP *** 
Vavortatis folds
_SKR collected 90 from pot
*** SUMMARY ***
Total pot 90 | No rake
Seat 1: _SKR (big blind) won 90


Winamax Poker - Tournament "Expresso Nitro" buyIn: 0.93€ + 0.07€ level: 4 - HandId: #2674122006575710209-21-1673702314 - Holdem no limit (30/60) - 2023/01/14 13:18:34 UTC
Table: 'Expresso Nitro(622617548)#0' 3-max (real money) Seat #1 is the button
Seat 1: _SKR (620)
Seat 3: Vavortatis (280)
*** ANTE/BLINDS ***
_SKR posts small blind 30
Vavortatis posts big blind 60
Dealt to _SKR [Ks 5s]
*** PRE-FLOP *** 
_SKR raises 560 to 620 and is all-in
Vavortatis folds
_SKR collected 680 from pot
*** SUMMARY ***
Total pot 680 | No rake
Seat 1: _SKR (small blind) (button) won 680


Winamax Poker - Tournament "Expresso Nitro" buyIn: 0.93€ + 0.07€ level: 5 - HandId: #2674122006575710209-22-1673702342 - Holdem no limit (40/80) - 2023/01/14 13:19:02 UTC
Table: 'Expresso Nitro(622617548)#0' 3-max (real money) Seat #3 is the button
Seat 1: _SKR (680)
Seat 3: Vavortatis (220)
*** ANTE/BLINDS ***
Vavortatis posts small blind 40
_SKR posts big blind 80
Dealt to _SKR [Td Qs]
*** PRE-FLOP *** 
Vavortatis folds
_SKR collected 120 from pot
*** SUMMARY ***
Total pot 120 | No rake
Seat 1: _SKR (big blind) won 120


Winamax Poker - Tournament "Expresso Nitro" buyIn: 0.93€ + 0.07€ level: 5 - HandId: #2674122006575710209-23-1673702350 - Holdem no limit (40/80) - 2023/01/14 13:19:10 UTC
Table: 'Expresso Nitro(622617548)#0' 3-max (real money) Seat #1 is the button
Seat 1: _SKR (720)
Seat 3: Vavortatis (180)
*** ANTE/BLINDS ***
_SKR posts small blind 40
Vavortatis posts big blind 80
Dealt to _SKR [Jc 9c]
*** PRE-FLOP *** 
_SKR raises 80 to 160
Vavortatis folds
_SKR collected 240 from pot
*** SUMMARY ***
Total pot 240 | No rake
Seat 1: _SKR (small blind) (button) won 240


Winamax Poker - Tournament "Expresso Nitro" buyIn: 0.93€ + 0.07€ level: 5 - HandId: #2674122006575710209-24-1673702361 - Holdem no limit (40/80) - 2023/01/14 13:19:21 UTC
Table: 'Expresso Nitro(622617548)#0' 3-max (real money) Seat #3 is the button
Seat 1: _SKR (800)
Seat 3: Vavortatis (100)
*** ANTE/BLINDS ***
Vavortatis posts small blind 40
_SKR posts big blind 80
Dealt to _SKR [8c 6c]
*** PRE-FLOP *** 
Vavortatis folds
_SKR collected 120 from pot
*** SUMMARY ***
Total pot 120 | No rake
Seat 1: _SKR (big blind) won 120


Winamax Poker - Tournament "Expresso Nitro" buyIn: 0.93€ + 0.07€ level: 5 - HandId: #2674122006575710209-25-1673702369 - Holdem no limit (40/80) - 2023/01/14 13:19:29 UTC
Table: 'Expresso Nitro(622617548)#0' 3-max (real money) Seat #1 is the button
Seat 1: _SKR (840)
Seat 3: Vavortatis (60)
*** ANTE/BLINDS ***
_SKR posts small blind 40
Vavortatis posts big blind 60 and is all-in
Dealt to _SKR [7c 9d]
*** PRE-FLOP *** 
_SKR calls 40
*** FLOP *** [6c Th Ad]
*** TURN *** [6c Th Ad][6h]
*** RIVER *** [6c Th Ad 6h][8c]
*** SHOW DOWN ***
Vavortatis shows [3d Tc] (Two pairs : Tens and 6)
_SKR shows [7c 9d] (Straight Ten high)
_SKR collected 140 from pot
*** SUMMARY ***
Total pot 140 | No rake
Board: [6c Th Ad 6h 8c]
Seat 1: _SKR (small blind) (button) showed [7c 9d] and won 140 with Straight Ten high
Seat 3: Vavortatis (big blind) showed [3d Tc] and lost with Two pairs : Tens and 6


