Winamax Poker - Tournament "Expresso Nitro" buyIn: 0.93€ + 0.07€ level: 1 - HandId: #2674138507840061441-1-1673702960 - Holdem no limit (10/20) - 2023/01/14 13:29:20 UTC
Table: 'Expresso Nitro(622621390)#0' 3-max (real money) Seat #1 is the button
Seat 1: MP_Mister13 (300)
Seat 2: _SKR (300)
Seat 3: Hyppo42000 (300)
*** ANTE/BLINDS ***
_SKR posts small blind 10
Hyppo42000 posts big blind 20
Dealt to _SKR [8d 6d]
*** PRE-FLOP *** 
MP_Mister13 folds
_SKR calls 10
Hyppo42000 raises 280 to 300 and is all-in
_SKR folds
Hyppo42000 collected 320 from pot
*** SUMMARY ***
Total pot 320 | No rake
Seat 3: Hyppo42000 (big blind) won 320


Winamax Poker - Tournament "Expresso Nitro" buyIn: 0.93€ + 0.07€ level: 2 - HandId: #2674138507840061441-2-1673703033 - Holdem no limit (15/30) - 2023/01/14 13:30:33 UTC
Table: 'Expresso Nitro(622621390)#0' 3-max (real money) Seat #2 is the button
Seat 1: MP_Mister13 (300)
Seat 2: _SKR (280)
Seat 3: Hyppo42000 (320)
*** ANTE/BLINDS ***
Hyppo42000 posts small blind 15
MP_Mister13 posts big blind 30
Dealt to _SKR [Jc 3h]
*** PRE-FLOP *** 
_SKR folds
Hyppo42000 folds
MP_Mister13 collected 45 from pot
*** SUMMARY ***
Total pot 45 | No rake
Seat 1: MP_Mister13 (big blind) won 45


Winamax Poker - Tournament "Expresso Nitro" buyIn: 0.93€ + 0.07€ level: 2 - HandId: #2674138507840061441-3-1673703047 - Holdem no limit (15/30) - 2023/01/14 13:30:47 UTC
Table: 'Expresso Nitro(622621390)#0' 3-max (real money) Seat #3 is the button
Seat 1: MP_Mister13 (315)
Seat 2: _SKR (280)
Seat 3: Hyppo42000 (305)
*** ANTE/BLINDS ***
MP_Mister13 posts small blind 15
_SKR posts big blind 30
Dealt to _SKR [7d Td]
*** PRE-FLOP *** 
Hyppo42000 folds
MP_Mister13 raises 285 to 315 and is all-in
_SKR folds
MP_Mister13 collected 345 from pot
*** SUMMARY ***
Total pot 345 | No rake
Seat 1: MP_Mister13 (small blind) won 345


Winamax Poker - Tournament "Expresso Nitro" buyIn: 0.93€ + 0.07€ level: 2 - HandId: #2674138507840061441-4-1673703070 - Holdem no limit (15/30) - 2023/01/14 13:31:10 UTC
Table: 'Expresso Nitro(622621390)#0' 3-max (real money) Seat #1 is the button
Seat 1: MP_Mister13 (345)
Seat 2: _SKR (250)
Seat 3: Hyppo42000 (305)
*** ANTE/BLINDS ***
_SKR posts small blind 15
Hyppo42000 posts big blind 30
Dealt to _SKR [Ks Ad]
*** PRE-FLOP *** 
MP_Mister13 folds
_SKR raises 220 to 250 and is all-in
Hyppo42000 folds
_SKR collected 280 from pot
*** SUMMARY ***
Total pot 280 | No rake
Seat 2: _SKR (small blind) won 280


Winamax Poker - Tournament "Expresso Nitro" buyIn: 0.93€ + 0.07€ level: 3 - HandId: #2674138507840061441-5-1673703078 - Holdem no limit (20/40) - 2023/01/14 13:31:18 UTC
Table: 'Expresso Nitro(622621390)#0' 3-max (real money) Seat #2 is the button
Seat 1: MP_Mister13 (345)
Seat 2: _SKR (280)
Seat 3: Hyppo42000 (275)
*** ANTE/BLINDS ***
Hyppo42000 posts small blind 20
MP_Mister13 posts big blind 40
Dealt to _SKR [7s 9d]
*** PRE-FLOP *** 
_SKR folds
Hyppo42000 raises 235 to 275 and is all-in
MP_Mister13 folds
Hyppo42000 collected 315 from pot
*** SUMMARY ***
Total pot 315 | No rake
Seat 3: Hyppo42000 (small blind) won 315


Winamax Poker - Tournament "Expresso Nitro" buyIn: 0.93€ + 0.07€ level: 3 - HandId: #2674138507840061441-6-1673703093 - Holdem no limit (20/40) - 2023/01/14 13:31:33 UTC
Table: 'Expresso Nitro(622621390)#0' 3-max (real money) Seat #3 is the button
Seat 1: MP_Mister13 (305)
Seat 2: _SKR (280)
Seat 3: Hyppo42000 (315)
*** ANTE/BLINDS ***
MP_Mister13 posts small blind 20
_SKR posts big blind 40
Dealt to _SKR [4d 4c]
*** PRE-FLOP *** 
Hyppo42000 raises 275 to 315 and is all-in
MP_Mister13 calls 285 and is all-in
_SKR calls 240 and is all-in
*** FLOP *** [3h Jc 5c]
*** TURN *** [3h Jc 5c][Td]
*** RIVER *** [3h Jc 5c Td][9c]
*** SHOW DOWN ***
_SKR shows [4d 4c] (One pair : 4)
MP_Mister13 shows [Ks Qh] (Straight King high)
Hyppo42000 shows [3s Ad] (One pair : 3)
Hyppo42000 collected 10 from side pot 1
MP_Mister13 collected 890 from main pot
*** SUMMARY ***
Total pot 900 | No rake
Board: [3h Jc 5c Td 9c]
Seat 1: MP_Mister13 (small blind) showed [Ks Qh] and won 890 with Straight King high
Seat 2: _SKR (big blind) showed [4d 4c] and lost with One pair : 4
Seat 3: Hyppo42000 (button) showed [3s Ad] and won 10 with One pair : 3


