Winamax Poker - Tournament "Expresso Nitro" buyIn: 0.93€ + 0.07€ level: 1 - HandId: #2730571620740497409-1-1676986252 - Holdem no limit (10/20) - 2023/02/21 13:30:52 UTC
Table: 'Expresso Nitro(635760748)#0' 3-max (real money) Seat #3 is the button
Seat 1: FISHONN (300)
Seat 2: Ahmo667 (300)
Seat 3: _SKR (300)
*** ANTE/BLINDS ***
FISHONN posts small blind 10
Ahmo667 posts big blind 20
Dealt to _SKR [Th 8c]
*** PRE-FLOP *** 
_SKR folds
FISHONN folds
Ahmo667 collected 30 from pot
*** SUMMARY ***
Total pot 30 | No rake
Seat 2: Ahmo667 (big blind) won 30


Winamax Poker - Tournament "Expresso Nitro" buyIn: 0.93€ + 0.07€ level: 1 - HandId: #2730571620740497409-2-1676986256 - Holdem no limit (10/20) - 2023/02/21 13:30:56 UTC
Table: 'Expresso Nitro(635760748)#0' 3-max (real money) Seat #1 is the button
Seat 1: FISHONN (290)
Seat 2: Ahmo667 (310)
Seat 3: _SKR (300)
*** ANTE/BLINDS ***
Ahmo667 posts small blind 10
_SKR posts big blind 20
Dealt to _SKR [6s Jd]
*** PRE-FLOP *** 
FISHONN raises 20 to 40
Ahmo667 calls 30
_SKR folds
*** FLOP *** [9h Tc As]
Ahmo667 checks
FISHONN bets 35
Ahmo667 calls 35
*** TURN *** [9h Tc As][Ad]
Ahmo667 checks
FISHONN checks
*** RIVER *** [9h Tc As Ad][Kh]
Ahmo667 checks
FISHONN bets 128
Ahmo667 calls 128
*** SHOW DOWN ***
Ahmo667 shows [5c Qc] (One pair : Aces)
FISHONN shows [Qh Jc] (Straight Ace high)
FISHONN collected 426 from pot
*** SUMMARY ***
Total pot 426 | No rake
Board: [9h Tc As Ad Kh]
Seat 1: FISHONN (button) showed [Qh Jc] and won 426 with Straight Ace high
Seat 2: Ahmo667 (small blind) showed [5c Qc] and lost with One pair : Aces


Winamax Poker - Tournament "Expresso Nitro" buyIn: 0.93€ + 0.07€ level: 1 - HandId: #2730571620740497409-3-1676986287 - Holdem no limit (10/20) - 2023/02/21 13:31:27 UTC
Table: 'Expresso Nitro(635760748)#0' 3-max (real money) Seat #2 is the button
Seat 1: FISHONN (513)
Seat 2: Ahmo667 (107)
Seat 3: _SKR (280)
*** ANTE/BLINDS ***
_SKR posts small blind 10
FISHONN posts big blind 20
Dealt to _SKR [9d Ac]
*** PRE-FLOP *** 
Ahmo667 folds
_SKR raises 260 to 280 and is all-in
FISHONN folds
_SKR collected 300 from pot
*** SUMMARY ***
Total pot 300 | No rake
Seat 3: _SKR (small blind) won 300


Winamax Poker - Tournament "Expresso Nitro" buyIn: 0.93€ + 0.07€ level: 1 - HandId: #2730571620740497409-4-1676986296 - Holdem no limit (10/20) - 2023/02/21 13:31:36 UTC
Table: 'Expresso Nitro(635760748)#0' 3-max (real money) Seat #3 is the button
Seat 1: FISHONN (493)
Seat 2: Ahmo667 (107)
Seat 3: _SKR (300)
*** ANTE/BLINDS ***
FISHONN posts small blind 10
Ahmo667 posts big blind 20
Dealt to _SKR [Qc 3c]
*** PRE-FLOP *** 
_SKR folds
FISHONN raises 473 to 493 and is all-in
Ahmo667 calls 87 and is all-in
*** FLOP *** [Jd 4c 6c]
*** TURN *** [Jd 4c 6c][4h]
*** RIVER *** [Jd 4c 6c 4h][Kh]
*** SHOW DOWN ***
Ahmo667 shows [Ah Qh] (One pair : 4)
FISHONN shows [Js Kd] (Two pairs : Kings and Jacks)
FISHONN collected 600 from pot
*** SUMMARY ***
Total pot 600 | No rake
Board: [Jd 4c 6c 4h Kh]
Seat 1: FISHONN (small blind) showed [Js Kd] and won 600 with Two pairs : Kings and Jacks
Seat 2: Ahmo667 (big blind) showed [Ah Qh] and lost with One pair : 4


Winamax Poker - Tournament "Expresso Nitro" buyIn: 0.93€ + 0.07€ level: 2 - HandId: #2730571620740497409-5-1676986310 - Holdem no limit (15/30) - 2023/02/21 13:31:50 UTC
Table: 'Expresso Nitro(635760748)#0' 3-max (real money) Seat #3 is the button
Seat 1: FISHONN (600)
Seat 3: _SKR (300)
*** ANTE/BLINDS ***
_SKR posts small blind 15
FISHONN posts big blind 30
Dealt to _SKR [5s Qh]
*** PRE-FLOP *** 
_SKR folds
FISHONN collected 45 from pot
*** SUMMARY ***
Total pot 45 | No rake
Seat 1: FISHONN (big blind) won 45


Winamax Poker - Tournament "Expresso Nitro" buyIn: 0.93€ + 0.07€ level: 2 - HandId: #2730571620740497409-6-1676986314 - Holdem no limit (15/30) - 2023/02/21 13:31:54 UTC
Table: 'Expresso Nitro(635760748)#0' 3-max (real money) Seat #1 is the button
Seat 1: FISHONN (615)
Seat 3: _SKR (285)
*** ANTE/BLINDS ***
FISHONN posts small blind 15
_SKR posts big blind 30
Dealt to _SKR [4c As]
*** PRE-FLOP *** 
FISHONN calls 15
_SKR raises 255 to 285 and is all-in
FISHONN folds
_SKR collected 315 from pot
*** SUMMARY ***
Total pot 315 | No rake
Seat 3: _SKR (big blind) won 315


Winamax Poker - Tournament "Expresso Nitro" buyIn: 0.93€ + 0.07€ level: 2 - HandId: #2730571620740497409-7-1676986320 - Holdem no limit (15/30) - 2023/02/21 13:32:00 UTC
Table: 'Expresso Nitro(635760748)#0' 3-max (real money) Seat #3 is the button
Seat 1: FISHONN (585)
Seat 3: _SKR (315)
*** ANTE/BLINDS ***
_SKR posts small blind 15
FISHONN posts big blind 30
Dealt to _SKR [7h 2d]
*** PRE-FLOP *** 
_SKR folds
FISHONN collected 45 from pot
*** SUMMARY ***
Total pot 45 | No rake
Seat 1: FISHONN (big blind) won 45


Winamax Poker - Tournament "Expresso Nitro" buyIn: 0.93€ + 0.07€ level: 2 - HandId: #2730571620740497409-8-1676986324 - Holdem no limit (15/30) - 2023/02/21 13:32:04 UTC
Table: 'Expresso Nitro(635760748)#0' 3-max (real money) Seat #1 is the button
Seat 1: FISHONN (600)
Seat 3: _SKR (300)
*** ANTE/BLINDS ***
FISHONN posts small blind 15
_SKR posts big blind 30
Dealt to _SKR [Qs 2s]
*** PRE-FLOP *** 
FISHONN folds
_SKR collected 45 from pot
*** SUMMARY ***
Total pot 45 | No rake
Seat 3: _SKR (big blind) won 45


Winamax Poker - Tournament "Expresso Nitro" buyIn: 0.93€ + 0.07€ level: 2 - HandId: #2730571620740497409-9-1676986327 - Holdem no limit (15/30) - 2023/02/21 13:32:07 UTC
Table: 'Expresso Nitro(635760748)#0' 3-max (real money) Seat #3 is the button
Seat 1: FISHONN (585)
Seat 3: _SKR (315)
*** ANTE/BLINDS ***
_SKR posts small blind 15
FISHONN posts big blind 30
Dealt to _SKR [Qs 4s]
*** PRE-FLOP *** 
_SKR calls 15
FISHONN checks
*** FLOP *** [7d 6h 2s]
FISHONN checks
_SKR bets 30
FISHONN calls 30
*** TURN *** [7d 6h 2s][Qh]
FISHONN checks
_SKR bets 60
FISHONN folds
_SKR collected 180 from pot
*** SUMMARY ***
Total pot 180 | No rake
Board: [7d 6h 2s Qh]
Seat 3: _SKR (small blind) (button) won 180


Winamax Poker - Tournament "Expresso Nitro" buyIn: 0.93€ + 0.07€ level: 2 - HandId: #2730571620740497409-10-1676986341 - Holdem no limit (15/30) - 2023/02/21 13:32:21 UTC
Table: 'Expresso Nitro(635760748)#0' 3-max (real money) Seat #1 is the button
Seat 1: FISHONN (525)
Seat 3: _SKR (375)
*** ANTE/BLINDS ***
FISHONN posts small blind 15
_SKR posts big blind 30
Dealt to _SKR [Jh Th]
*** PRE-FLOP *** 
FISHONN raises 495 to 525 and is all-in
_SKR folds
FISHONN collected 555 from pot
*** SUMMARY ***
Total pot 555 | No rake
Seat 1: FISHONN (small blind) (button) won 555


Winamax Poker - Tournament "Expresso Nitro" buyIn: 0.93€ + 0.07€ level: 2 - HandId: #2730571620740497409-11-1676986347 - Holdem no limit (15/30) - 2023/02/21 13:32:27 UTC
Table: 'Expresso Nitro(635760748)#0' 3-max (real money) Seat #3 is the button
Seat 1: FISHONN (555)
Seat 3: _SKR (345)
*** ANTE/BLINDS ***
_SKR posts small blind 15
FISHONN posts big blind 30
Dealt to _SKR [Qd Js]
*** PRE-FLOP *** 
_SKR raises 315 to 345 and is all-in
FISHONN folds
_SKR collected 375 from pot
*** SUMMARY ***
Total pot 375 | No rake
Seat 3: _SKR (small blind) (button) won 375


Winamax Poker - Tournament "Expresso Nitro" buyIn: 0.93€ + 0.07€ level: 2 - HandId: #2730571620740497409-12-1676986355 - Holdem no limit (15/30) - 2023/02/21 13:32:35 UTC
Table: 'Expresso Nitro(635760748)#0' 3-max (real money) Seat #1 is the button
Seat 1: FISHONN (525)
Seat 3: _SKR (375)
*** ANTE/BLINDS ***
FISHONN posts small blind 15
_SKR posts big blind 30
Dealt to _SKR [Qs 3s]
*** PRE-FLOP *** 
FISHONN calls 15
_SKR checks
*** FLOP *** [5s 6s 9c]
_SKR checks
FISHONN checks
*** TURN *** [5s 6s 9c][7c]
_SKR bets 39
FISHONN raises 54 to 93
_SKR calls 54
*** RIVER *** [5s 6s 9c 7c][Ad]
_SKR checks
FISHONN bets 123
_SKR folds
FISHONN collected 369 from pot
*** SUMMARY ***
Total pot 369 | No rake
Board: [5s 6s 9c 7c Ad]
Seat 1: FISHONN (small blind) (button) won 369


Winamax Poker - Tournament "Expresso Nitro" buyIn: 0.93€ + 0.07€ level: 3 - HandId: #2730571620740497409-13-1676986384 - Holdem no limit (20/40) - 2023/02/21 13:33:04 UTC
Table: 'Expresso Nitro(635760748)#0' 3-max (real money) Seat #3 is the button
Seat 1: FISHONN (648)
Seat 3: _SKR (252)
*** ANTE/BLINDS ***
_SKR posts small blind 20
FISHONN posts big blind 40
Dealt to _SKR [6s Ac]
*** PRE-FLOP *** 
_SKR raises 212 to 252 and is all-in
FISHONN calls 212
*** FLOP *** [Jc 5h 6d]
*** TURN *** [Jc 5h 6d][5c]
*** RIVER *** [Jc 5h 6d 5c][8c]
*** SHOW DOWN ***
_SKR shows [6s Ac] (Two pairs : 6 and 5)
FISHONN shows [Jd 9d] (Two pairs : Jacks and 5)
FISHONN collected 504 from pot
*** SUMMARY ***
Total pot 504 | No rake
Board: [Jc 5h 6d 5c 8c]
Seat 1: FISHONN (big blind) showed [Jd 9d] and won 504 with Two pairs : Jacks and 5
Seat 3: _SKR (small blind) (button) showed [6s Ac] and lost with Two pairs : 6 and 5


