Winamax Poker - Tournament "Expresso Nitro" buyIn: 0.93€ + 0.07€ level: 1 - HandId: #2718704939634262017-1-1676296382 - Holdem no limit (10/20) - 2023/02/13 13:53:02 UTC
Table: 'Expresso Nitro(632997821)#0' 3-max (real money) Seat #1 is the button
Seat 1: _SKR (300)
Seat 2: jankuloski69 (300)
Seat 3: VERTIGO CLUB (300)
*** ANTE/BLINDS ***
jankuloski69 posts small blind 10
VERTIGO CLUB posts big blind 20
Dealt to _SKR [6h Kd]
*** PRE-FLOP *** 
_SKR folds
jankuloski69 calls 10
VERTIGO CLUB checks
*** FLOP *** [2c Kc Qs]
jankuloski69 checks
VERTIGO CLUB checks
*** TURN *** [2c Kc Qs][7c]
jankuloski69 checks
VERTIGO CLUB checks
*** RIVER *** [2c Kc Qs 7c][5s]
jankuloski69 checks
VERTIGO CLUB bets 26
jankuloski69 folds
VERTIGO CLUB collected 66 from pot
*** SUMMARY ***
Total pot 66 | No rake
Board: [2c Kc Qs 7c 5s]
Seat 3: VERTIGO CLUB (big blind) won 66


Winamax Poker - Tournament "Expresso Nitro" buyIn: 0.93€ + 0.07€ level: 1 - HandId: #2718704939634262017-2-1676296411 - Holdem no limit (10/20) - 2023/02/13 13:53:31 UTC
Table: 'Expresso Nitro(632997821)#0' 3-max (real money) Seat #2 is the button
Seat 1: _SKR (300)
Seat 2: jankuloski69 (280)
Seat 3: VERTIGO CLUB (320)
*** ANTE/BLINDS ***
VERTIGO CLUB posts small blind 10
_SKR posts big blind 20
Dealt to _SKR [Jd Ah]
*** PRE-FLOP *** 
jankuloski69 folds
VERTIGO CLUB calls 10
_SKR raises 280 to 300 and is all-in
VERTIGO CLUB folds
_SKR collected 320 from pot
*** SUMMARY ***
Total pot 320 | No rake
Seat 1: _SKR (big blind) won 320


Winamax Poker - Tournament "Expresso Nitro" buyIn: 0.93€ + 0.07€ level: 1 - HandId: #2718704939634262017-3-1676296423 - Holdem no limit (10/20) - 2023/02/13 13:53:43 UTC
Table: 'Expresso Nitro(632997821)#0' 3-max (real money) Seat #3 is the button
Seat 1: _SKR (320)
Seat 2: jankuloski69 (280)
Seat 3: VERTIGO CLUB (300)
*** ANTE/BLINDS ***
_SKR posts small blind 10
jankuloski69 posts big blind 20
Dealt to _SKR [7h 2c]
*** PRE-FLOP *** 
VERTIGO CLUB folds
_SKR folds
jankuloski69 collected 30 from pot
*** SUMMARY ***
Total pot 30 | No rake
Seat 2: jankuloski69 (big blind) won 30


Winamax Poker - Tournament "Expresso Nitro" buyIn: 0.93€ + 0.07€ level: 1 - HandId: #2718704939634262017-4-1676296428 - Holdem no limit (10/20) - 2023/02/13 13:53:48 UTC
Table: 'Expresso Nitro(632997821)#0' 3-max (real money) Seat #1 is the button
Seat 1: _SKR (310)
Seat 2: jankuloski69 (290)
Seat 3: VERTIGO CLUB (300)
*** ANTE/BLINDS ***
jankuloski69 posts small blind 10
VERTIGO CLUB posts big blind 20
Dealt to _SKR [5s 7h]
*** PRE-FLOP *** 
_SKR folds
jankuloski69 calls 10
VERTIGO CLUB checks
*** FLOP *** [4c 7s 2c]
jankuloski69 checks
VERTIGO CLUB bets 26
jankuloski69 calls 26
*** TURN *** [4c 7s 2c][Ks]
jankuloski69 checks
VERTIGO CLUB bets 60
jankuloski69 folds
VERTIGO CLUB collected 152 from pot
*** SUMMARY ***
Total pot 152 | No rake
Board: [4c 7s 2c Ks]
Seat 3: VERTIGO CLUB (big blind) won 152


Winamax Poker - Tournament "Expresso Nitro" buyIn: 0.93€ + 0.07€ level: 2 - HandId: #2718704939634262017-5-1676296454 - Holdem no limit (15/30) - 2023/02/13 13:54:14 UTC
Table: 'Expresso Nitro(632997821)#0' 3-max (real money) Seat #2 is the button
Seat 1: _SKR (310)
Seat 2: jankuloski69 (244)
Seat 3: VERTIGO CLUB (346)
*** ANTE/BLINDS ***
VERTIGO CLUB posts small blind 15
_SKR posts big blind 30
Dealt to _SKR [2c Qd]
*** PRE-FLOP *** 
jankuloski69 calls 30
VERTIGO CLUB raises 60 to 90
_SKR folds
jankuloski69 calls 60
*** FLOP *** [Js 7s Td]
VERTIGO CLUB bets 210
jankuloski69 calls 154 and is all-in
*** TURN *** [Js 7s Td][4s]
*** RIVER *** [Js 7s Td 4s][Jd]
*** SHOW DOWN ***
jankuloski69 shows [4h Qh] (Two pairs : Jacks and 4)
VERTIGO CLUB shows [Jh Ks] (Trips of Jacks)
VERTIGO CLUB collected 574 from pot
*** SUMMARY ***
Total pot 574 | No rake
Board: [Js 7s Td 4s Jd]
Seat 2: jankuloski69 (button) showed [4h Qh] and lost with Two pairs : Jacks and 4
Seat 3: VERTIGO CLUB (small blind) showed [Jh Ks] and won 574 with Trips of Jacks


Winamax Poker - Tournament "Expresso Nitro" buyIn: 0.93€ + 0.07€ level: 2 - HandId: #2718704939634262017-6-1676296477 - Holdem no limit (15/30) - 2023/02/13 13:54:37 UTC
Table: 'Expresso Nitro(632997821)#0' 3-max (real money) Seat #1 is the button
Seat 1: _SKR (280)
Seat 3: VERTIGO CLUB (620)
*** ANTE/BLINDS ***
_SKR posts small blind 15
VERTIGO CLUB posts big blind 30
Dealt to _SKR [Kh Ac]
*** PRE-FLOP *** 
_SKR raises 250 to 280 and is all-in
VERTIGO CLUB folds
_SKR collected 310 from pot
*** SUMMARY ***
Total pot 310 | No rake
Seat 1: _SKR (small blind) (button) won 310


Winamax Poker - Tournament "Expresso Nitro" buyIn: 0.93€ + 0.07€ level: 2 - HandId: #2718704939634262017-7-1676296483 - Holdem no limit (15/30) - 2023/02/13 13:54:43 UTC
Table: 'Expresso Nitro(632997821)#0' 3-max (real money) Seat #3 is the button
Seat 1: _SKR (310)
Seat 3: VERTIGO CLUB (590)
*** ANTE/BLINDS ***
VERTIGO CLUB posts small blind 15
_SKR posts big blind 30
Dealt to _SKR [9s 7d]
*** PRE-FLOP *** 
VERTIGO CLUB calls 15
_SKR checks
*** FLOP *** [4h 3c 8h]
_SKR checks
VERTIGO CLUB checks
*** TURN *** [4h 3c 8h][3s]
_SKR checks
VERTIGO CLUB checks
*** RIVER *** [4h 3c 8h 3s][Qh]
_SKR checks
VERTIGO CLUB checks
*** SHOW DOWN ***
_SKR shows [9s 7d] (One pair : 3)
VERTIGO CLUB shows [Js 7c] (One pair : 3)
VERTIGO CLUB collected 60 from pot
*** SUMMARY ***
Total pot 60 | No rake
Board: [4h 3c 8h 3s Qh]
Seat 1: _SKR (big blind) showed [9s 7d] and lost with One pair : 3
Seat 3: VERTIGO CLUB (small blind) (button) showed [Js 7c] and won 60 with One pair : 3


Winamax Poker - Tournament "Expresso Nitro" buyIn: 0.93€ + 0.07€ level: 3 - HandId: #2718704939634262017-8-1676296509 - Holdem no limit (20/40) - 2023/02/13 13:55:09 UTC
Table: 'Expresso Nitro(632997821)#0' 3-max (real money) Seat #1 is the button
Seat 1: _SKR (280)
Seat 3: VERTIGO CLUB (620)
*** ANTE/BLINDS ***
_SKR posts small blind 20
VERTIGO CLUB posts big blind 40
Dealt to _SKR [Qd 7h]
*** PRE-FLOP *** 
_SKR raises 240 to 280 and is all-in
VERTIGO CLUB folds
_SKR collected 320 from pot
*** SUMMARY ***
Total pot 320 | No rake
Seat 1: _SKR (small blind) (button) won 320


Winamax Poker - Tournament "Expresso Nitro" buyIn: 0.93€ + 0.07€ level: 3 - HandId: #2718704939634262017-9-1676296515 - Holdem no limit (20/40) - 2023/02/13 13:55:15 UTC
Table: 'Expresso Nitro(632997821)#0' 3-max (real money) Seat #3 is the button
Seat 1: _SKR (320)
Seat 3: VERTIGO CLUB (580)
*** ANTE/BLINDS ***
VERTIGO CLUB posts small blind 20
_SKR posts big blind 40
Dealt to _SKR [Kd 6d]
*** PRE-FLOP *** 
VERTIGO CLUB raises 80 to 120
_SKR folds
VERTIGO CLUB collected 160 from pot
*** SUMMARY ***
Total pot 160 | No rake
Seat 3: VERTIGO CLUB (small blind) (button) won 160


Winamax Poker - Tournament "Expresso Nitro" buyIn: 0.93€ + 0.07€ level: 3 - HandId: #2718704939634262017-10-1676296523 - Holdem no limit (20/40) - 2023/02/13 13:55:23 UTC
Table: 'Expresso Nitro(632997821)#0' 3-max (real money) Seat #1 is the button
Seat 1: _SKR (280)
Seat 3: VERTIGO CLUB (620)
*** ANTE/BLINDS ***
_SKR posts small blind 20
VERTIGO CLUB posts big blind 40
Dealt to _SKR [Ac Ks]
*** PRE-FLOP *** 
_SKR raises 240 to 280 and is all-in
VERTIGO CLUB folds
_SKR collected 320 from pot
*** SUMMARY ***
Total pot 320 | No rake
Seat 1: _SKR (small blind) (button) won 320


Winamax Poker - Tournament "Expresso Nitro" buyIn: 0.93€ + 0.07€ level: 3 - HandId: #2718704939634262017-11-1676296532 - Holdem no limit (20/40) - 2023/02/13 13:55:32 UTC
Table: 'Expresso Nitro(632997821)#0' 3-max (real money) Seat #3 is the button
Seat 1: _SKR (320)
Seat 3: VERTIGO CLUB (580)
*** ANTE/BLINDS ***
VERTIGO CLUB posts small blind 20
_SKR posts big blind 40
Dealt to _SKR [5h 4s]
*** PRE-FLOP *** 
VERTIGO CLUB calls 20
_SKR checks
*** FLOP *** [9c 7c 4c]
_SKR checks
VERTIGO CLUB bets 52
_SKR folds
VERTIGO CLUB collected 132 from pot
*** SUMMARY ***
Total pot 132 | No rake
Board: [9c 7c 4c]
Seat 3: VERTIGO CLUB (small blind) (button) won 132


Winamax Poker - Tournament "Expresso Nitro" buyIn: 0.93€ + 0.07€ level: 3 - HandId: #2718704939634262017-12-1676296546 - Holdem no limit (20/40) - 2023/02/13 13:55:46 UTC
Table: 'Expresso Nitro(632997821)#0' 3-max (real money) Seat #1 is the button
Seat 1: _SKR (280)
Seat 3: VERTIGO CLUB (620)
*** ANTE/BLINDS ***
_SKR posts small blind 20
VERTIGO CLUB posts big blind 40
Dealt to _SKR [Kc 7h]
*** PRE-FLOP *** 
_SKR raises 240 to 280 and is all-in
VERTIGO CLUB folds
_SKR collected 320 from pot
*** SUMMARY ***
Total pot 320 | No rake
Seat 1: _SKR (small blind) (button) won 320


Winamax Poker - Tournament "Expresso Nitro" buyIn: 0.93€ + 0.07€ level: 3 - HandId: #2718704939634262017-13-1676296552 - Holdem no limit (20/40) - 2023/02/13 13:55:52 UTC
Table: 'Expresso Nitro(632997821)#0' 3-max (real money) Seat #3 is the button
Seat 1: _SKR (320)
Seat 3: VERTIGO CLUB (580)
*** ANTE/BLINDS ***
VERTIGO CLUB posts small blind 20
_SKR posts big blind 40
Dealt to _SKR [9h 6h]
*** PRE-FLOP *** 
VERTIGO CLUB calls 20
_SKR checks
*** FLOP *** [8s Qd 8h]
_SKR checks
VERTIGO CLUB checks
*** TURN *** [8s Qd 8h][3s]
_SKR bets 52
VERTIGO CLUB folds
_SKR collected 132 from pot
*** SUMMARY ***
Total pot 132 | No rake
Board: [8s Qd 8h 3s]
Seat 1: _SKR (big blind) won 132


Winamax Poker - Tournament "Expresso Nitro" buyIn: 0.93€ + 0.07€ level: 4 - HandId: #2718704939634262017-14-1676296570 - Holdem no limit (30/60) - 2023/02/13 13:56:10 UTC
Table: 'Expresso Nitro(632997821)#0' 3-max (real money) Seat #1 is the button
Seat 1: _SKR (360)
Seat 3: VERTIGO CLUB (540)
*** ANTE/BLINDS ***
_SKR posts small blind 30
VERTIGO CLUB posts big blind 60
Dealt to _SKR [Ah Tc]
*** PRE-FLOP *** 
_SKR raises 300 to 360 and is all-in
VERTIGO CLUB folds
_SKR collected 420 from pot
*** SUMMARY ***
Total pot 420 | No rake
Seat 1: _SKR (small blind) (button) won 420


Winamax Poker - Tournament "Expresso Nitro" buyIn: 0.93€ + 0.07€ level: 4 - HandId: #2718704939634262017-15-1676296576 - Holdem no limit (30/60) - 2023/02/13 13:56:16 UTC
Table: 'Expresso Nitro(632997821)#0' 3-max (real money) Seat #3 is the button
Seat 1: _SKR (420)
Seat 3: VERTIGO CLUB (480)
*** ANTE/BLINDS ***
VERTIGO CLUB posts small blind 30
_SKR posts big blind 60
Dealt to _SKR [4c Js]
*** PRE-FLOP *** 
VERTIGO CLUB folds
_SKR collected 90 from pot
*** SUMMARY ***
Total pot 90 | No rake
Seat 1: _SKR (big blind) won 90


Winamax Poker - Tournament "Expresso Nitro" buyIn: 0.93€ + 0.07€ level: 4 - HandId: #2718704939634262017-16-1676296580 - Holdem no limit (30/60) - 2023/02/13 13:56:20 UTC
Table: 'Expresso Nitro(632997821)#0' 3-max (real money) Seat #1 is the button
Seat 1: _SKR (450)
Seat 3: VERTIGO CLUB (450)
*** ANTE/BLINDS ***
_SKR posts small blind 30
VERTIGO CLUB posts big blind 60
Dealt to _SKR [Th 8h]
*** PRE-FLOP *** 
_SKR raises 390 to 450 and is all-in
VERTIGO CLUB folds
_SKR collected 510 from pot
*** SUMMARY ***
Total pot 510 | No rake
Seat 1: _SKR (small blind) (button) won 510


Winamax Poker - Tournament "Expresso Nitro" buyIn: 0.93€ + 0.07€ level: 4 - HandId: #2718704939634262017-17-1676296589 - Holdem no limit (30/60) - 2023/02/13 13:56:29 UTC
Table: 'Expresso Nitro(632997821)#0' 3-max (real money) Seat #3 is the button
Seat 1: _SKR (510)
Seat 3: VERTIGO CLUB (390)
*** ANTE/BLINDS ***
VERTIGO CLUB posts small blind 30
_SKR posts big blind 60
Dealt to _SKR [3s Jd]
*** PRE-FLOP *** 
VERTIGO CLUB folds
_SKR collected 90 from pot
*** SUMMARY ***
Total pot 90 | No rake
Seat 1: _SKR (big blind) won 90


Winamax Poker - Tournament "Expresso Nitro" buyIn: 0.93€ + 0.07€ level: 4 - HandId: #2718704939634262017-18-1676296593 - Holdem no limit (30/60) - 2023/02/13 13:56:33 UTC
Table: 'Expresso Nitro(632997821)#0' 3-max (real money) Seat #1 is the button
Seat 1: _SKR (540)
Seat 3: VERTIGO CLUB (360)
*** ANTE/BLINDS ***
_SKR posts small blind 30
VERTIGO CLUB posts big blind 60
Dealt to _SKR [5s 2c]
*** PRE-FLOP *** 
_SKR folds
VERTIGO CLUB collected 90 from pot
*** SUMMARY ***
Total pot 90 | No rake
Seat 3: VERTIGO CLUB (big blind) won 90


Winamax Poker - Tournament "Expresso Nitro" buyIn: 0.93€ + 0.07€ level: 4 - HandId: #2718704939634262017-19-1676296596 - Holdem no limit (30/60) - 2023/02/13 13:56:36 UTC
Table: 'Expresso Nitro(632997821)#0' 3-max (real money) Seat #3 is the button
Seat 1: _SKR (510)
Seat 3: VERTIGO CLUB (390)
*** ANTE/BLINDS ***
VERTIGO CLUB posts small blind 30
_SKR posts big blind 60
Dealt to _SKR [Qh Jc]
*** PRE-FLOP *** 
VERTIGO CLUB raises 120 to 180
_SKR folds
VERTIGO CLUB collected 240 from pot
*** SUMMARY ***
Total pot 240 | No rake
Seat 3: VERTIGO CLUB (small blind) (button) won 240


Winamax Poker - Tournament "Expresso Nitro" buyIn: 0.93€ + 0.07€ level: 4 - HandId: #2718704939634262017-20-1676296604 - Holdem no limit (30/60) - 2023/02/13 13:56:44 UTC
Table: 'Expresso Nitro(632997821)#0' 3-max (real money) Seat #1 is the button
Seat 1: _SKR (450)
Seat 3: VERTIGO CLUB (450)
*** ANTE/BLINDS ***
_SKR posts small blind 30
VERTIGO CLUB posts big blind 60
Dealt to _SKR [Kc 4h]
*** PRE-FLOP *** 
_SKR folds
VERTIGO CLUB collected 90 from pot
*** SUMMARY ***
Total pot 90 | No rake
Seat 3: VERTIGO CLUB (big blind) won 90


Winamax Poker - Tournament "Expresso Nitro" buyIn: 0.93€ + 0.07€ level: 4 - HandId: #2718704939634262017-21-1676296608 - Holdem no limit (30/60) - 2023/02/13 13:56:48 UTC
Table: 'Expresso Nitro(632997821)#0' 3-max (real money) Seat #3 is the button
Seat 1: _SKR (420)
Seat 3: VERTIGO CLUB (480)
*** ANTE/BLINDS ***
VERTIGO CLUB posts small blind 30
_SKR posts big blind 60
Dealt to _SKR [5d Qc]
*** PRE-FLOP *** 
VERTIGO CLUB raises 150 to 210
_SKR folds
VERTIGO CLUB collected 270 from pot
*** SUMMARY ***
Total pot 270 | No rake
Seat 3: VERTIGO CLUB (small blind) (button) won 270


Winamax Poker - Tournament "Expresso Nitro" buyIn: 0.93€ + 0.07€ level: 5 - HandId: #2718704939634262017-22-1676296625 - Holdem no limit (40/80) - 2023/02/13 13:57:05 UTC
Table: 'Expresso Nitro(632997821)#0' 3-max (real money) Seat #1 is the button
Seat 1: _SKR (360)
Seat 3: VERTIGO CLUB (540)
*** ANTE/BLINDS ***
_SKR posts small blind 40
VERTIGO CLUB posts big blind 80
Dealt to _SKR [9d 7h]
*** PRE-FLOP *** 
_SKR folds
VERTIGO CLUB collected 120 from pot
*** SUMMARY ***
Total pot 120 | No rake
Seat 3: VERTIGO CLUB (big blind) won 120


Winamax Poker - Tournament "Expresso Nitro" buyIn: 0.93€ + 0.07€ level: 5 - HandId: #2718704939634262017-23-1676296628 - Holdem no limit (40/80) - 2023/02/13 13:57:08 UTC
Table: 'Expresso Nitro(632997821)#0' 3-max (real money) Seat #3 is the button
Seat 1: _SKR (320)
Seat 3: VERTIGO CLUB (580)
*** ANTE/BLINDS ***
VERTIGO CLUB posts small blind 40
_SKR posts big blind 80
Dealt to _SKR [As 7h]
*** PRE-FLOP *** 
VERTIGO CLUB calls 40
_SKR raises 240 to 320 and is all-in
VERTIGO CLUB calls 240
*** FLOP *** [4h Qd 3s]
*** TURN *** [4h Qd 3s][6c]
*** RIVER *** [4h Qd 3s 6c][9h]
*** SHOW DOWN ***
_SKR shows [As 7h] (High card : Ace)
VERTIGO CLUB shows [Jd 9c] (One pair : 9)
VERTIGO CLUB collected 640 from pot
*** SUMMARY ***
Total pot 640 | No rake
Board: [4h Qd 3s 6c 9h]
Seat 1: _SKR (big blind) showed [As 7h] and lost with High card : Ace
Seat 3: VERTIGO CLUB (small blind) (button) showed [Jd 9c] and won 640 with One pair : 9


