Winamax Poker - Tournament "Expresso Nitro" buyIn: 0.93€ + 0.07€ level: 1 - HandId: #2717794007135551489-1-1676235550 - Holdem no limit (10/20) - 2023/02/12 20:59:10 UTC
Table: 'Expresso Nitro(632785728)#0' 3-max (real money) Seat #2 is the button
Seat 1: _SKR (300)
Seat 2: Point point (300)
Seat 3: Bec 69 (300)
*** ANTE/BLINDS ***
Bec 69 posts small blind 10
_SKR posts big blind 20
Dealt to _SKR [Kh Td]
*** PRE-FLOP *** 
Point point folds
Bec 69 calls 10
_SKR raises 280 to 300 and is all-in
Bec 69 folds
_SKR collected 320 from pot
*** SUMMARY ***
Total pot 320 | No rake
Seat 1: _SKR (big blind) won 320


Winamax Poker - Tournament "Expresso Nitro" buyIn: 0.93€ + 0.07€ level: 1 - HandId: #2717794007135551489-2-1676235571 - Holdem no limit (10/20) - 2023/02/12 20:59:31 UTC
Table: 'Expresso Nitro(632785728)#0' 3-max (real money) Seat #3 is the button
Seat 1: _SKR (320)
Seat 2: Point point (300)
Seat 3: Bec 69 (280)
*** ANTE/BLINDS ***
_SKR posts small blind 10
Point point posts big blind 20
Dealt to _SKR [5c 8h]
*** PRE-FLOP *** 
Bec 69 folds
_SKR folds
Point point collected 30 from pot
*** SUMMARY ***
Total pot 30 | No rake
Seat 2: Point point (big blind) won 30


Winamax Poker - Tournament "Expresso Nitro" buyIn: 0.93€ + 0.07€ level: 1 - HandId: #2717794007135551489-3-1676235582 - Holdem no limit (10/20) - 2023/02/12 20:59:42 UTC
Table: 'Expresso Nitro(632785728)#0' 3-max (real money) Seat #1 is the button
Seat 1: _SKR (310)
Seat 2: Point point (310)
Seat 3: Bec 69 (280)
*** ANTE/BLINDS ***
Point point posts small blind 10
Bec 69 posts big blind 20
Dealt to _SKR [5d 9d]
*** PRE-FLOP *** 
_SKR folds
Point point folds
Bec 69 collected 30 from pot
*** SUMMARY ***
Total pot 30 | No rake
Seat 3: Bec 69 (big blind) won 30


Winamax Poker - Tournament "Expresso Nitro" buyIn: 0.93€ + 0.07€ level: 1 - HandId: #2717794007135551489-4-1676235590 - Holdem no limit (10/20) - 2023/02/12 20:59:50 UTC
Table: 'Expresso Nitro(632785728)#0' 3-max (real money) Seat #2 is the button
Seat 1: _SKR (310)
Seat 2: Point point (300)
Seat 3: Bec 69 (290)
*** ANTE/BLINDS ***
Bec 69 posts small blind 10
_SKR posts big blind 20
Dealt to _SKR [Tc 7h]
*** PRE-FLOP *** 
Point point folds
Bec 69 calls 10
_SKR checks
*** FLOP *** [5s Jh 2s]
Bec 69 checks
_SKR checks
*** TURN *** [5s Jh 2s][Qs]
Bec 69 checks
_SKR checks
*** RIVER *** [5s Jh 2s Qs][Js]
Bec 69 checks
_SKR checks
*** SHOW DOWN ***
_SKR shows [Tc 7h] (One pair : Jacks)
Bec 69 shows [Kh 9d] (One pair : Jacks)
Bec 69 collected 40 from pot
*** SUMMARY ***
Total pot 40 | No rake
Board: [5s Jh 2s Qs Js]
Seat 1: _SKR (big blind) showed [Tc 7h] and lost with One pair : Jacks
Seat 3: Bec 69 (small blind) showed [Kh 9d] and won 40 with One pair : Jacks


Winamax Poker - Tournament "Expresso Nitro" buyIn: 0.93€ + 0.07€ level: 2 - HandId: #2717794007135551489-5-1676235643 - Holdem no limit (15/30) - 2023/02/12 21:00:43 UTC
Table: 'Expresso Nitro(632785728)#0' 3-max (real money) Seat #3 is the button
Seat 1: _SKR (290)
Seat 2: Point point (300)
Seat 3: Bec 69 (310)
*** ANTE/BLINDS ***
_SKR posts small blind 15
Point point posts big blind 30
Dealt to _SKR [Js Td]
*** PRE-FLOP *** 
Bec 69 raises 280 to 310 and is all-in
_SKR folds
Point point folds
Bec 69 collected 355 from pot
*** SUMMARY ***
Total pot 355 | No rake
Seat 3: Bec 69 (button) won 355


Winamax Poker - Tournament "Expresso Nitro" buyIn: 0.93€ + 0.07€ level: 2 - HandId: #2717794007135551489-6-1676235655 - Holdem no limit (15/30) - 2023/02/12 21:00:55 UTC
Table: 'Expresso Nitro(632785728)#0' 3-max (real money) Seat #1 is the button
Seat 1: _SKR (275)
Seat 2: Point point (270)
Seat 3: Bec 69 (355)
*** ANTE/BLINDS ***
Point point posts small blind 15
Bec 69 posts big blind 30
Dealt to _SKR [3h Jc]
*** PRE-FLOP *** 
_SKR folds
Point point calls 15
Bec 69 raises 325 to 355 and is all-in
Point point folds
Bec 69 collected 385 from pot
*** SUMMARY ***
Total pot 385 | No rake
Seat 3: Bec 69 (big blind) won 385


Winamax Poker - Tournament "Expresso Nitro" buyIn: 0.93€ + 0.07€ level: 3 - HandId: #2717794007135551489-7-1676235679 - Holdem no limit (20/40) - 2023/02/12 21:01:19 UTC
Table: 'Expresso Nitro(632785728)#0' 3-max (real money) Seat #2 is the button
Seat 1: _SKR (275)
Seat 2: Point point (240)
Seat 3: Bec 69 (385)
*** ANTE/BLINDS ***
Bec 69 posts small blind 20
_SKR posts big blind 40
Dealt to _SKR [8h Td]
*** PRE-FLOP *** 
Point point raises 200 to 240 and is all-in
Bec 69 raises 145 to 385 and is all-in
_SKR folds
*** FLOP *** [6s 9h 9d]
*** TURN *** [6s 9h 9d][4d]
*** RIVER *** [6s 9h 9d 4d][6h]
*** SHOW DOWN ***
Point point shows [7h Ah] (Two pairs : 9 and 6)
Bec 69 shows [Ad As] (Two pairs : Aces and 9)
Bec 69 collected 665 from pot
*** SUMMARY ***
Total pot 665 | No rake
Board: [6s 9h 9d 4d 6h]
Seat 2: Point point (button) showed [7h Ah] and lost with Two pairs : 9 and 6
Seat 3: Bec 69 (small blind) showed [Ad As] and won 665 with Two pairs : Aces and 9


Winamax Poker - Tournament "Expresso Nitro" buyIn: 0.93€ + 0.07€ level: 3 - HandId: #2717794007135551489-8-1676235706 - Holdem no limit (20/40) - 2023/02/12 21:01:46 UTC
Table: 'Expresso Nitro(632785728)#0' 3-max (real money) Seat #1 is the button
Seat 1: _SKR (235)
Seat 3: Bec 69 (665)
*** ANTE/BLINDS ***
_SKR posts small blind 20
Bec 69 posts big blind 40
Dealt to _SKR [Jh As]
*** PRE-FLOP *** 
_SKR raises 195 to 235 and is all-in
Bec 69 folds
_SKR collected 275 from pot
*** SUMMARY ***
Total pot 275 | No rake
Seat 1: _SKR (small blind) (button) won 275


Winamax Poker - Tournament "Expresso Nitro" buyIn: 0.93€ + 0.07€ level: 3 - HandId: #2717794007135551489-9-1676235717 - Holdem no limit (20/40) - 2023/02/12 21:01:57 UTC
Table: 'Expresso Nitro(632785728)#0' 3-max (real money) Seat #3 is the button
Seat 1: _SKR (275)
Seat 3: Bec 69 (625)
*** ANTE/BLINDS ***
Bec 69 posts small blind 20
_SKR posts big blind 40
Dealt to _SKR [Td 5d]
*** PRE-FLOP *** 
Bec 69 calls 20
_SKR raises 235 to 275 and is all-in
Bec 69 folds
_SKR collected 315 from pot
*** SUMMARY ***
Total pot 315 | No rake
Seat 1: _SKR (big blind) won 315


Winamax Poker - Tournament "Expresso Nitro" buyIn: 0.93€ + 0.07€ level: 4 - HandId: #2717794007135551489-10-1676235743 - Holdem no limit (30/60) - 2023/02/12 21:02:23 UTC
Table: 'Expresso Nitro(632785728)#0' 3-max (real money) Seat #1 is the button
Seat 1: _SKR (315)
Seat 3: Bec 69 (585)
*** ANTE/BLINDS ***
_SKR posts small blind 30
Bec 69 posts big blind 60
Dealt to _SKR [Qs Kd]
*** PRE-FLOP *** 
_SKR raises 255 to 315 and is all-in
Bec 69 folds
_SKR collected 375 from pot
*** SUMMARY ***
Total pot 375 | No rake
Seat 1: _SKR (small blind) (button) won 375


Winamax Poker - Tournament "Expresso Nitro" buyIn: 0.93€ + 0.07€ level: 4 - HandId: #2717794007135551489-11-1676235754 - Holdem no limit (30/60) - 2023/02/12 21:02:34 UTC
Table: 'Expresso Nitro(632785728)#0' 3-max (real money) Seat #3 is the button
Seat 1: _SKR (375)
Seat 3: Bec 69 (525)
*** ANTE/BLINDS ***
Bec 69 posts small blind 30
_SKR posts big blind 60
Dealt to _SKR [Ah 6d]
*** PRE-FLOP *** 
Bec 69 folds
_SKR collected 90 from pot
*** SUMMARY ***
Total pot 90 | No rake
Seat 1: _SKR (big blind) won 90


Winamax Poker - Tournament "Expresso Nitro" buyIn: 0.93€ + 0.07€ level: 4 - HandId: #2717794007135551489-12-1676235768 - Holdem no limit (30/60) - 2023/02/12 21:02:48 UTC
Table: 'Expresso Nitro(632785728)#0' 3-max (real money) Seat #1 is the button
Seat 1: _SKR (405)
Seat 3: Bec 69 (495)
*** ANTE/BLINDS ***
_SKR posts small blind 30
Bec 69 posts big blind 60
Dealt to _SKR [Jh 8h]
*** PRE-FLOP *** 
_SKR raises 345 to 405 and is all-in
Bec 69 folds
_SKR collected 465 from pot
*** SUMMARY ***
Total pot 465 | No rake
Seat 1: _SKR (small blind) (button) won 465


Winamax Poker - Tournament "Expresso Nitro" buyIn: 0.93€ + 0.07€ level: 4 - HandId: #2717794007135551489-13-1676235779 - Holdem no limit (30/60) - 2023/02/12 21:02:59 UTC
Table: 'Expresso Nitro(632785728)#0' 3-max (real money) Seat #3 is the button
Seat 1: _SKR (465)
Seat 3: Bec 69 (435)
*** ANTE/BLINDS ***
Bec 69 posts small blind 30
_SKR posts big blind 60
Dealt to _SKR [6d 9s]
*** PRE-FLOP *** 
Bec 69 folds
_SKR collected 90 from pot
*** SUMMARY ***
Total pot 90 | No rake
Seat 1: _SKR (big blind) won 90


Winamax Poker - Tournament "Expresso Nitro" buyIn: 0.93€ + 0.07€ level: 5 - HandId: #2717794007135551489-14-1676235790 - Holdem no limit (40/80) - 2023/02/12 21:03:10 UTC
Table: 'Expresso Nitro(632785728)#0' 3-max (real money) Seat #1 is the button
Seat 1: _SKR (495)
Seat 3: Bec 69 (405)
*** ANTE/BLINDS ***
_SKR posts small blind 40
Bec 69 posts big blind 80
Dealt to _SKR [Kd Kh]
*** PRE-FLOP *** 
_SKR raises 415 to 495 and is all-in
Bec 69 folds
_SKR collected 575 from pot
*** SUMMARY ***
Total pot 575 | No rake
Seat 1: _SKR (small blind) (button) won 575


Winamax Poker - Tournament "Expresso Nitro" buyIn: 0.93€ + 0.07€ level: 5 - HandId: #2717794007135551489-15-1676235797 - Holdem no limit (40/80) - 2023/02/12 21:03:17 UTC
Table: 'Expresso Nitro(632785728)#0' 3-max (real money) Seat #3 is the button
Seat 1: _SKR (575)
Seat 3: Bec 69 (325)
*** ANTE/BLINDS ***
Bec 69 posts small blind 40
_SKR posts big blind 80
Dealt to _SKR [Js 4c]
*** PRE-FLOP *** 
Bec 69 raises 245 to 325 and is all-in
_SKR folds
Bec 69 collected 405 from pot
*** SUMMARY ***
Total pot 405 | No rake
Seat 3: Bec 69 (small blind) (button) won 405


Winamax Poker - Tournament "Expresso Nitro" buyIn: 0.93€ + 0.07€ level: 5 - HandId: #2717794007135551489-16-1676235811 - Holdem no limit (40/80) - 2023/02/12 21:03:31 UTC
Table: 'Expresso Nitro(632785728)#0' 3-max (real money) Seat #1 is the button
Seat 1: _SKR (495)
Seat 3: Bec 69 (405)
*** ANTE/BLINDS ***
_SKR posts small blind 40
Bec 69 posts big blind 80
Dealt to _SKR [3c 9s]
*** PRE-FLOP *** 
_SKR folds
Bec 69 collected 120 from pot
*** SUMMARY ***
Total pot 120 | No rake
Seat 3: Bec 69 (big blind) won 120


Winamax Poker - Tournament "Expresso Nitro" buyIn: 0.93€ + 0.07€ level: 5 - HandId: #2717794007135551489-17-1676235815 - Holdem no limit (40/80) - 2023/02/12 21:03:35 UTC
Table: 'Expresso Nitro(632785728)#0' 3-max (real money) Seat #3 is the button
Seat 1: _SKR (455)
Seat 3: Bec 69 (445)
*** ANTE/BLINDS ***
Bec 69 posts small blind 40
_SKR posts big blind 80
Dealt to _SKR [2c 3d]
*** PRE-FLOP *** 
Bec 69 folds
_SKR collected 120 from pot
*** SUMMARY ***
Total pot 120 | No rake
Seat 1: _SKR (big blind) won 120


Winamax Poker - Tournament "Expresso Nitro" buyIn: 0.93€ + 0.07€ level: 5 - HandId: #2717794007135551489-18-1676235823 - Holdem no limit (40/80) - 2023/02/12 21:03:43 UTC
Table: 'Expresso Nitro(632785728)#0' 3-max (real money) Seat #1 is the button
Seat 1: _SKR (495)
Seat 3: Bec 69 (405)
*** ANTE/BLINDS ***
_SKR posts small blind 40
Bec 69 posts big blind 80
Dealt to _SKR [2c Js]
*** PRE-FLOP *** 
_SKR folds
Bec 69 collected 120 from pot
*** SUMMARY ***
Total pot 120 | No rake
Seat 3: Bec 69 (big blind) won 120


Winamax Poker - Tournament "Expresso Nitro" buyIn: 0.93€ + 0.07€ level: 5 - HandId: #2717794007135551489-19-1676235826 - Holdem no limit (40/80) - 2023/02/12 21:03:46 UTC
Table: 'Expresso Nitro(632785728)#0' 3-max (real money) Seat #3 is the button
Seat 1: _SKR (455)
Seat 3: Bec 69 (445)
*** ANTE/BLINDS ***
Bec 69 posts small blind 40
_SKR posts big blind 80
Dealt to _SKR [3c 8h]
*** PRE-FLOP *** 
Bec 69 calls 40
_SKR checks
*** FLOP *** [Qh Ac 4s]
_SKR checks
Bec 69 bets 80
_SKR folds
Bec 69 collected 240 from pot
*** SUMMARY ***
Total pot 240 | No rake
Board: [Qh Ac 4s]
Seat 3: Bec 69 (small blind) (button) won 240


Winamax Poker - Tournament "Expresso Nitro" buyIn: 0.93€ + 0.07€ level: 5 - HandId: #2717794007135551489-20-1676235844 - Holdem no limit (40/80) - 2023/02/12 21:04:04 UTC
Table: 'Expresso Nitro(632785728)#0' 3-max (real money) Seat #1 is the button
Seat 1: _SKR (375)
Seat 3: Bec 69 (525)
*** ANTE/BLINDS ***
_SKR posts small blind 40
Bec 69 posts big blind 80
Dealt to _SKR [Tc 8d]
*** PRE-FLOP *** 
_SKR raises 295 to 375 and is all-in
Bec 69 folds
_SKR collected 455 from pot
*** SUMMARY ***
Total pot 455 | No rake
Seat 1: _SKR (small blind) (button) won 455


Winamax Poker - Tournament "Expresso Nitro" buyIn: 0.93€ + 0.07€ level: 6 - HandId: #2717794007135551489-21-1676235853 - Holdem no limit (50/100) - 2023/02/12 21:04:13 UTC
Table: 'Expresso Nitro(632785728)#0' 3-max (real money) Seat #3 is the button
Seat 1: _SKR (455)
Seat 3: Bec 69 (445)
*** ANTE/BLINDS ***
Bec 69 posts small blind 50
_SKR posts big blind 100
Dealt to _SKR [Kc Jd]
*** PRE-FLOP *** 
Bec 69 folds
_SKR collected 150 from pot
*** SUMMARY ***
Total pot 150 | No rake
Seat 1: _SKR (big blind) won 150


Winamax Poker - Tournament "Expresso Nitro" buyIn: 0.93€ + 0.07€ level: 6 - HandId: #2717794007135551489-22-1676235860 - Holdem no limit (50/100) - 2023/02/12 21:04:20 UTC
Table: 'Expresso Nitro(632785728)#0' 3-max (real money) Seat #1 is the button
Seat 1: _SKR (505)
Seat 3: Bec 69 (395)
*** ANTE/BLINDS ***
_SKR posts small blind 50
Bec 69 posts big blind 100
Dealt to _SKR [Ad 6h]
*** PRE-FLOP *** 
_SKR raises 405 to 505 and is all-in
Bec 69 folds
_SKR collected 605 from pot
*** SUMMARY ***
Total pot 605 | No rake
Seat 1: _SKR (small blind) (button) won 605


Winamax Poker - Tournament "Expresso Nitro" buyIn: 0.93€ + 0.07€ level: 6 - HandId: #2717794007135551489-23-1676235871 - Holdem no limit (50/100) - 2023/02/12 21:04:31 UTC
Table: 'Expresso Nitro(632785728)#0' 3-max (real money) Seat #3 is the button
Seat 1: _SKR (605)
Seat 3: Bec 69 (295)
*** ANTE/BLINDS ***
Bec 69 posts small blind 50
_SKR posts big blind 100
Dealt to _SKR [Qc 6s]
*** PRE-FLOP *** 
Bec 69 folds
_SKR collected 150 from pot
*** SUMMARY ***
Total pot 150 | No rake
Seat 1: _SKR (big blind) won 150


Winamax Poker - Tournament "Expresso Nitro" buyIn: 0.93€ + 0.07€ level: 6 - HandId: #2717794007135551489-24-1676235883 - Holdem no limit (50/100) - 2023/02/12 21:04:43 UTC
Table: 'Expresso Nitro(632785728)#0' 3-max (real money) Seat #1 is the button
Seat 1: _SKR (655)
Seat 3: Bec 69 (245)
*** ANTE/BLINDS ***
_SKR posts small blind 50
Bec 69 posts big blind 100
Dealt to _SKR [5h Td]
*** PRE-FLOP *** 
_SKR folds
Bec 69 collected 150 from pot
*** SUMMARY ***
Total pot 150 | No rake
Seat 3: Bec 69 (big blind) won 150


Winamax Poker - Tournament "Expresso Nitro" buyIn: 0.93€ + 0.07€ level: 6 - HandId: #2717794007135551489-25-1676235889 - Holdem no limit (50/100) - 2023/02/12 21:04:49 UTC
Table: 'Expresso Nitro(632785728)#0' 3-max (real money) Seat #3 is the button
Seat 1: _SKR (605)
Seat 3: Bec 69 (295)
*** ANTE/BLINDS ***
Bec 69 posts small blind 50
_SKR posts big blind 100
Dealt to _SKR [2d 3d]
*** PRE-FLOP *** 
Bec 69 raises 195 to 295 and is all-in
_SKR calls 195
*** FLOP *** [4s 8d Jh]
*** TURN *** [4s 8d Jh][7s]
*** RIVER *** [4s 8d Jh 7s][7d]
*** SHOW DOWN ***
_SKR shows [2d 3d] (One pair : 7)
Bec 69 shows [Kh Kd] (Two pairs : Kings and 7)
Bec 69 collected 590 from pot
*** SUMMARY ***
Total pot 590 | No rake
Board: [4s 8d Jh 7s 7d]
Seat 1: _SKR (big blind) showed [2d 3d] and lost with One pair : 7
Seat 3: Bec 69 (small blind) (button) showed [Kh Kd] and won 590 with Two pairs : Kings and 7


Winamax Poker - Tournament "Expresso Nitro" buyIn: 0.93€ + 0.07€ level: 7 - HandId: #2717794007135551489-26-1676235909 - Holdem no limit (60/120) - 2023/02/12 21:05:09 UTC
Table: 'Expresso Nitro(632785728)#0' 3-max (real money) Seat #1 is the button
Seat 1: _SKR (310)
Seat 3: Bec 69 (590)
*** ANTE/BLINDS ***
_SKR posts small blind 60
Bec 69 posts big blind 120
Dealt to _SKR [As Th]
*** PRE-FLOP *** 
_SKR raises 190 to 310 and is all-in
Bec 69 calls 190
*** FLOP *** [8d Tc 5h]
*** TURN *** [8d Tc 5h][3c]
*** RIVER *** [8d Tc 5h 3c][2h]
*** SHOW DOWN ***
Bec 69 shows [Kd 9s] (High card : King)
_SKR shows [As Th] (One pair : Tens)
_SKR collected 620 from pot
*** SUMMARY ***
Total pot 620 | No rake
Board: [8d Tc 5h 3c 2h]
Seat 1: _SKR (small blind) (button) showed [As Th] and won 620 with One pair : Tens
Seat 3: Bec 69 (big blind) showed [Kd 9s] and lost with High card : King


Winamax Poker - Tournament "Expresso Nitro" buyIn: 0.93€ + 0.07€ level: 7 - HandId: #2717794007135551489-27-1676235925 - Holdem no limit (60/120) - 2023/02/12 21:05:25 UTC
Table: 'Expresso Nitro(632785728)#0' 3-max (real money) Seat #3 is the button
Seat 1: _SKR (620)
Seat 3: Bec 69 (280)
*** ANTE/BLINDS ***
Bec 69 posts small blind 60
_SKR posts big blind 120
Dealt to _SKR [4c 7s]
*** PRE-FLOP *** 
Bec 69 raises 160 to 280 and is all-in
_SKR calls 160
*** FLOP *** [8h Tc 9c]
*** TURN *** [8h Tc 9c][9h]
*** RIVER *** [8h Tc 9c 9h][Th]
*** SHOW DOWN ***
_SKR shows [4c 7s] (Two pairs : Tens and 9)
Bec 69 shows [Jd Kh] (Two pairs : Tens and 9)
Bec 69 collected 560 from pot
*** SUMMARY ***
Total pot 560 | No rake
Board: [8h Tc 9c 9h Th]
Seat 1: _SKR (big blind) showed [4c 7s] and lost with Two pairs : Tens and 9
Seat 3: Bec 69 (small blind) (button) showed [Jd Kh] and won 560 with Two pairs : Tens and 9


Winamax Poker - Tournament "Expresso Nitro" buyIn: 0.93€ + 0.07€ level: 7 - HandId: #2717794007135551489-28-1676235942 - Holdem no limit (60/120) - 2023/02/12 21:05:42 UTC
Table: 'Expresso Nitro(632785728)#0' 3-max (real money) Seat #1 is the button
Seat 1: _SKR (340)
Seat 3: Bec 69 (560)
*** ANTE/BLINDS ***
_SKR posts small blind 60
Bec 69 posts big blind 120
Dealt to _SKR [7d Kh]
*** PRE-FLOP *** 
_SKR raises 220 to 340 and is all-in
Bec 69 folds
_SKR collected 460 from pot
*** SUMMARY ***
Total pot 460 | No rake
Seat 1: _SKR (small blind) (button) won 460


Winamax Poker - Tournament "Expresso Nitro" buyIn: 0.93€ + 0.07€ level: 7 - HandId: #2717794007135551489-29-1676235947 - Holdem no limit (60/120) - 2023/02/12 21:05:47 UTC
Table: 'Expresso Nitro(632785728)#0' 3-max (real money) Seat #3 is the button
Seat 1: _SKR (460)
Seat 3: Bec 69 (440)
*** ANTE/BLINDS ***
Bec 69 posts small blind 60
_SKR posts big blind 120
Dealt to _SKR [8h 6h]
*** PRE-FLOP *** 
Bec 69 calls 60
_SKR raises 340 to 460 and is all-in
Bec 69 calls 320 and is all-in
*** FLOP *** [9s 4h 7d]
*** TURN *** [9s 4h 7d][6s]
*** RIVER *** [9s 4h 7d 6s][Qs]
*** SHOW DOWN ***
_SKR shows [8h 6h] (One pair : 6)
Bec 69 shows [6c 9h] (Two pairs : 9 and 6)
Bec 69 collected 880 from main pot
_SKR collected 20 from side pot 1
*** SUMMARY ***
Total pot 900 | No rake
Board: [9s 4h 7d 6s Qs]
Seat 1: _SKR (big blind) showed [8h 6h] and won 20 with One pair : 6
Seat 3: Bec 69 (small blind) (button) showed [6c 9h] and won 880 with Two pairs : 9 and 6


Winamax Poker - Tournament "Expresso Nitro" buyIn: 0.93€ + 0.07€ level: 7 - HandId: #2717794007135551489-30-1676235965 - Holdem no limit (60/120) - 2023/02/12 21:06:05 UTC
Table: 'Expresso Nitro(632785728)#0' 3-max (real money) Seat #1 is the button
Seat 1: _SKR (20)
Seat 3: Bec 69 (880)
*** ANTE/BLINDS ***
_SKR posts small blind 20 and is all-in
Bec 69 posts big blind 120
Dealt to _SKR [Js 9d]
*** PRE-FLOP *** 
*** FLOP *** [6d Qc Tc]
*** TURN *** [6d Qc Tc][8h]
*** RIVER *** [6d Qc Tc 8h][Th]
*** SHOW DOWN ***
_SKR shows [Js 9d] (Straight Queen high)
Bec 69 shows [Qd 5d] (Two pairs : Queens and Tens)
Bec 69 collected 100 from side pot 1
_SKR collected 40 from main pot
*** SUMMARY ***
Total pot 140 | No rake
Board: [6d Qc Tc 8h Th]
Seat 1: _SKR (small blind) (button) showed [Js 9d] and won 40 with Straight Queen high
Seat 3: Bec 69 (big blind) showed [Qd 5d] and won 100 with Two pairs : Queens and Tens


Winamax Poker - Tournament "Expresso Nitro" buyIn: 0.93€ + 0.07€ level: 8 - HandId: #2717794007135551489-31-1676235973 - Holdem no limit (80/160) - 2023/02/12 21:06:13 UTC
Table: 'Expresso Nitro(632785728)#0' 3-max (real money) Seat #3 is the button
Seat 1: _SKR (40)
Seat 3: Bec 69 (860)
*** ANTE/BLINDS ***
Bec 69 posts small blind 80
_SKR posts big blind 40 and is all-in
Dealt to _SKR [8d 4d]
*** PRE-FLOP *** 
*** FLOP *** [2d 7s 9s]
*** TURN *** [2d 7s 9s][3s]
*** RIVER *** [2d 7s 9s 3s][6d]
*** SHOW DOWN ***
_SKR shows [8d 4d] (High card : 9)
Bec 69 shows [5c 4s] (Straight 7 high)
Bec 69 collected 120 from pot
*** SUMMARY ***
Total pot 120 | No rake
Board: [2d 7s 9s 3s 6d]
Seat 1: _SKR (big blind) showed [8d 4d] and lost with High card : 9
Seat 3: Bec 69 (small blind) (button) showed [5c 4s] and won 120 with Straight 7 high


