Winamax Poker - Tournament "Expresso Nitro" buyIn: 0.93€ + 0.07€ level: 1 - HandId: #2680885549274759169-1-1674083324 - Holdem no limit (10/20) - 2023/01/18 23:08:44 UTC
Table: 'Expresso Nitro(624192308)#0' 3-max (real money) Seat #2 is the button
Seat 1: Djudjulose (300)
Seat 2: _SKR (300)
Seat 3: Djomart (300)
*** ANTE/BLINDS ***
Djomart posts small blind 10
Djudjulose posts big blind 20
Dealt to _SKR [Kh Kc]
*** PRE-FLOP *** 
_SKR raises 20 to 40
Djomart raises 260 to 300 and is all-in
Djudjulose folds
_SKR calls 260 and is all-in
*** FLOP *** [Th 2h 6s]
*** TURN *** [Th 2h 6s][3d]
*** RIVER *** [Th 2h 6s 3d][2s]
*** SHOW DOWN ***
Djomart shows [Ac Jh] (One pair : 2)
_SKR shows [Kh Kc] (Two pairs : Kings and 2)
_SKR collected 620 from pot
*** SUMMARY ***
Total pot 620 | No rake
Board: [Th 2h 6s 3d 2s]
Seat 2: _SKR (button) showed [Kh Kc] and won 620 with Two pairs : Kings and 2
Seat 3: Djomart (small blind) showed [Ac Jh] and lost with One pair : 2


Winamax Poker - Tournament "Expresso Nitro" buyIn: 0.93€ + 0.07€ level: 1 - HandId: #2680885549274759169-2-1674083342 - Holdem no limit (10/20) - 2023/01/18 23:09:02 UTC
Table: 'Expresso Nitro(624192308)#0' 3-max (real money) Seat #1 is the button
Seat 1: Djudjulose (280)
Seat 2: _SKR (620)
*** ANTE/BLINDS ***
Djudjulose posts small blind 10
_SKR posts big blind 20
Dealt to _SKR [Ad 3s]
*** PRE-FLOP *** 
Djudjulose folds
_SKR collected 30 from pot
*** SUMMARY ***
Total pot 30 | No rake
Seat 2: _SKR (big blind) won 30


Winamax Poker - Tournament "Expresso Nitro" buyIn: 0.93€ + 0.07€ level: 1 - HandId: #2680885549274759169-3-1674083345 - Holdem no limit (10/20) - 2023/01/18 23:09:05 UTC
Table: 'Expresso Nitro(624192308)#0' 3-max (real money) Seat #2 is the button
Seat 1: Djudjulose (270)
Seat 2: _SKR (630)
*** ANTE/BLINDS ***
_SKR posts small blind 10
Djudjulose posts big blind 20
Dealt to _SKR [4c 5d]
*** PRE-FLOP *** 
_SKR folds
Djudjulose collected 30 from pot
*** SUMMARY ***
Total pot 30 | No rake
Seat 1: Djudjulose (big blind) won 30


Winamax Poker - Tournament "Expresso Nitro" buyIn: 0.93€ + 0.07€ level: 1 - HandId: #2680885549274759169-4-1674083353 - Holdem no limit (10/20) - 2023/01/18 23:09:13 UTC
Table: 'Expresso Nitro(624192308)#0' 3-max (real money) Seat #1 is the button
Seat 1: Djudjulose (280)
Seat 2: _SKR (620)
*** ANTE/BLINDS ***
Djudjulose posts small blind 10
_SKR posts big blind 20
Dealt to _SKR [7h 6d]
*** PRE-FLOP *** 
Djudjulose raises 40 to 60
_SKR folds
Djudjulose collected 80 from pot
*** SUMMARY ***
Total pot 80 | No rake
Seat 1: Djudjulose (small blind) (button) won 80


Winamax Poker - Tournament "Expresso Nitro" buyIn: 0.93€ + 0.07€ level: 1 - HandId: #2680885549274759169-5-1674083359 - Holdem no limit (10/20) - 2023/01/18 23:09:19 UTC
Table: 'Expresso Nitro(624192308)#0' 3-max (real money) Seat #2 is the button
Seat 1: Djudjulose (300)
Seat 2: _SKR (600)
*** ANTE/BLINDS ***
_SKR posts small blind 10
Djudjulose posts big blind 20
Dealt to _SKR [2c 2h]
*** PRE-FLOP *** 
_SKR raises 580 to 600 and is all-in
Djudjulose folds
_SKR collected 620 from pot
*** SUMMARY ***
Total pot 620 | No rake
Seat 2: _SKR (small blind) (button) won 620


Winamax Poker - Tournament "Expresso Nitro" buyIn: 0.93€ + 0.07€ level: 1 - HandId: #2680885549274759169-6-1674083374 - Holdem no limit (10/20) - 2023/01/18 23:09:34 UTC
Table: 'Expresso Nitro(624192308)#0' 3-max (real money) Seat #1 is the button
Seat 1: Djudjulose (280)
Seat 2: _SKR (620)
*** ANTE/BLINDS ***
Djudjulose posts small blind 10
_SKR posts big blind 20
Dealt to _SKR [7d 7c]
*** PRE-FLOP *** 
Djudjulose raises 30 to 50
_SKR raises 570 to 620 and is all-in
Djudjulose calls 230 and is all-in
*** FLOP *** [Qs Qc Jh]
*** TURN *** [Qs Qc Jh][2h]
*** RIVER *** [Qs Qc Jh 2h][5h]
*** SHOW DOWN ***
Djudjulose shows [Qd Ah] (Trips of Queens)
_SKR shows [7d 7c] (Two pairs : Queens and 7)
_SKR collected 340 from side pot 1
Djudjulose collected 560 from main pot
*** SUMMARY ***
Total pot 900 | No rake
Board: [Qs Qc Jh 2h 5h]
Seat 1: Djudjulose (small blind) (button) showed [Qd Ah] and won 560 with Trips of Queens
Seat 2: _SKR (big blind) showed [7d 7c] and won 340 with Two pairs : Queens and 7


Winamax Poker - Tournament "Expresso Nitro" buyIn: 0.93€ + 0.07€ level: 2 - HandId: #2680885549274759169-7-1674083389 - Holdem no limit (15/30) - 2023/01/18 23:09:49 UTC
Table: 'Expresso Nitro(624192308)#0' 3-max (real money) Seat #2 is the button
Seat 1: Djudjulose (560)
Seat 2: _SKR (340)
*** ANTE/BLINDS ***
_SKR posts small blind 15
Djudjulose posts big blind 30
Dealt to _SKR [4d Tc]
*** PRE-FLOP *** 
_SKR folds
Djudjulose collected 45 from pot
*** SUMMARY ***
Total pot 45 | No rake
Seat 1: Djudjulose (big blind) won 45


Winamax Poker - Tournament "Expresso Nitro" buyIn: 0.93€ + 0.07€ level: 2 - HandId: #2680885549274759169-8-1674083397 - Holdem no limit (15/30) - 2023/01/18 23:09:57 UTC
Table: 'Expresso Nitro(624192308)#0' 3-max (real money) Seat #1 is the button
Seat 1: Djudjulose (575)
Seat 2: _SKR (325)
*** ANTE/BLINDS ***
Djudjulose posts small blind 15
_SKR posts big blind 30
Dealt to _SKR [7d 5c]
*** PRE-FLOP *** 
Djudjulose calls 15
_SKR checks
*** FLOP *** [Td 5d 6s]
_SKR checks
Djudjulose bets 30
_SKR calls 30
*** TURN *** [Td 5d 6s][Ts]
_SKR checks
Djudjulose bets 30
_SKR calls 30
*** RIVER *** [Td 5d 6s Ts][4s]
_SKR checks
Djudjulose bets 63
_SKR calls 63
*** SHOW DOWN ***
_SKR shows [7d 5c] (Two pairs : Tens and 5)
Djudjulose shows [Th Js] (Trips of Tens)
Djudjulose collected 306 from pot
*** SUMMARY ***
Total pot 306 | No rake
Board: [Td 5d 6s Ts 4s]
Seat 1: Djudjulose (small blind) (button) showed [Th Js] and won 306 with Trips of Tens
Seat 2: _SKR (big blind) showed [7d 5c] and lost with Two pairs : Tens and 5


Winamax Poker - Tournament "Expresso Nitro" buyIn: 0.93€ + 0.07€ level: 2 - HandId: #2680885549274759169-9-1674083421 - Holdem no limit (15/30) - 2023/01/18 23:10:21 UTC
Table: 'Expresso Nitro(624192308)#0' 3-max (real money) Seat #2 is the button
Seat 1: Djudjulose (728)
Seat 2: _SKR (172)
*** ANTE/BLINDS ***
_SKR posts small blind 15
Djudjulose posts big blind 30
Dealt to _SKR [3c 8h]
*** PRE-FLOP *** 
_SKR folds
Djudjulose collected 45 from pot
*** SUMMARY ***
Total pot 45 | No rake
Seat 1: Djudjulose (big blind) won 45


Winamax Poker - Tournament "Expresso Nitro" buyIn: 0.93€ + 0.07€ level: 2 - HandId: #2680885549274759169-10-1674083424 - Holdem no limit (15/30) - 2023/01/18 23:10:24 UTC
Table: 'Expresso Nitro(624192308)#0' 3-max (real money) Seat #1 is the button
Seat 1: Djudjulose (743)
Seat 2: _SKR (157)
*** ANTE/BLINDS ***
Djudjulose posts small blind 15
_SKR posts big blind 30
Dealt to _SKR [Ts 5c]
*** PRE-FLOP *** 
Djudjulose calls 15
_SKR checks
*** FLOP *** [Js 3c 7d]
_SKR checks
Djudjulose checks
*** TURN *** [Js 3c 7d][Jd]
_SKR checks
Djudjulose checks
*** RIVER *** [Js 3c 7d Jd][2h]
_SKR bets 39
Djudjulose folds
_SKR collected 99 from pot
*** SUMMARY ***
Total pot 99 | No rake
Board: [Js 3c 7d Jd 2h]
Seat 2: _SKR (big blind) won 99


Winamax Poker - Tournament "Expresso Nitro" buyIn: 0.93€ + 0.07€ level: 3 - HandId: #2680885549274759169-11-1674083447 - Holdem no limit (20/40) - 2023/01/18 23:10:47 UTC
Table: 'Expresso Nitro(624192308)#0' 3-max (real money) Seat #2 is the button
Seat 1: Djudjulose (713)
Seat 2: _SKR (187)
*** ANTE/BLINDS ***
_SKR posts small blind 20
Djudjulose posts big blind 40
Dealt to _SKR [6s 3s]
*** PRE-FLOP *** 
_SKR folds
Djudjulose collected 60 from pot
*** SUMMARY ***
Total pot 60 | No rake
Seat 1: Djudjulose (big blind) won 60


Winamax Poker - Tournament "Expresso Nitro" buyIn: 0.93€ + 0.07€ level: 3 - HandId: #2680885549274759169-12-1674083452 - Holdem no limit (20/40) - 2023/01/18 23:10:52 UTC
Table: 'Expresso Nitro(624192308)#0' 3-max (real money) Seat #1 is the button
Seat 1: Djudjulose (733)
Seat 2: _SKR (167)
*** ANTE/BLINDS ***
Djudjulose posts small blind 20
_SKR posts big blind 40
Dealt to _SKR [2d 4h]
*** PRE-FLOP *** 
Djudjulose calls 20
_SKR checks
*** FLOP *** [Ad Ks Jc]
_SKR checks
Djudjulose bets 80
_SKR folds
Djudjulose collected 160 from pot
*** SUMMARY ***
Total pot 160 | No rake
Board: [Ad Ks Jc]
Seat 1: Djudjulose (small blind) (button) won 160


Winamax Poker - Tournament "Expresso Nitro" buyIn: 0.93€ + 0.07€ level: 3 - HandId: #2680885549274759169-13-1674083460 - Holdem no limit (20/40) - 2023/01/18 23:11:00 UTC
Table: 'Expresso Nitro(624192308)#0' 3-max (real money) Seat #2 is the button
Seat 1: Djudjulose (773)
Seat 2: _SKR (127)
*** ANTE/BLINDS ***
_SKR posts small blind 20
Djudjulose posts big blind 40
Dealt to _SKR [Ad 2c]
*** PRE-FLOP *** 
_SKR raises 87 to 127 and is all-in
Djudjulose folds
_SKR collected 167 from pot
*** SUMMARY ***
Total pot 167 | No rake
Seat 2: _SKR (small blind) (button) won 167


Winamax Poker - Tournament "Expresso Nitro" buyIn: 0.93€ + 0.07€ level: 3 - HandId: #2680885549274759169-14-1674083466 - Holdem no limit (20/40) - 2023/01/18 23:11:06 UTC
Table: 'Expresso Nitro(624192308)#0' 3-max (real money) Seat #1 is the button
Seat 1: Djudjulose (733)
Seat 2: _SKR (167)
*** ANTE/BLINDS ***
Djudjulose posts small blind 20
_SKR posts big blind 40
Dealt to _SKR [Qs Ah]
*** PRE-FLOP *** 
Djudjulose calls 20
_SKR raises 127 to 167 and is all-in
Djudjulose folds
_SKR collected 207 from pot
*** SUMMARY ***
Total pot 207 | No rake
Seat 2: _SKR (big blind) won 207


Winamax Poker - Tournament "Expresso Nitro" buyIn: 0.93€ + 0.07€ level: 3 - HandId: #2680885549274759169-15-1674083473 - Holdem no limit (20/40) - 2023/01/18 23:11:13 UTC
Table: 'Expresso Nitro(624192308)#0' 3-max (real money) Seat #2 is the button
Seat 1: Djudjulose (693)
Seat 2: _SKR (207)
*** ANTE/BLINDS ***
_SKR posts small blind 20
Djudjulose posts big blind 40
Dealt to _SKR [3c 2s]
*** PRE-FLOP *** 
_SKR folds
Djudjulose collected 60 from pot
*** SUMMARY ***
Total pot 60 | No rake
Seat 1: Djudjulose (big blind) won 60


Winamax Poker - Tournament "Expresso Nitro" buyIn: 0.93€ + 0.07€ level: 3 - HandId: #2680885549274759169-16-1674083477 - Holdem no limit (20/40) - 2023/01/18 23:11:17 UTC
Table: 'Expresso Nitro(624192308)#0' 3-max (real money) Seat #1 is the button
Seat 1: Djudjulose (713)
Seat 2: _SKR (187)
*** ANTE/BLINDS ***
Djudjulose posts small blind 20
_SKR posts big blind 40
Dealt to _SKR [6c 2c]
*** PRE-FLOP *** 
Djudjulose folds
_SKR collected 60 from pot
*** SUMMARY ***
Total pot 60 | No rake
Seat 2: _SKR (big blind) won 60


Winamax Poker - Tournament "Expresso Nitro" buyIn: 0.93€ + 0.07€ level: 3 - HandId: #2680885549274759169-17-1674083480 - Holdem no limit (20/40) - 2023/01/18 23:11:20 UTC
Table: 'Expresso Nitro(624192308)#0' 3-max (real money) Seat #2 is the button
Seat 1: Djudjulose (693)
Seat 2: _SKR (207)
*** ANTE/BLINDS ***
_SKR posts small blind 20
Djudjulose posts big blind 40
Dealt to _SKR [8c 7s]
*** PRE-FLOP *** 
_SKR raises 167 to 207 and is all-in
Djudjulose folds
_SKR collected 247 from pot
*** SUMMARY ***
Total pot 247 | No rake
Seat 2: _SKR (small blind) (button) won 247


Winamax Poker - Tournament "Expresso Nitro" buyIn: 0.93€ + 0.07€ level: 3 - HandId: #2680885549274759169-18-1674083487 - Holdem no limit (20/40) - 2023/01/18 23:11:27 UTC
Table: 'Expresso Nitro(624192308)#0' 3-max (real money) Seat #1 is the button
Seat 1: Djudjulose (653)
Seat 2: _SKR (247)
*** ANTE/BLINDS ***
Djudjulose posts small blind 20
_SKR posts big blind 40
Dealt to _SKR [Kd 3h]
*** PRE-FLOP *** 
Djudjulose folds
_SKR collected 60 from pot
*** SUMMARY ***
Total pot 60 | No rake
Seat 2: _SKR (big blind) won 60


Winamax Poker - Tournament "Expresso Nitro" buyIn: 0.93€ + 0.07€ level: 3 - HandId: #2680885549274759169-19-1674083490 - Holdem no limit (20/40) - 2023/01/18 23:11:30 UTC
Table: 'Expresso Nitro(624192308)#0' 3-max (real money) Seat #2 is the button
Seat 1: Djudjulose (633)
Seat 2: _SKR (267)
*** ANTE/BLINDS ***
_SKR posts small blind 20
Djudjulose posts big blind 40
Dealt to _SKR [Jd 6h]
*** PRE-FLOP *** 
_SKR folds
Djudjulose collected 60 from pot
*** SUMMARY ***
Total pot 60 | No rake
Seat 1: Djudjulose (big blind) won 60


Winamax Poker - Tournament "Expresso Nitro" buyIn: 0.93€ + 0.07€ level: 3 - HandId: #2680885549274759169-20-1674083494 - Holdem no limit (20/40) - 2023/01/18 23:11:34 UTC
Table: 'Expresso Nitro(624192308)#0' 3-max (real money) Seat #1 is the button
Seat 1: Djudjulose (653)
Seat 2: _SKR (247)
*** ANTE/BLINDS ***
Djudjulose posts small blind 20
_SKR posts big blind 40
Dealt to _SKR [4c Jd]
*** PRE-FLOP *** 
Djudjulose calls 20
_SKR checks
*** FLOP *** [4s Qs 2h]
_SKR checks
Djudjulose bets 80
_SKR raises 127 to 207 and is all-in
Djudjulose calls 127
*** TURN *** [4s Qs 2h][Jc]
*** RIVER *** [4s Qs 2h Jc][As]
*** SHOW DOWN ***
Djudjulose shows [6d 3d] (High card : Ace)
_SKR shows [4c Jd] (Two pairs : Jacks and 4)
_SKR collected 494 from pot
*** SUMMARY ***
Total pot 494 | No rake
Board: [4s Qs 2h Jc As]
Seat 1: Djudjulose (small blind) (button) showed [6d 3d] and lost with High card : Ace
Seat 2: _SKR (big blind) showed [4c Jd] and won 494 with Two pairs : Jacks and 4


Winamax Poker - Tournament "Expresso Nitro" buyIn: 0.93€ + 0.07€ level: 4 - HandId: #2680885549274759169-21-1674083511 - Holdem no limit (30/60) - 2023/01/18 23:11:51 UTC
Table: 'Expresso Nitro(624192308)#0' 3-max (real money) Seat #2 is the button
Seat 1: Djudjulose (406)
Seat 2: _SKR (494)
*** ANTE/BLINDS ***
_SKR posts small blind 30
Djudjulose posts big blind 60
Dealt to _SKR [Ad Js]
*** PRE-FLOP *** 
_SKR raises 434 to 494 and is all-in
Djudjulose calls 346 and is all-in
*** FLOP *** [Kc Kd 7c]
*** TURN *** [Kc Kd 7c][7h]
*** RIVER *** [Kc Kd 7c 7h][5h]
*** SHOW DOWN ***
Djudjulose shows [Ah 6d] (Two pairs : Kings and 7)
_SKR shows [Ad Js] (Two pairs : Kings and 7)
_SKR collected 494 from side pot 1
Djudjulose collected 406 from main pot
*** SUMMARY ***
Total pot 900 | No rake
Board: [Kc Kd 7c 7h 5h]
Seat 1: Djudjulose (big blind) showed [Ah 6d] and won 406 with Two pairs : Kings and 7
Seat 2: _SKR (small blind) (button) showed [Ad Js] and won 494 with Two pairs : Kings and 7


Winamax Poker - Tournament "Expresso Nitro" buyIn: 0.93€ + 0.07€ level: 4 - HandId: #2680885549274759169-22-1674083521 - Holdem no limit (30/60) - 2023/01/18 23:12:01 UTC
Table: 'Expresso Nitro(624192308)#0' 3-max (real money) Seat #1 is the button
Seat 1: Djudjulose (406)
Seat 2: _SKR (494)
*** ANTE/BLINDS ***
Djudjulose posts small blind 30
_SKR posts big blind 60
Dealt to _SKR [5c 6s]
*** PRE-FLOP *** 
Djudjulose folds
_SKR collected 90 from pot
*** SUMMARY ***
Total pot 90 | No rake
Seat 2: _SKR (big blind) won 90


Winamax Poker - Tournament "Expresso Nitro" buyIn: 0.93€ + 0.07€ level: 4 - HandId: #2680885549274759169-23-1674083525 - Holdem no limit (30/60) - 2023/01/18 23:12:05 UTC
Table: 'Expresso Nitro(624192308)#0' 3-max (real money) Seat #2 is the button
Seat 1: Djudjulose (376)
Seat 2: _SKR (524)
*** ANTE/BLINDS ***
_SKR posts small blind 30
Djudjulose posts big blind 60
Dealt to _SKR [5d Td]
*** PRE-FLOP *** 
_SKR folds
Djudjulose collected 90 from pot
*** SUMMARY ***
Total pot 90 | No rake
Seat 1: Djudjulose (big blind) won 90


Winamax Poker - Tournament "Expresso Nitro" buyIn: 0.93€ + 0.07€ level: 4 - HandId: #2680885549274759169-24-1674083528 - Holdem no limit (30/60) - 2023/01/18 23:12:08 UTC
Table: 'Expresso Nitro(624192308)#0' 3-max (real money) Seat #1 is the button
Seat 1: Djudjulose (406)
Seat 2: _SKR (494)
*** ANTE/BLINDS ***
Djudjulose posts small blind 30
_SKR posts big blind 60
Dealt to _SKR [8d Jh]
*** PRE-FLOP *** 
Djudjulose folds
_SKR collected 90 from pot
*** SUMMARY ***
Total pot 90 | No rake
Seat 2: _SKR (big blind) won 90


Winamax Poker - Tournament "Expresso Nitro" buyIn: 0.93€ + 0.07€ level: 4 - HandId: #2680885549274759169-25-1674083532 - Holdem no limit (30/60) - 2023/01/18 23:12:12 UTC
Table: 'Expresso Nitro(624192308)#0' 3-max (real money) Seat #2 is the button
Seat 1: Djudjulose (376)
Seat 2: _SKR (524)
*** ANTE/BLINDS ***
_SKR posts small blind 30
Djudjulose posts big blind 60
Dealt to _SKR [4d 2d]
*** PRE-FLOP *** 
_SKR folds
Djudjulose collected 90 from pot
*** SUMMARY ***
Total pot 90 | No rake
Seat 1: Djudjulose (big blind) won 90


Winamax Poker - Tournament "Expresso Nitro" buyIn: 0.93€ + 0.07€ level: 4 - HandId: #2680885549274759169-26-1674083535 - Holdem no limit (30/60) - 2023/01/18 23:12:15 UTC
Table: 'Expresso Nitro(624192308)#0' 3-max (real money) Seat #1 is the button
Seat 1: Djudjulose (406)
Seat 2: _SKR (494)
*** ANTE/BLINDS ***
Djudjulose posts small blind 30
_SKR posts big blind 60
Dealt to _SKR [4d 9s]
*** PRE-FLOP *** 
Djudjulose raises 346 to 406 and is all-in
_SKR folds
Djudjulose collected 466 from pot
*** SUMMARY ***
Total pot 466 | No rake
Seat 1: Djudjulose (small blind) (button) won 466


Winamax Poker - Tournament "Expresso Nitro" buyIn: 0.93€ + 0.07€ level: 4 - HandId: #2680885549274759169-27-1674083539 - Holdem no limit (30/60) - 2023/01/18 23:12:19 UTC
Table: 'Expresso Nitro(624192308)#0' 3-max (real money) Seat #2 is the button
Seat 1: Djudjulose (466)
Seat 2: _SKR (434)
*** ANTE/BLINDS ***
_SKR posts small blind 30
Djudjulose posts big blind 60
Dealt to _SKR [Qh Ts]
*** PRE-FLOP *** 
_SKR raises 374 to 434 and is all-in
Djudjulose folds
_SKR collected 494 from pot
*** SUMMARY ***
Total pot 494 | No rake
Seat 2: _SKR (small blind) (button) won 494


Winamax Poker - Tournament "Expresso Nitro" buyIn: 0.93€ + 0.07€ level: 4 - HandId: #2680885549274759169-28-1674083543 - Holdem no limit (30/60) - 2023/01/18 23:12:23 UTC
Table: 'Expresso Nitro(624192308)#0' 3-max (real money) Seat #1 is the button
Seat 1: Djudjulose (406)
Seat 2: _SKR (494)
*** ANTE/BLINDS ***
Djudjulose posts small blind 30
_SKR posts big blind 60
Dealt to _SKR [Kd Qc]
*** PRE-FLOP *** 
Djudjulose raises 346 to 406 and is all-in
_SKR calls 346
*** FLOP *** [3h Ts 6d]
*** TURN *** [3h Ts 6d][Qh]
*** RIVER *** [3h Ts 6d Qh][Th]
*** SHOW DOWN ***
Djudjulose shows [3d As] (Two pairs : Tens and 3)
_SKR shows [Kd Qc] (Two pairs : Queens and Tens)
_SKR collected 812 from pot
*** SUMMARY ***
Total pot 812 | No rake
Board: [3h Ts 6d Qh Th]
Seat 1: Djudjulose (small blind) (button) showed [3d As] and lost with Two pairs : Tens and 3
Seat 2: _SKR (big blind) showed [Kd Qc] and won 812 with Two pairs : Queens and Tens


