Winamax Poker - Tournament "Expresso Nitro" buyIn: 0.93€ + 0.07€ level: 1 - HandId: #2666572854228680705-1-1673283511 - Holdem no limit (10/20) - 2023/01/09 16:58:31 UTC
Table: 'Expresso Nitro(620859874)#0' 3-max (real money) Seat #1 is the button
Seat 1: _no_ (300)
Seat 2: B0b0ss (300)
Seat 3: _SKR (300)
*** ANTE/BLINDS ***
B0b0ss posts small blind 10
_SKR posts big blind 20
Dealt to _SKR [6d 2s]
*** PRE-FLOP *** 
_no_ raises 30 to 50
B0b0ss folds
_SKR folds
_no_ collected 80 from pot
*** SUMMARY ***
Total pot 80 | No rake
Seat 1: _no_ (button) won 80


Winamax Poker - Tournament "Expresso Nitro" buyIn: 0.93€ + 0.07€ level: 1 - HandId: #2666572854228680705-2-1673283519 - Holdem no limit (10/20) - 2023/01/09 16:58:39 UTC
Table: 'Expresso Nitro(620859874)#0' 3-max (real money) Seat #2 is the button
Seat 1: _no_ (330)
Seat 2: B0b0ss (290)
Seat 3: _SKR (280)
*** ANTE/BLINDS ***
_SKR posts small blind 10
_no_ posts big blind 20
Dealt to _SKR [Ts As]
*** PRE-FLOP *** 
B0b0ss folds
_SKR raises 20 to 40
_no_ folds
_SKR collected 60 from pot
*** SUMMARY ***
Total pot 60 | No rake
Seat 3: _SKR (small blind) won 60


Winamax Poker - Tournament "Expresso Nitro" buyIn: 0.93€ + 0.07€ level: 1 - HandId: #2666572854228680705-3-1673283527 - Holdem no limit (10/20) - 2023/01/09 16:58:47 UTC
Table: 'Expresso Nitro(620859874)#0' 3-max (real money) Seat #3 is the button
Seat 1: _no_ (310)
Seat 2: B0b0ss (290)
Seat 3: _SKR (300)
*** ANTE/BLINDS ***
_no_ posts small blind 10
B0b0ss posts big blind 20
Dealt to _SKR [9c Qh]
*** PRE-FLOP *** 
_SKR folds
_no_ folds
B0b0ss collected 30 from pot
*** SUMMARY ***
Total pot 30 | No rake
Seat 2: B0b0ss (big blind) won 30


Winamax Poker - Tournament "Expresso Nitro" buyIn: 0.93€ + 0.07€ level: 1 - HandId: #2666572854228680705-4-1673283533 - Holdem no limit (10/20) - 2023/01/09 16:58:53 UTC
Table: 'Expresso Nitro(620859874)#0' 3-max (real money) Seat #1 is the button
Seat 1: _no_ (300)
Seat 2: B0b0ss (300)
Seat 3: _SKR (300)
*** ANTE/BLINDS ***
B0b0ss posts small blind 10
_SKR posts big blind 20
Dealt to _SKR [6h 2s]
*** PRE-FLOP *** 
_no_ folds
B0b0ss folds
_SKR collected 30 from pot
*** SUMMARY ***
Total pot 30 | No rake
Seat 3: _SKR (big blind) won 30


Winamax Poker - Tournament "Expresso Nitro" buyIn: 0.93€ + 0.07€ level: 1 - HandId: #2666572854228680705-5-1673283545 - Holdem no limit (10/20) - 2023/01/09 16:59:05 UTC
Table: 'Expresso Nitro(620859874)#0' 3-max (real money) Seat #2 is the button
Seat 1: _no_ (300)
Seat 2: B0b0ss (290)
Seat 3: _SKR (310)
*** ANTE/BLINDS ***
_SKR posts small blind 10
_no_ posts big blind 20
Dealt to _SKR [Qd 7h]
*** PRE-FLOP *** 
B0b0ss folds
_SKR raises 20 to 40
_no_ calls 20
*** FLOP *** [Th 3c As]
_SKR checks
_no_ checks
*** TURN *** [Th 3c As][Jh]
_SKR bets 40
_no_ calls 40
*** RIVER *** [Th 3c As Jh][Js]
_SKR checks
_no_ checks
*** SHOW DOWN ***
_no_ shows [Qh 8h] (One pair : Jacks)
_SKR shows [Qd 7h] (One pair : Jacks)
_SKR collected 80 from pot
_no_ collected 80 from pot
*** SUMMARY ***
Total pot 160 | No rake
Board: [Th 3c As Jh Js]
Seat 1: _no_ (big blind) showed [Qh 8h] and won 80 with One pair : Jacks
Seat 3: _SKR (small blind) showed [Qd 7h] and won 80 with One pair : Jacks


Winamax Poker - Tournament "Expresso Nitro" buyIn: 0.93€ + 0.07€ level: 2 - HandId: #2666572854228680705-6-1673283581 - Holdem no limit (15/30) - 2023/01/09 16:59:41 UTC
Table: 'Expresso Nitro(620859874)#0' 3-max (real money) Seat #3 is the button
Seat 1: _no_ (300)
Seat 2: B0b0ss (290)
Seat 3: _SKR (310)
*** ANTE/BLINDS ***
_no_ posts small blind 15
B0b0ss posts big blind 30
Dealt to _SKR [8s 8d]
*** PRE-FLOP *** 
_SKR raises 280 to 310 and is all-in
_no_ folds
B0b0ss folds
_SKR collected 355 from pot
*** SUMMARY ***
Total pot 355 | No rake
Seat 3: _SKR (button) won 355


Winamax Poker - Tournament "Expresso Nitro" buyIn: 0.93€ + 0.07€ level: 2 - HandId: #2666572854228680705-7-1673283594 - Holdem no limit (15/30) - 2023/01/09 16:59:54 UTC
Table: 'Expresso Nitro(620859874)#0' 3-max (real money) Seat #1 is the button
Seat 1: _no_ (285)
Seat 2: B0b0ss (260)
Seat 3: _SKR (355)
*** ANTE/BLINDS ***
B0b0ss posts small blind 15
_SKR posts big blind 30
Dealt to _SKR [7h 4c]
*** PRE-FLOP *** 
_no_ folds
B0b0ss raises 230 to 260 and is all-in
_SKR folds
B0b0ss collected 290 from pot
*** SUMMARY ***
Total pot 290 | No rake
Seat 2: B0b0ss (small blind) won 290


Winamax Poker - Tournament "Expresso Nitro" buyIn: 0.93€ + 0.07€ level: 2 - HandId: #2666572854228680705-8-1673283608 - Holdem no limit (15/30) - 2023/01/09 17:00:08 UTC
Table: 'Expresso Nitro(620859874)#0' 3-max (real money) Seat #2 is the button
Seat 1: _no_ (285)
Seat 2: B0b0ss (290)
Seat 3: _SKR (325)
*** ANTE/BLINDS ***
_SKR posts small blind 15
_no_ posts big blind 30
Dealt to _SKR [2h 4h]
*** PRE-FLOP *** 
B0b0ss raises 260 to 290 and is all-in
_SKR folds
_no_ calls 255 and is all-in
*** FLOP *** [4d Qc Ks]
*** TURN *** [4d Qc Ks][8d]
*** RIVER *** [4d Qc Ks 8d][Qs]
*** SHOW DOWN ***
_no_ shows [Ad 2c] (One pair : Queens)
B0b0ss shows [Th 8h] (Two pairs : Queens and 8)
B0b0ss collected 590 from pot
*** SUMMARY ***
Total pot 590 | No rake
Board: [4d Qc Ks 8d Qs]
Seat 1: _no_ (big blind) showed [Ad 2c] and lost with One pair : Queens
Seat 2: B0b0ss (button) showed [Th 8h] and won 590 with Two pairs : Queens and 8


Winamax Poker - Tournament "Expresso Nitro" buyIn: 0.93€ + 0.07€ level: 3 - HandId: #2666572854228680705-9-1673283637 - Holdem no limit (20/40) - 2023/01/09 17:00:37 UTC
Table: 'Expresso Nitro(620859874)#0' 3-max (real money) Seat #2 is the button
Seat 2: B0b0ss (590)
Seat 3: _SKR (310)
*** ANTE/BLINDS ***
B0b0ss posts small blind 20
_SKR posts big blind 40
Dealt to _SKR [6s 6d]
*** PRE-FLOP *** 
B0b0ss folds
_SKR collected 60 from pot
*** SUMMARY ***
Total pot 60 | No rake
Seat 3: _SKR (big blind) won 60


Winamax Poker - Tournament "Expresso Nitro" buyIn: 0.93€ + 0.07€ level: 3 - HandId: #2666572854228680705-10-1673283643 - Holdem no limit (20/40) - 2023/01/09 17:00:43 UTC
Table: 'Expresso Nitro(620859874)#0' 3-max (real money) Seat #3 is the button
Seat 2: B0b0ss (570)
Seat 3: _SKR (330)
*** ANTE/BLINDS ***
_SKR posts small blind 20
B0b0ss posts big blind 40
Dealt to _SKR [3s 7h]
*** PRE-FLOP *** 
_SKR folds
B0b0ss collected 60 from pot
*** SUMMARY ***
Total pot 60 | No rake
Seat 2: B0b0ss (big blind) won 60


Winamax Poker - Tournament "Expresso Nitro" buyIn: 0.93€ + 0.07€ level: 3 - HandId: #2666572854228680705-11-1673283646 - Holdem no limit (20/40) - 2023/01/09 17:00:46 UTC
Table: 'Expresso Nitro(620859874)#0' 3-max (real money) Seat #2 is the button
Seat 2: B0b0ss (590)
Seat 3: _SKR (310)
*** ANTE/BLINDS ***
B0b0ss posts small blind 20
_SKR posts big blind 40
Dealt to _SKR [6d Jc]
*** PRE-FLOP *** 
B0b0ss raises 550 to 590 and is all-in
_SKR folds
B0b0ss collected 630 from pot
*** SUMMARY ***
Total pot 630 | No rake
Seat 2: B0b0ss (small blind) (button) won 630


Winamax Poker - Tournament "Expresso Nitro" buyIn: 0.93€ + 0.07€ level: 3 - HandId: #2666572854228680705-12-1673283657 - Holdem no limit (20/40) - 2023/01/09 17:00:57 UTC
Table: 'Expresso Nitro(620859874)#0' 3-max (real money) Seat #3 is the button
Seat 2: B0b0ss (630)
Seat 3: _SKR (270)
*** ANTE/BLINDS ***
_SKR posts small blind 20
B0b0ss posts big blind 40
Dealt to _SKR [Jh 5s]
*** PRE-FLOP *** 
_SKR folds
B0b0ss collected 60 from pot
*** SUMMARY ***
Total pot 60 | No rake
Seat 2: B0b0ss (big blind) won 60


Winamax Poker - Tournament "Expresso Nitro" buyIn: 0.93€ + 0.07€ level: 3 - HandId: #2666572854228680705-13-1673283670 - Holdem no limit (20/40) - 2023/01/09 17:01:10 UTC
Table: 'Expresso Nitro(620859874)#0' 3-max (real money) Seat #2 is the button
Seat 2: B0b0ss (650)
Seat 3: _SKR (250)
*** ANTE/BLINDS ***
B0b0ss posts small blind 20
_SKR posts big blind 40
Dealt to _SKR [3s Jh]
*** PRE-FLOP *** 
B0b0ss raises 610 to 650 and is all-in
_SKR folds
B0b0ss collected 690 from pot
*** SUMMARY ***
Total pot 690 | No rake
Seat 2: B0b0ss (small blind) (button) won 690


Winamax Poker - Tournament "Expresso Nitro" buyIn: 0.93€ + 0.07€ level: 3 - HandId: #2666572854228680705-14-1673283678 - Holdem no limit (20/40) - 2023/01/09 17:01:18 UTC
Table: 'Expresso Nitro(620859874)#0' 3-max (real money) Seat #3 is the button
Seat 2: B0b0ss (690)
Seat 3: _SKR (210)
*** ANTE/BLINDS ***
_SKR posts small blind 20
B0b0ss posts big blind 40
Dealt to _SKR [Ad 9h]
*** PRE-FLOP *** 
_SKR raises 170 to 210 and is all-in
B0b0ss calls 170
*** FLOP *** [Ts 2h 8h]
*** TURN *** [Ts 2h 8h][Ah]
*** RIVER *** [Ts 2h 8h Ah][8d]
*** SHOW DOWN ***
B0b0ss shows [Qd Ks] (One pair : 8)
_SKR shows [Ad 9h] (Two pairs : Aces and 8)
_SKR collected 420 from pot
*** SUMMARY ***
Total pot 420 | No rake
Board: [Ts 2h 8h Ah 8d]
Seat 2: B0b0ss (big blind) showed [Qd Ks] and lost with One pair : 8
Seat 3: _SKR (small blind) (button) showed [Ad 9h] and won 420 with Two pairs : Aces and 8


Winamax Poker - Tournament "Expresso Nitro" buyIn: 0.93€ + 0.07€ level: 4 - HandId: #2666572854228680705-15-1673283692 - Holdem no limit (30/60) - 2023/01/09 17:01:32 UTC
Table: 'Expresso Nitro(620859874)#0' 3-max (real money) Seat #2 is the button
Seat 2: B0b0ss (480)
Seat 3: _SKR (420)
*** ANTE/BLINDS ***
B0b0ss posts small blind 30
_SKR posts big blind 60
Dealt to _SKR [3s Js]
*** PRE-FLOP *** 
B0b0ss raises 420 to 480 and is all-in
_SKR folds
B0b0ss collected 540 from pot
*** SUMMARY ***
Total pot 540 | No rake
Seat 2: B0b0ss (small blind) (button) won 540


Winamax Poker - Tournament "Expresso Nitro" buyIn: 0.93€ + 0.07€ level: 4 - HandId: #2666572854228680705-16-1673283716 - Holdem no limit (30/60) - 2023/01/09 17:01:56 UTC
Table: 'Expresso Nitro(620859874)#0' 3-max (real money) Seat #3 is the button
Seat 2: B0b0ss (540)
Seat 3: _SKR (360)
*** ANTE/BLINDS ***
_SKR posts small blind 30
B0b0ss posts big blind 60
Dealt to _SKR [5c Jh]
*** PRE-FLOP *** 
_SKR raises 300 to 360 and is all-in
B0b0ss calls 300
*** FLOP *** [7h 9d Qc]
*** TURN *** [7h 9d Qc][6s]
*** RIVER *** [7h 9d Qc 6s][2d]
*** SHOW DOWN ***
_SKR shows [5c Jh] (High card : Queen)
B0b0ss shows [2h Qh] (Two pairs : Queens and 2)
B0b0ss collected 720 from pot
*** SUMMARY ***
Total pot 720 | No rake
Board: [7h 9d Qc 6s 2d]
Seat 2: B0b0ss (big blind) showed [2h Qh] and won 720 with Two pairs : Queens and 2
Seat 3: _SKR (small blind) (button) showed [5c Jh] and lost with High card : Queen


