Winamax Poker - Tournament "Expresso Nitro" buyIn: 1.86€ + 0.14€ level: 1 - HandId: #2696921148976791553-1-1675103461 - Holdem no limit (10/20) - 2023/01/30 18:31:01 UTC
Table: 'Expresso Nitro(627925887)#0' 3-max (real money) Seat #3 is the button
Seat 1: Alex.dst (300)
Seat 2: _SKR (300)
Seat 3: Sownabs (300)
*** ANTE/BLINDS ***
Alex.dst posts small blind 10
_SKR posts big blind 20
Dealt to _SKR [Jh As]
*** PRE-FLOP *** 
Sownabs calls 20
Alex.dst calls 10
_SKR raises 280 to 300 and is all-in
Sownabs folds
Alex.dst folds
_SKR collected 340 from pot
*** SUMMARY ***
Total pot 340 | No rake
Seat 2: _SKR (big blind) won 340


Winamax Poker - Tournament "Expresso Nitro" buyIn: 1.86€ + 0.14€ level: 1 - HandId: #2696921148976791553-2-1675103473 - Holdem no limit (10/20) - 2023/01/30 18:31:13 UTC
Table: 'Expresso Nitro(627925887)#0' 3-max (real money) Seat #1 is the button
Seat 1: Alex.dst (280)
Seat 2: _SKR (340)
Seat 3: Sownabs (280)
*** ANTE/BLINDS ***
_SKR posts small blind 10
Sownabs posts big blind 20
Dealt to _SKR [3d Jc]
*** PRE-FLOP *** 
Alex.dst raises 260 to 280 and is all-in
_SKR folds
Sownabs folds
Alex.dst collected 310 from pot
*** SUMMARY ***
Total pot 310 | No rake
Seat 1: Alex.dst (button) won 310


Winamax Poker - Tournament "Expresso Nitro" buyIn: 1.86€ + 0.14€ level: 1 - HandId: #2696921148976791553-3-1675103480 - Holdem no limit (10/20) - 2023/01/30 18:31:20 UTC
Table: 'Expresso Nitro(627925887)#0' 3-max (real money) Seat #2 is the button
Seat 1: Alex.dst (310)
Seat 2: _SKR (330)
Seat 3: Sownabs (260)
*** ANTE/BLINDS ***
Sownabs posts small blind 10
Alex.dst posts big blind 20
Dealt to _SKR [Tc 6c]
*** PRE-FLOP *** 
_SKR folds
Sownabs folds
Alex.dst collected 30 from pot
*** SUMMARY ***
Total pot 30 | No rake
Seat 1: Alex.dst (big blind) won 30


Winamax Poker - Tournament "Expresso Nitro" buyIn: 1.86€ + 0.14€ level: 1 - HandId: #2696921148976791553-4-1675103485 - Holdem no limit (10/20) - 2023/01/30 18:31:25 UTC
Table: 'Expresso Nitro(627925887)#0' 3-max (real money) Seat #3 is the button
Seat 1: Alex.dst (320)
Seat 2: _SKR (330)
Seat 3: Sownabs (250)
*** ANTE/BLINDS ***
Alex.dst posts small blind 10
_SKR posts big blind 20
Dealt to _SKR [Ks 4s]
*** PRE-FLOP *** 
Sownabs raises 230 to 250 and is all-in
Alex.dst folds
_SKR folds
Sownabs collected 280 from pot
*** SUMMARY ***
Total pot 280 | No rake
Seat 3: Sownabs (button) won 280


Winamax Poker - Tournament "Expresso Nitro" buyIn: 1.86€ + 0.14€ level: 1 - HandId: #2696921148976791553-5-1675103496 - Holdem no limit (10/20) - 2023/01/30 18:31:36 UTC
Table: 'Expresso Nitro(627925887)#0' 3-max (real money) Seat #1 is the button
Seat 1: Alex.dst (310)
Seat 2: _SKR (310)
Seat 3: Sownabs (280)
*** ANTE/BLINDS ***
_SKR posts small blind 10
Sownabs posts big blind 20
Dealt to _SKR [4d Jd]
*** PRE-FLOP *** 
Alex.dst folds
_SKR folds
Sownabs collected 30 from pot
*** SUMMARY ***
Total pot 30 | No rake
Seat 3: Sownabs (big blind) won 30


Winamax Poker - Tournament "Expresso Nitro" buyIn: 1.86€ + 0.14€ level: 1 - HandId: #2696921148976791553-6-1675103504 - Holdem no limit (10/20) - 2023/01/30 18:31:44 UTC
Table: 'Expresso Nitro(627925887)#0' 3-max (real money) Seat #2 is the button
Seat 1: Alex.dst (310)
Seat 2: _SKR (300)
Seat 3: Sownabs (290)
*** ANTE/BLINDS ***
Sownabs posts small blind 10
Alex.dst posts big blind 20
Dealt to _SKR [Qc Tc]
*** PRE-FLOP *** 
_SKR raises 20 to 40
Sownabs folds
Alex.dst folds
_SKR collected 70 from pot
*** SUMMARY ***
Total pot 70 | No rake
Seat 2: _SKR (button) won 70


Winamax Poker - Tournament "Expresso Nitro" buyIn: 1.86€ + 0.14€ level: 1 - HandId: #2696921148976791553-7-1675103513 - Holdem no limit (10/20) - 2023/01/30 18:31:53 UTC
Table: 'Expresso Nitro(627925887)#0' 3-max (real money) Seat #3 is the button
Seat 1: Alex.dst (290)
Seat 2: _SKR (330)
Seat 3: Sownabs (280)
*** ANTE/BLINDS ***
Alex.dst posts small blind 10
_SKR posts big blind 20
Dealt to _SKR [7s 2c]
*** PRE-FLOP *** 
Sownabs raises 50 to 70
Alex.dst folds
_SKR folds
Sownabs collected 100 from pot
*** SUMMARY ***
Total pot 100 | No rake
Seat 3: Sownabs (button) won 100


Winamax Poker - Tournament "Expresso Nitro" buyIn: 1.86€ + 0.14€ level: 2 - HandId: #2696921148976791553-8-1675103522 - Holdem no limit (15/30) - 2023/01/30 18:32:02 UTC
Table: 'Expresso Nitro(627925887)#0' 3-max (real money) Seat #1 is the button
Seat 1: Alex.dst (280)
Seat 2: _SKR (310)
Seat 3: Sownabs (310)
*** ANTE/BLINDS ***
_SKR posts small blind 15
Sownabs posts big blind 30
Dealt to _SKR [8c Ad]
*** PRE-FLOP *** 
Alex.dst raises 250 to 280 and is all-in
_SKR folds
Sownabs folds
Alex.dst collected 325 from pot
*** SUMMARY ***
Total pot 325 | No rake
Seat 1: Alex.dst (button) won 325


Winamax Poker - Tournament "Expresso Nitro" buyIn: 1.86€ + 0.14€ level: 2 - HandId: #2696921148976791553-9-1675103528 - Holdem no limit (15/30) - 2023/01/30 18:32:08 UTC
Table: 'Expresso Nitro(627925887)#0' 3-max (real money) Seat #2 is the button
Seat 1: Alex.dst (325)
Seat 2: _SKR (295)
Seat 3: Sownabs (280)
*** ANTE/BLINDS ***
Sownabs posts small blind 15
Alex.dst posts big blind 30
Dealt to _SKR [Kc 6s]
*** PRE-FLOP *** 
_SKR folds
Sownabs raises 30 to 60
Alex.dst folds
Sownabs collected 90 from pot
*** SUMMARY ***
Total pot 90 | No rake
Seat 3: Sownabs (small blind) won 90


Winamax Poker - Tournament "Expresso Nitro" buyIn: 1.86€ + 0.14€ level: 2 - HandId: #2696921148976791553-10-1675103541 - Holdem no limit (15/30) - 2023/01/30 18:32:21 UTC
Table: 'Expresso Nitro(627925887)#0' 3-max (real money) Seat #3 is the button
Seat 1: Alex.dst (295)
Seat 2: _SKR (295)
Seat 3: Sownabs (310)
*** ANTE/BLINDS ***
Alex.dst posts small blind 15
_SKR posts big blind 30
Dealt to _SKR [3s Qc]
*** PRE-FLOP *** 
Sownabs folds
Alex.dst folds
_SKR collected 45 from pot
*** SUMMARY ***
Total pot 45 | No rake
Seat 2: _SKR (big blind) won 45


Winamax Poker - Tournament "Expresso Nitro" buyIn: 1.86€ + 0.14€ level: 2 - HandId: #2696921148976791553-11-1675103548 - Holdem no limit (15/30) - 2023/01/30 18:32:28 UTC
Table: 'Expresso Nitro(627925887)#0' 3-max (real money) Seat #1 is the button
Seat 1: Alex.dst (280)
Seat 2: _SKR (310)
Seat 3: Sownabs (310)
*** ANTE/BLINDS ***
_SKR posts small blind 15
Sownabs posts big blind 30
Dealt to _SKR [5d 2s]
*** PRE-FLOP *** 
Alex.dst raises 250 to 280 and is all-in
_SKR folds
Sownabs calls 250
*** FLOP *** [3d 7h Kc]
*** TURN *** [3d 7h Kc][4d]
*** RIVER *** [3d 7h Kc 4d][2d]
*** SHOW DOWN ***
Sownabs shows [Ad 2c] (One pair : 2)
Alex.dst shows [Ac 7c] (One pair : 7)
Alex.dst collected 575 from pot
*** SUMMARY ***
Total pot 575 | No rake
Board: [3d 7h Kc 4d 2d]
Seat 1: Alex.dst (button) showed [Ac 7c] and won 575 with One pair : 7
Seat 3: Sownabs (big blind) showed [Ad 2c] and lost with One pair : 2


Winamax Poker - Tournament "Expresso Nitro" buyIn: 1.86€ + 0.14€ level: 2 - HandId: #2696921148976791553-12-1675103562 - Holdem no limit (15/30) - 2023/01/30 18:32:42 UTC
Table: 'Expresso Nitro(627925887)#0' 3-max (real money) Seat #2 is the button
Seat 1: Alex.dst (575)
Seat 2: _SKR (295)
Seat 3: Sownabs (30)
*** ANTE/BLINDS ***
Sownabs posts small blind 15
Alex.dst posts big blind 30
Dealt to _SKR [6d Qc]
*** PRE-FLOP *** 
_SKR folds
Sownabs calls 15 and is all-in
*** FLOP *** [Th 9c Ad]
*** TURN *** [Th 9c Ad][2h]
*** RIVER *** [Th 9c Ad 2h][2s]
*** SHOW DOWN ***
Sownabs shows [Jd 8c] (One pair : 2)
Alex.dst shows [7h Ac] (Two pairs : Aces and 2)
Alex.dst collected 60 from pot
*** SUMMARY ***
Total pot 60 | No rake
Board: [Th 9c Ad 2h 2s]
Seat 1: Alex.dst (big blind) showed [7h Ac] and won 60 with Two pairs : Aces and 2
Seat 3: Sownabs (small blind) showed [Jd 8c] and lost with One pair : 2


Winamax Poker - Tournament "Expresso Nitro" buyIn: 1.86€ + 0.14€ level: 3 - HandId: #2696921148976791553-13-1675103584 - Holdem no limit (20/40) - 2023/01/30 18:33:04 UTC
Table: 'Expresso Nitro(627925887)#0' 3-max (real money) Seat #1 is the button
Seat 1: Alex.dst (605)
Seat 2: _SKR (295)
*** ANTE/BLINDS ***
Alex.dst posts small blind 20
_SKR posts big blind 40
Dealt to _SKR [3s Ks]
*** PRE-FLOP *** 
Alex.dst raises 80 to 120
_SKR folds
Alex.dst collected 160 from pot
*** SUMMARY ***
Total pot 160 | No rake
Seat 1: Alex.dst (small blind) (button) won 160


Winamax Poker - Tournament "Expresso Nitro" buyIn: 1.86€ + 0.14€ level: 3 - HandId: #2696921148976791553-14-1675103595 - Holdem no limit (20/40) - 2023/01/30 18:33:15 UTC
Table: 'Expresso Nitro(627925887)#0' 3-max (real money) Seat #2 is the button
Seat 1: Alex.dst (645)
Seat 2: _SKR (255)
*** ANTE/BLINDS ***
_SKR posts small blind 20
Alex.dst posts big blind 40
Dealt to _SKR [Th Js]
*** PRE-FLOP *** 
_SKR raises 215 to 255 and is all-in
Alex.dst folds
_SKR collected 295 from pot
*** SUMMARY ***
Total pot 295 | No rake
Seat 2: _SKR (small blind) (button) won 295


Winamax Poker - Tournament "Expresso Nitro" buyIn: 1.86€ + 0.14€ level: 3 - HandId: #2696921148976791553-15-1675103601 - Holdem no limit (20/40) - 2023/01/30 18:33:21 UTC
Table: 'Expresso Nitro(627925887)#0' 3-max (real money) Seat #1 is the button
Seat 1: Alex.dst (605)
Seat 2: _SKR (295)
*** ANTE/BLINDS ***
Alex.dst posts small blind 20
_SKR posts big blind 40
Dealt to _SKR [Qc Ts]
*** PRE-FLOP *** 
Alex.dst folds
_SKR collected 60 from pot
*** SUMMARY ***
Total pot 60 | No rake
Seat 2: _SKR (big blind) won 60


Winamax Poker - Tournament "Expresso Nitro" buyIn: 1.86€ + 0.14€ level: 3 - HandId: #2696921148976791553-16-1675103604 - Holdem no limit (20/40) - 2023/01/30 18:33:24 UTC
Table: 'Expresso Nitro(627925887)#0' 3-max (real money) Seat #2 is the button
Seat 1: Alex.dst (585)
Seat 2: _SKR (315)
*** ANTE/BLINDS ***
_SKR posts small blind 20
Alex.dst posts big blind 40
Dealt to _SKR [4s Qs]
*** PRE-FLOP *** 
_SKR raises 275 to 315 and is all-in
Alex.dst raises 270 to 585 and is all-in
*** FLOP *** [6s As 9s]
*** TURN *** [6s As 9s][7c]
*** RIVER *** [6s As 9s 7c][Td]
*** SHOW DOWN ***
Alex.dst shows [8s 8d] (Straight Ten high)
_SKR shows [4s Qs] (Flush Ace high)
_SKR collected 630 from main pot
Alex.dst collected 270 from side pot 1
*** SUMMARY ***
Total pot 900 | No rake
Board: [6s As 9s 7c Td]
Seat 1: Alex.dst (big blind) showed [8s 8d] and won 270 with Straight Ten high
Seat 2: _SKR (small blind) (button) showed [4s Qs] and won 630 with Flush Ace high


Winamax Poker - Tournament "Expresso Nitro" buyIn: 1.86€ + 0.14€ level: 3 - HandId: #2696921148976791553-17-1675103617 - Holdem no limit (20/40) - 2023/01/30 18:33:37 UTC
Table: 'Expresso Nitro(627925887)#0' 3-max (real money) Seat #1 is the button
Seat 1: Alex.dst (270)
Seat 2: _SKR (630)
*** ANTE/BLINDS ***
Alex.dst posts small blind 20
_SKR posts big blind 40
Dealt to _SKR [5c 4h]
*** PRE-FLOP *** 
Alex.dst raises 230 to 270 and is all-in
_SKR folds
Alex.dst collected 310 from pot
*** SUMMARY ***
Total pot 310 | No rake
Seat 1: Alex.dst (small blind) (button) won 310


Winamax Poker - Tournament "Expresso Nitro" buyIn: 1.86€ + 0.14€ level: 3 - HandId: #2696921148976791553-18-1675103622 - Holdem no limit (20/40) - 2023/01/30 18:33:42 UTC
Table: 'Expresso Nitro(627925887)#0' 3-max (real money) Seat #2 is the button
Seat 1: Alex.dst (310)
Seat 2: _SKR (590)
*** ANTE/BLINDS ***
_SKR posts small blind 20
Alex.dst posts big blind 40
Dealt to _SKR [Kd 5h]
*** PRE-FLOP *** 
_SKR raises 550 to 590 and is all-in
Alex.dst folds
_SKR collected 630 from pot
*** SUMMARY ***
Total pot 630 | No rake
Seat 2: _SKR (small blind) (button) won 630


Winamax Poker - Tournament "Expresso Nitro" buyIn: 1.86€ + 0.14€ level: 3 - HandId: #2696921148976791553-19-1675103628 - Holdem no limit (20/40) - 2023/01/30 18:33:48 UTC
Table: 'Expresso Nitro(627925887)#0' 3-max (real money) Seat #1 is the button
Seat 1: Alex.dst (270)
Seat 2: _SKR (630)
*** ANTE/BLINDS ***
Alex.dst posts small blind 20
_SKR posts big blind 40
Dealt to _SKR [2c 9d]
*** PRE-FLOP *** 
Alex.dst raises 230 to 270 and is all-in
_SKR folds
Alex.dst collected 310 from pot
*** SUMMARY ***
Total pot 310 | No rake
Seat 1: Alex.dst (small blind) (button) won 310


Winamax Poker - Tournament "Expresso Nitro" buyIn: 1.86€ + 0.14€ level: 3 - HandId: #2696921148976791553-20-1675103633 - Holdem no limit (20/40) - 2023/01/30 18:33:53 UTC
Table: 'Expresso Nitro(627925887)#0' 3-max (real money) Seat #2 is the button
Seat 1: Alex.dst (310)
Seat 2: _SKR (590)
*** ANTE/BLINDS ***
_SKR posts small blind 20
Alex.dst posts big blind 40
Dealt to _SKR [3c Kh]
*** PRE-FLOP *** 
_SKR folds
Alex.dst collected 60 from pot
*** SUMMARY ***
Total pot 60 | No rake
Seat 1: Alex.dst (big blind) won 60


Winamax Poker - Tournament "Expresso Nitro" buyIn: 1.86€ + 0.14€ level: 4 - HandId: #2696921148976791553-21-1675103637 - Holdem no limit (30/60) - 2023/01/30 18:33:57 UTC
Table: 'Expresso Nitro(627925887)#0' 3-max (real money) Seat #1 is the button
Seat 1: Alex.dst (330)
Seat 2: _SKR (570)
*** ANTE/BLINDS ***
Alex.dst posts small blind 30
_SKR posts big blind 60
Dealt to _SKR [3h 6h]
*** PRE-FLOP *** 
Alex.dst folds
_SKR collected 90 from pot
*** SUMMARY ***
Total pot 90 | No rake
Seat 2: _SKR (big blind) won 90


Winamax Poker - Tournament "Expresso Nitro" buyIn: 1.86€ + 0.14€ level: 4 - HandId: #2696921148976791553-22-1675103640 - Holdem no limit (30/60) - 2023/01/30 18:34:00 UTC
Table: 'Expresso Nitro(627925887)#0' 3-max (real money) Seat #2 is the button
Seat 1: Alex.dst (300)
Seat 2: _SKR (600)
*** ANTE/BLINDS ***
_SKR posts small blind 30
Alex.dst posts big blind 60
Dealt to _SKR [Qs 2h]
*** PRE-FLOP *** 
_SKR folds
Alex.dst collected 90 from pot
*** SUMMARY ***
Total pot 90 | No rake
Seat 1: Alex.dst (big blind) won 90


Winamax Poker - Tournament "Expresso Nitro" buyIn: 1.86€ + 0.14€ level: 4 - HandId: #2696921148976791553-23-1675103652 - Holdem no limit (30/60) - 2023/01/30 18:34:12 UTC
Table: 'Expresso Nitro(627925887)#0' 3-max (real money) Seat #1 is the button
Seat 1: Alex.dst (330)
Seat 2: _SKR (570)
*** ANTE/BLINDS ***
Alex.dst posts small blind 30
_SKR posts big blind 60
Dealt to _SKR [3c 4d]
*** PRE-FLOP *** 
Alex.dst folds
_SKR collected 90 from pot
*** SUMMARY ***
Total pot 90 | No rake
Seat 2: _SKR (big blind) won 90


Winamax Poker - Tournament "Expresso Nitro" buyIn: 1.86€ + 0.14€ level: 4 - HandId: #2696921148976791553-24-1675103656 - Holdem no limit (30/60) - 2023/01/30 18:34:16 UTC
Table: 'Expresso Nitro(627925887)#0' 3-max (real money) Seat #2 is the button
Seat 1: Alex.dst (300)
Seat 2: _SKR (600)
*** ANTE/BLINDS ***
_SKR posts small blind 30
Alex.dst posts big blind 60
Dealt to _SKR [6s 8c]
*** PRE-FLOP *** 
_SKR folds
Alex.dst collected 90 from pot
*** SUMMARY ***
Total pot 90 | No rake
Seat 1: Alex.dst (big blind) won 90


Winamax Poker - Tournament "Expresso Nitro" buyIn: 1.86€ + 0.14€ level: 4 - HandId: #2696921148976791553-25-1675103663 - Holdem no limit (30/60) - 2023/01/30 18:34:23 UTC
Table: 'Expresso Nitro(627925887)#0' 3-max (real money) Seat #1 is the button
Seat 1: Alex.dst (330)
Seat 2: _SKR (570)
*** ANTE/BLINDS ***
Alex.dst posts small blind 30
_SKR posts big blind 60
Dealt to _SKR [Kh 8d]
*** PRE-FLOP *** 
Alex.dst raises 270 to 330 and is all-in
_SKR raises 240 to 570 and is all-in
*** FLOP *** [3s 2c 2s]
*** TURN *** [3s 2c 2s][6h]
*** RIVER *** [3s 2c 2s 6h][Js]
*** SHOW DOWN ***
Alex.dst shows [Th Jd] (Two pairs : Jacks and 2)
_SKR shows [Kh 8d] (One pair : 2)
_SKR collected 240 from side pot 1
Alex.dst collected 660 from main pot
*** SUMMARY ***
Total pot 900 | No rake
Board: [3s 2c 2s 6h Js]
Seat 1: Alex.dst (small blind) (button) showed [Th Jd] and won 660 with Two pairs : Jacks and 2
Seat 2: _SKR (big blind) showed [Kh 8d] and won 240 with One pair : 2


Winamax Poker - Tournament "Expresso Nitro" buyIn: 1.86€ + 0.14€ level: 4 - HandId: #2696921148976791553-26-1675103676 - Holdem no limit (30/60) - 2023/01/30 18:34:36 UTC
Table: 'Expresso Nitro(627925887)#0' 3-max (real money) Seat #2 is the button
Seat 1: Alex.dst (660)
Seat 2: _SKR (240)
*** ANTE/BLINDS ***
_SKR posts small blind 30
Alex.dst posts big blind 60
Dealt to _SKR [Jc Qs]
*** PRE-FLOP *** 
_SKR raises 180 to 240 and is all-in
Alex.dst raises 420 to 660 and is all-in
*** FLOP *** [7s 2h 5c]
*** TURN *** [7s 2h 5c][Jh]
*** RIVER *** [7s 2h 5c Jh][6h]
*** SHOW DOWN ***
Alex.dst shows [Ad 6d] (One pair : 6)
_SKR shows [Jc Qs] (One pair : Jacks)
_SKR collected 480 from main pot
Alex.dst collected 420 from side pot 1
*** SUMMARY ***
Total pot 900 | No rake
Board: [7s 2h 5c Jh 6h]
Seat 1: Alex.dst (big blind) showed [Ad 6d] and won 420 with One pair : 6
Seat 2: _SKR (small blind) (button) showed [Jc Qs] and won 480 with One pair : Jacks


Winamax Poker - Tournament "Expresso Nitro" buyIn: 1.86€ + 0.14€ level: 4 - HandId: #2696921148976791553-27-1675103690 - Holdem no limit (30/60) - 2023/01/30 18:34:50 UTC
Table: 'Expresso Nitro(627925887)#0' 3-max (real money) Seat #1 is the button
Seat 1: Alex.dst (420)
Seat 2: _SKR (480)
*** ANTE/BLINDS ***
Alex.dst posts small blind 30
_SKR posts big blind 60
Dealt to _SKR [2c Qd]
*** PRE-FLOP *** 
Alex.dst raises 360 to 420 and is all-in
_SKR folds
Alex.dst collected 480 from pot
*** SUMMARY ***
Total pot 480 | No rake
Seat 1: Alex.dst (small blind) (button) won 480


Winamax Poker - Tournament "Expresso Nitro" buyIn: 1.86€ + 0.14€ level: 4 - HandId: #2696921148976791553-28-1675103696 - Holdem no limit (30/60) - 2023/01/30 18:34:56 UTC
Table: 'Expresso Nitro(627925887)#0' 3-max (real money) Seat #2 is the button
Seat 1: Alex.dst (480)
Seat 2: _SKR (420)
*** ANTE/BLINDS ***
_SKR posts small blind 30
Alex.dst posts big blind 60
Dealt to _SKR [7s 3s]
*** PRE-FLOP *** 
_SKR folds
Alex.dst collected 90 from pot
*** SUMMARY ***
Total pot 90 | No rake
Seat 1: Alex.dst (big blind) won 90


Winamax Poker - Tournament "Expresso Nitro" buyIn: 1.86€ + 0.14€ level: 5 - HandId: #2696921148976791553-29-1675103700 - Holdem no limit (40/80) - 2023/01/30 18:35:00 UTC
Table: 'Expresso Nitro(627925887)#0' 3-max (real money) Seat #1 is the button
Seat 1: Alex.dst (510)
Seat 2: _SKR (390)
*** ANTE/BLINDS ***
Alex.dst posts small blind 40
_SKR posts big blind 80
Dealt to _SKR [Qd 2c]
*** PRE-FLOP *** 
Alex.dst raises 430 to 510 and is all-in
_SKR calls 310 and is all-in
*** FLOP *** [Ad 8c Tc]
*** TURN *** [Ad 8c Tc][6c]
*** RIVER *** [Ad 8c Tc 6c][4d]
*** SHOW DOWN ***
_SKR shows [Qd 2c] (High card : Ace)
Alex.dst shows [Jd Jh] (One pair : Jacks)
Alex.dst collected 900 from pot
*** SUMMARY ***
Total pot 900 | No rake
Board: [Ad 8c Tc 6c 4d]
Seat 1: Alex.dst (small blind) (button) showed [Jd Jh] and won 900 with One pair : Jacks
Seat 2: _SKR (big blind) showed [Qd 2c] and lost with High card : Ace


