Winamax Poker - Tournament "Expresso Nitro" buyIn: 1.86€ + 0.14€ level: 1 - HandId: #2677084808160477185-1-1673876424 - Holdem no limit (10/20) - 2023/01/16 13:40:24 UTC
Table: 'Expresso Nitro(623307379)#0' 3-max (real money) Seat #3 is the button
Seat 1: As_tro_nome (300)
Seat 2: _SKR (300)
Seat 3: T-14 (300)
*** ANTE/BLINDS ***
As_tro_nome posts small blind 10
_SKR posts big blind 20
Dealt to _SKR [Tc Th]
*** PRE-FLOP *** 
T-14 folds
As_tro_nome calls 10
_SKR raises 280 to 300 and is all-in
As_tro_nome folds
_SKR collected 320 from pot
*** SUMMARY ***
Total pot 320 | No rake
Seat 2: _SKR (big blind) won 320


Winamax Poker - Tournament "Expresso Nitro" buyIn: 1.86€ + 0.14€ level: 1 - HandId: #2677084808160477185-2-1673876433 - Holdem no limit (10/20) - 2023/01/16 13:40:33 UTC
Table: 'Expresso Nitro(623307379)#0' 3-max (real money) Seat #1 is the button
Seat 1: As_tro_nome (280)
Seat 2: _SKR (320)
Seat 3: T-14 (300)
*** ANTE/BLINDS ***
_SKR posts small blind 10
T-14 posts big blind 20
Dealt to _SKR [2h Qs]
*** PRE-FLOP *** 
As_tro_nome raises 20 to 40
_SKR folds
T-14 raises 90 to 130
As_tro_nome folds
T-14 collected 180 from pot
*** SUMMARY ***
Total pot 180 | No rake
Seat 3: T-14 (big blind) won 180


Winamax Poker - Tournament "Expresso Nitro" buyIn: 1.86€ + 0.14€ level: 1 - HandId: #2677084808160477185-3-1673876448 - Holdem no limit (10/20) - 2023/01/16 13:40:48 UTC
Table: 'Expresso Nitro(623307379)#0' 3-max (real money) Seat #2 is the button
Seat 1: As_tro_nome (240)
Seat 2: _SKR (310)
Seat 3: T-14 (350)
*** ANTE/BLINDS ***
T-14 posts small blind 10
As_tro_nome posts big blind 20
Dealt to _SKR [As Ad]
*** PRE-FLOP *** 
_SKR raises 20 to 40
T-14 folds
As_tro_nome folds
_SKR collected 70 from pot
*** SUMMARY ***
Total pot 70 | No rake
Seat 2: _SKR (button) won 70


Winamax Poker - Tournament "Expresso Nitro" buyIn: 1.86€ + 0.14€ level: 1 - HandId: #2677084808160477185-4-1673876462 - Holdem no limit (10/20) - 2023/01/16 13:41:02 UTC
Table: 'Expresso Nitro(623307379)#0' 3-max (real money) Seat #3 is the button
Seat 1: As_tro_nome (220)
Seat 2: _SKR (340)
Seat 3: T-14 (340)
*** ANTE/BLINDS ***
As_tro_nome posts small blind 10
_SKR posts big blind 20
Dealt to _SKR [9c 8s]
*** PRE-FLOP *** 
T-14 calls 20
As_tro_nome folds
_SKR checks
*** FLOP *** [4d 2s 3c]
_SKR checks
T-14 checks
*** TURN *** [4d 2s 3c][As]
_SKR checks
T-14 checks
*** RIVER *** [4d 2s 3c As][8h]
_SKR checks
T-14 checks
*** SHOW DOWN ***
T-14 shows [Qc Ts] (High card : Ace)
_SKR shows [9c 8s] (One pair : 8)
_SKR collected 50 from pot
*** SUMMARY ***
Total pot 50 | No rake
Board: [4d 2s 3c As 8h]
Seat 2: _SKR (big blind) showed [9c 8s] and won 50 with One pair : 8
Seat 3: T-14 (button) showed [Qc Ts] and lost with High card : Ace


Winamax Poker - Tournament "Expresso Nitro" buyIn: 1.86€ + 0.14€ level: 2 - HandId: #2677084808160477185-5-1673876496 - Holdem no limit (15/30) - 2023/01/16 13:41:36 UTC
Table: 'Expresso Nitro(623307379)#0' 3-max (real money) Seat #1 is the button
Seat 1: As_tro_nome (210)
Seat 2: _SKR (370)
Seat 3: T-14 (320)
*** ANTE/BLINDS ***
_SKR posts small blind 15
T-14 posts big blind 30
Dealt to _SKR [9c 6s]
*** PRE-FLOP *** 
As_tro_nome raises 180 to 210 and is all-in
_SKR folds
T-14 folds
As_tro_nome collected 255 from pot
*** SUMMARY ***
Total pot 255 | No rake
Seat 1: As_tro_nome (button) won 255


Winamax Poker - Tournament "Expresso Nitro" buyIn: 1.86€ + 0.14€ level: 2 - HandId: #2677084808160477185-6-1673876502 - Holdem no limit (15/30) - 2023/01/16 13:41:42 UTC
Table: 'Expresso Nitro(623307379)#0' 3-max (real money) Seat #2 is the button
Seat 1: As_tro_nome (255)
Seat 2: _SKR (355)
Seat 3: T-14 (290)
*** ANTE/BLINDS ***
T-14 posts small blind 15
As_tro_nome posts big blind 30
Dealt to _SKR [Qc 3c]
*** PRE-FLOP *** 
_SKR folds
T-14 raises 30 to 60
As_tro_nome folds
T-14 collected 90 from pot
*** SUMMARY ***
Total pot 90 | No rake
Seat 3: T-14 (small blind) won 90


Winamax Poker - Tournament "Expresso Nitro" buyIn: 1.86€ + 0.14€ level: 2 - HandId: #2677084808160477185-7-1673876509 - Holdem no limit (15/30) - 2023/01/16 13:41:49 UTC
Table: 'Expresso Nitro(623307379)#0' 3-max (real money) Seat #3 is the button
Seat 1: As_tro_nome (225)
Seat 2: _SKR (355)
Seat 3: T-14 (320)
*** ANTE/BLINDS ***
As_tro_nome posts small blind 15
_SKR posts big blind 30
Dealt to _SKR [Kd Td]
*** PRE-FLOP *** 
T-14 calls 30
As_tro_nome raises 195 to 225 and is all-in
_SKR raises 130 to 355 and is all-in
T-14 folds
*** FLOP *** [3s 5d 8s]
*** TURN *** [3s 5d 8s][Qc]
*** RIVER *** [3s 5d 8s Qc][2h]
*** SHOW DOWN ***
As_tro_nome shows [9d 8d] (One pair : 8)
_SKR shows [Kd Td] (High card : King)
_SKR collected 130 from side pot 1
As_tro_nome collected 480 from main pot
*** SUMMARY ***
Total pot 610 | No rake
Board: [3s 5d 8s Qc 2h]
Seat 1: As_tro_nome (small blind) showed [9d 8d] and won 480 with One pair : 8
Seat 2: _SKR (big blind) showed [Kd Td] and won 130 with High card : King


Winamax Poker - Tournament "Expresso Nitro" buyIn: 1.86€ + 0.14€ level: 2 - HandId: #2677084808160477185-8-1673876529 - Holdem no limit (15/30) - 2023/01/16 13:42:09 UTC
Table: 'Expresso Nitro(623307379)#0' 3-max (real money) Seat #1 is the button
Seat 1: As_tro_nome (480)
Seat 2: _SKR (130)
Seat 3: T-14 (290)
*** ANTE/BLINDS ***
_SKR posts small blind 15
T-14 posts big blind 30
Dealt to _SKR [6h 6d]
*** PRE-FLOP *** 
As_tro_nome folds
_SKR raises 100 to 130 and is all-in
T-14 folds
_SKR collected 160 from pot
*** SUMMARY ***
Total pot 160 | No rake
Seat 2: _SKR (small blind) won 160


Winamax Poker - Tournament "Expresso Nitro" buyIn: 1.86€ + 0.14€ level: 2 - HandId: #2677084808160477185-9-1673876536 - Holdem no limit (15/30) - 2023/01/16 13:42:16 UTC
Table: 'Expresso Nitro(623307379)#0' 3-max (real money) Seat #2 is the button
Seat 1: As_tro_nome (480)
Seat 2: _SKR (160)
Seat 3: T-14 (260)
*** ANTE/BLINDS ***
T-14 posts small blind 15
As_tro_nome posts big blind 30
Dealt to _SKR [Qh Js]
*** PRE-FLOP *** 
_SKR raises 130 to 160 and is all-in
T-14 folds
As_tro_nome raises 130 to 290
*** FLOP *** [Qd 3c 7d]
*** TURN *** [Qd 3c 7d][Qs]
*** RIVER *** [Qd 3c 7d Qs][7h]
*** SHOW DOWN ***
As_tro_nome shows [Qc Ad] (Full of Queens and 7)
_SKR shows [Qh Js] (Full of Queens and 7)
_SKR collected 168 from main pot
As_tro_nome collected 297 from side pot 1
*** SUMMARY ***
Total pot 465 | No rake
Board: [Qd 3c 7d Qs 7h]
Seat 1: As_tro_nome (big blind) showed [Qc Ad] and won 297 with Full of Queens and 7
Seat 2: _SKR (button) showed [Qh Js] and won 168 with Full of Queens and 7


Winamax Poker - Tournament "Expresso Nitro" buyIn: 1.86€ + 0.14€ level: 3 - HandId: #2677084808160477185-10-1673876553 - Holdem no limit (20/40) - 2023/01/16 13:42:33 UTC
Table: 'Expresso Nitro(623307379)#0' 3-max (real money) Seat #3 is the button
Seat 1: As_tro_nome (487)
Seat 2: _SKR (168)
Seat 3: T-14 (245)
*** ANTE/BLINDS ***
As_tro_nome posts small blind 20
_SKR posts big blind 40
Dealt to _SKR [8d 7h]
*** PRE-FLOP *** 
T-14 calls 40
As_tro_nome folds
_SKR checks
*** FLOP *** [7d 7s Ks]
_SKR checks
T-14 bets 100
_SKR raises 28 to 128 and is all-in
T-14 calls 28
*** TURN *** [7d 7s Ks][3d]
*** RIVER *** [7d 7s Ks 3d][Ts]
*** SHOW DOWN ***
T-14 shows [5h Kd] (Two pairs : Kings and 7)
_SKR shows [8d 7h] (Trips of 7)
_SKR collected 356 from pot
*** SUMMARY ***
Total pot 356 | No rake
Board: [7d 7s Ks 3d Ts]
Seat 2: _SKR (big blind) showed [8d 7h] and won 356 with Trips of 7
Seat 3: T-14 (button) showed [5h Kd] and lost with Two pairs : Kings and 7


Winamax Poker - Tournament "Expresso Nitro" buyIn: 1.86€ + 0.14€ level: 3 - HandId: #2677084808160477185-11-1673876584 - Holdem no limit (20/40) - 2023/01/16 13:43:04 UTC
Table: 'Expresso Nitro(623307379)#0' 3-max (real money) Seat #1 is the button
Seat 1: As_tro_nome (467)
Seat 2: _SKR (356)
Seat 3: T-14 (77)
*** ANTE/BLINDS ***
_SKR posts small blind 20
T-14 posts big blind 40
Dealt to _SKR [Qd 2s]
*** PRE-FLOP *** 
As_tro_nome raises 427 to 467 and is all-in
_SKR folds
T-14 calls 37 and is all-in
*** FLOP *** [8c 6d 9d]
*** TURN *** [8c 6d 9d][4s]
*** RIVER *** [8c 6d 9d 4s][5c]
*** SHOW DOWN ***
As_tro_nome shows [Js Ac] (High card : Ace)
T-14 shows [7c Ks] (Straight 9 high)
T-14 collected 174 from main pot
As_tro_nome collected 390 from side pot 1
*** SUMMARY ***
Total pot 564 | No rake
Board: [8c 6d 9d 4s 5c]
Seat 1: As_tro_nome (button) showed [Js Ac] and won 390 with High card : Ace
Seat 3: T-14 (big blind) showed [7c Ks] and won 174 with Straight 9 high


Winamax Poker - Tournament "Expresso Nitro" buyIn: 1.86€ + 0.14€ level: 4 - HandId: #2677084808160477185-12-1673876602 - Holdem no limit (30/60) - 2023/01/16 13:43:22 UTC
Table: 'Expresso Nitro(623307379)#0' 3-max (real money) Seat #2 is the button
Seat 1: As_tro_nome (390)
Seat 2: _SKR (336)
Seat 3: T-14 (174)
*** ANTE/BLINDS ***
T-14 posts small blind 30
As_tro_nome posts big blind 60
Dealt to _SKR [Ts 6d]
*** PRE-FLOP *** 
_SKR folds
T-14 folds
As_tro_nome collected 90 from pot
*** SUMMARY ***
Total pot 90 | No rake
Seat 1: As_tro_nome (big blind) won 90


Winamax Poker - Tournament "Expresso Nitro" buyIn: 1.86€ + 0.14€ level: 4 - HandId: #2677084808160477185-13-1673876607 - Holdem no limit (30/60) - 2023/01/16 13:43:27 UTC
Table: 'Expresso Nitro(623307379)#0' 3-max (real money) Seat #3 is the button
Seat 1: As_tro_nome (420)
Seat 2: _SKR (336)
Seat 3: T-14 (144)
*** ANTE/BLINDS ***
As_tro_nome posts small blind 30
_SKR posts big blind 60
Dealt to _SKR [9c 8s]
*** PRE-FLOP *** 
T-14 raises 84 to 144 and is all-in
As_tro_nome folds
_SKR calls 84
*** FLOP *** [As Kc 5s]
*** TURN *** [As Kc 5s][Td]
*** RIVER *** [As Kc 5s Td][9s]
*** SHOW DOWN ***
_SKR shows [9c 8s] (One pair : 9)
T-14 shows [Ac 7s] (One pair : Aces)
T-14 collected 318 from pot
*** SUMMARY ***
Total pot 318 | No rake
Board: [As Kc 5s Td 9s]
Seat 2: _SKR (big blind) showed [9c 8s] and lost with One pair : 9
Seat 3: T-14 (button) showed [Ac 7s] and won 318 with One pair : Aces


Winamax Poker - Tournament "Expresso Nitro" buyIn: 1.86€ + 0.14€ level: 4 - HandId: #2677084808160477185-14-1673876621 - Holdem no limit (30/60) - 2023/01/16 13:43:41 UTC
Table: 'Expresso Nitro(623307379)#0' 3-max (real money) Seat #1 is the button
Seat 1: As_tro_nome (390)
Seat 2: _SKR (192)
Seat 3: T-14 (318)
*** ANTE/BLINDS ***
_SKR posts small blind 30
T-14 posts big blind 60
Dealt to _SKR [2d Ad]
*** PRE-FLOP *** 
As_tro_nome raises 330 to 390 and is all-in
_SKR calls 162 and is all-in
T-14 folds
*** FLOP *** [Kh 6c 7d]
*** TURN *** [Kh 6c 7d][3c]
*** RIVER *** [Kh 6c 7d 3c][Ks]
*** SHOW DOWN ***
_SKR shows [2d Ad] (One pair : Kings)
As_tro_nome shows [6d 6h] (Full of 6 and Kings)
As_tro_nome collected 642 from pot
*** SUMMARY ***
Total pot 642 | No rake
Board: [Kh 6c 7d 3c Ks]
Seat 1: As_tro_nome (button) showed [6d 6h] and won 642 with Full of 6 and Kings
Seat 2: _SKR (small blind) showed [2d Ad] and lost with One pair : Kings


