Winamax Poker - Tournament "Expresso Nitro" buyIn: 1.86€ + 0.14€ level: 1 - HandId: #2696825147867791361-1-1675099547 - Holdem no limit (10/20) - 2023/01/30 17:25:47 UTC
Table: 'Expresso Nitro(627903535)#0' 3-max (real money) Seat #3 is the button
Seat 1: JB_Boss61206 (300)
Seat 2: yoni-Zeus138 (300)
Seat 3: _SKR (300)
*** ANTE/BLINDS ***
JB_Boss61206 posts small blind 10
yoni-Zeus138 posts big blind 20
Dealt to _SKR [Qc 6s]
*** PRE-FLOP *** 
_SKR folds
JB_Boss61206 calls 10
yoni-Zeus138 checks
*** FLOP *** [7s Th 2h]
JB_Boss61206 checks
yoni-Zeus138 checks
*** TURN *** [7s Th 2h][8s]
JB_Boss61206 checks
yoni-Zeus138 bets 26
JB_Boss61206 calls 26
*** RIVER *** [7s Th 2h 8s][5h]
JB_Boss61206 checks
yoni-Zeus138 checks
*** SHOW DOWN ***
JB_Boss61206 shows [9c 2c] (One pair : 2)
yoni-Zeus138 shows [2d Jh] (One pair : 2)
yoni-Zeus138 collected 92 from pot
*** SUMMARY ***
Total pot 92 | No rake
Board: [7s Th 2h 8s 5h]
Seat 1: JB_Boss61206 (small blind) showed [9c 2c] and lost with One pair : 2
Seat 2: yoni-Zeus138 (big blind) showed [2d Jh] and won 92 with One pair : 2


Winamax Poker - Tournament "Expresso Nitro" buyIn: 1.86€ + 0.14€ level: 1 - HandId: #2696825147867791361-2-1675099575 - Holdem no limit (10/20) - 2023/01/30 17:26:15 UTC
Table: 'Expresso Nitro(627903535)#0' 3-max (real money) Seat #1 is the button
Seat 1: JB_Boss61206 (254)
Seat 2: yoni-Zeus138 (346)
Seat 3: _SKR (300)
*** ANTE/BLINDS ***
yoni-Zeus138 posts small blind 10
_SKR posts big blind 20
Dealt to _SKR [3c Kd]
*** PRE-FLOP *** 
JB_Boss61206 calls 20
yoni-Zeus138 calls 10
_SKR checks
*** FLOP *** [8s 6s Kc]
yoni-Zeus138 checks
_SKR checks
JB_Boss61206 checks
*** TURN *** [8s 6s Kc][Td]
yoni-Zeus138 checks
_SKR checks
JB_Boss61206 checks
*** RIVER *** [8s 6s Kc Td][5h]
yoni-Zeus138 checks
_SKR bets 39
JB_Boss61206 calls 39
yoni-Zeus138 folds
*** SHOW DOWN ***
JB_Boss61206 shows [5s Jh] (One pair : 5)
_SKR shows [3c Kd] (One pair : Kings)
_SKR collected 138 from pot
*** SUMMARY ***
Total pot 138 | No rake
Board: [8s 6s Kc Td 5h]
Seat 1: JB_Boss61206 (button) showed [5s Jh] and lost with One pair : 5
Seat 3: _SKR (big blind) showed [3c Kd] and won 138 with One pair : Kings


Winamax Poker - Tournament "Expresso Nitro" buyIn: 1.86€ + 0.14€ level: 2 - HandId: #2696825147867791361-3-1675099648 - Holdem no limit (15/30) - 2023/01/30 17:27:28 UTC
Table: 'Expresso Nitro(627903535)#0' 3-max (real money) Seat #2 is the button
Seat 1: JB_Boss61206 (195)
Seat 2: yoni-Zeus138 (326)
Seat 3: _SKR (379)
*** ANTE/BLINDS ***
_SKR posts small blind 15
JB_Boss61206 posts big blind 30
Dealt to _SKR [6s 8c]
*** PRE-FLOP *** 
yoni-Zeus138 raises 30 to 60
_SKR folds
JB_Boss61206 raises 30 to 90
yoni-Zeus138 calls 30
*** FLOP *** [Js 9s 3h]
JB_Boss61206 bets 30
yoni-Zeus138 calls 30
*** TURN *** [Js 9s 3h][6h]
JB_Boss61206 bets 30
yoni-Zeus138 calls 30
*** RIVER *** [Js 9s 3h 6h][Ah]
JB_Boss61206 checks
yoni-Zeus138 bets 110
JB_Boss61206 calls 45 and is all-in
*** SHOW DOWN ***
JB_Boss61206 shows [Kh Qd] (High card : Ace)
yoni-Zeus138 shows [Jh Td] (One pair : Jacks)
yoni-Zeus138 collected 470 from pot
*** SUMMARY ***
Total pot 470 | No rake
Board: [Js 9s 3h 6h Ah]
Seat 1: JB_Boss61206 (big blind) showed [Kh Qd] and lost with High card : Ace
Seat 2: yoni-Zeus138 (button) showed [Jh Td] and won 470 with One pair : Jacks


Winamax Poker - Tournament "Expresso Nitro" buyIn: 1.86€ + 0.14€ level: 3 - HandId: #2696825147867791361-4-1675099686 - Holdem no limit (20/40) - 2023/01/30 17:28:06 UTC
Table: 'Expresso Nitro(627903535)#0' 3-max (real money) Seat #2 is the button
Seat 2: yoni-Zeus138 (536)
Seat 3: _SKR (364)
*** ANTE/BLINDS ***
yoni-Zeus138 posts small blind 20
_SKR posts big blind 40
Dealt to _SKR [5c Qs]
*** PRE-FLOP *** 
yoni-Zeus138 raises 40 to 80
_SKR calls 40
*** FLOP *** [Kh 4c 3d]
_SKR checks
yoni-Zeus138 checks
*** TURN *** [Kh 4c 3d][Ac]
_SKR checks
yoni-Zeus138 bets 40
_SKR folds
yoni-Zeus138 collected 200 from pot
*** SUMMARY ***
Total pot 200 | No rake
Board: [Kh 4c 3d Ac]
Seat 2: yoni-Zeus138 (small blind) (button) won 200


Winamax Poker - Tournament "Expresso Nitro" buyIn: 1.86€ + 0.14€ level: 3 - HandId: #2696825147867791361-5-1675099708 - Holdem no limit (20/40) - 2023/01/30 17:28:28 UTC
Table: 'Expresso Nitro(627903535)#0' 3-max (real money) Seat #3 is the button
Seat 2: yoni-Zeus138 (616)
Seat 3: _SKR (284)
*** ANTE/BLINDS ***
_SKR posts small blind 20
yoni-Zeus138 posts big blind 40
Dealt to _SKR [7d As]
*** PRE-FLOP *** 
_SKR raises 244 to 284 and is all-in
yoni-Zeus138 calls 244
*** FLOP *** [8d 6c 7s]
*** TURN *** [8d 6c 7s][4s]
*** RIVER *** [8d 6c 7s 4s][Td]
*** SHOW DOWN ***
yoni-Zeus138 shows [Qc Ks] (High card : King)
_SKR shows [7d As] (One pair : 7)
_SKR collected 568 from pot
*** SUMMARY ***
Total pot 568 | No rake
Board: [8d 6c 7s 4s Td]
Seat 2: yoni-Zeus138 (big blind) showed [Qc Ks] and lost with High card : King
Seat 3: _SKR (small blind) (button) showed [7d As] and won 568 with One pair : 7


Winamax Poker - Tournament "Expresso Nitro" buyIn: 1.86€ + 0.14€ level: 3 - HandId: #2696825147867791361-6-1675099721 - Holdem no limit (20/40) - 2023/01/30 17:28:41 UTC
Table: 'Expresso Nitro(627903535)#0' 3-max (real money) Seat #2 is the button
Seat 2: yoni-Zeus138 (332)
Seat 3: _SKR (568)
*** ANTE/BLINDS ***
yoni-Zeus138 posts small blind 20
_SKR posts big blind 40
Dealt to _SKR [8s Kc]
*** PRE-FLOP *** 
yoni-Zeus138 raises 292 to 332 and is all-in
_SKR calls 292
*** FLOP *** [7s 5c 9h]
*** TURN *** [7s 5c 9h][3d]
*** RIVER *** [7s 5c 9h 3d][Kd]
*** SHOW DOWN ***
yoni-Zeus138 shows [Ad 8h] (High card : Ace)
_SKR shows [8s Kc] (One pair : Kings)
_SKR collected 664 from pot
*** SUMMARY ***
Total pot 664 | No rake
Board: [7s 5c 9h 3d Kd]
Seat 2: yoni-Zeus138 (small blind) (button) showed [Ad 8h] and lost with High card : Ace
Seat 3: _SKR (big blind) showed [8s Kc] and won 664 with One pair : Kings


