Winamax Poker - Tournament "Expresso Nitro" buyIn: 1.86€ + 0.14€ level: 1 - HandId: #2696868900699635713-1-1675101332 - Holdem no limit (10/20) - 2023/01/30 17:55:32 UTC
Table: 'Expresso Nitro(627913722)#0' 3-max (real money) Seat #3 is the button
Seat 1: chispa52 (300)
Seat 2: _SKR (300)
Seat 3: ThIStheWay (300)
*** ANTE/BLINDS ***
chispa52 posts small blind 10
_SKR posts big blind 20
Dealt to _SKR [Tc Ks]
*** PRE-FLOP *** 
ThIStheWay raises 20 to 40
chispa52 raises 219 to 259
_SKR folds
ThIStheWay raises 41 to 300 and is all-in
chispa52 calls 41 and is all-in
*** FLOP *** [9c 8c 8s]
*** TURN *** [9c 8c 8s][Th]
*** RIVER *** [9c 8c 8s Th][2c]
*** SHOW DOWN ***
ThIStheWay shows [Ad Ac] (Two pairs : Aces and 8)
chispa52 shows [9s 9d] (Full of 9 and 8)
chispa52 collected 620 from pot
*** SUMMARY ***
Total pot 620 | No rake
Board: [9c 8c 8s Th 2c]
Seat 1: chispa52 (small blind) showed [9s 9d] and won 620 with Full of 9 and 8
Seat 3: ThIStheWay (button) showed [Ad Ac] and lost with Two pairs : Aces and 8


Winamax Poker - Tournament "Expresso Nitro" buyIn: 1.86€ + 0.14€ level: 1 - HandId: #2696868900699635713-2-1675101356 - Holdem no limit (10/20) - 2023/01/30 17:55:56 UTC
Table: 'Expresso Nitro(627913722)#0' 3-max (real money) Seat #2 is the button
Seat 1: chispa52 (620)
Seat 2: _SKR (280)
*** ANTE/BLINDS ***
_SKR posts small blind 10
chispa52 posts big blind 20
Dealt to _SKR [Qs 3d]
*** PRE-FLOP *** 
_SKR folds
chispa52 collected 30 from pot
*** SUMMARY ***
Total pot 30 | No rake
Seat 1: chispa52 (big blind) won 30


Winamax Poker - Tournament "Expresso Nitro" buyIn: 1.86€ + 0.14€ level: 1 - HandId: #2696868900699635713-3-1675101360 - Holdem no limit (10/20) - 2023/01/30 17:56:00 UTC
Table: 'Expresso Nitro(627913722)#0' 3-max (real money) Seat #1 is the button
Seat 1: chispa52 (630)
Seat 2: _SKR (270)
*** ANTE/BLINDS ***
chispa52 posts small blind 10
_SKR posts big blind 20
Dealt to _SKR [4h 7d]
*** PRE-FLOP *** 
chispa52 calls 10
_SKR checks
*** FLOP *** [5d Jd 9s]
_SKR checks
chispa52 checks
*** TURN *** [5d Jd 9s][2h]
_SKR checks
chispa52 checks
*** RIVER *** [5d Jd 9s 2h][As]
_SKR checks
chispa52 bets 110
_SKR folds
chispa52 collected 150 from pot
*** SUMMARY ***
Total pot 150 | No rake
Board: [5d Jd 9s 2h As]
Seat 1: chispa52 (small blind) (button) won 150


Winamax Poker - Tournament "Expresso Nitro" buyIn: 1.86€ + 0.14€ level: 2 - HandId: #2696868900699635713-4-1675101396 - Holdem no limit (15/30) - 2023/01/30 17:56:36 UTC
Table: 'Expresso Nitro(627913722)#0' 3-max (real money) Seat #2 is the button
Seat 1: chispa52 (650)
Seat 2: _SKR (250)
*** ANTE/BLINDS ***
_SKR posts small blind 15
chispa52 posts big blind 30
Dealt to _SKR [7d 5d]
*** PRE-FLOP *** 
_SKR folds
chispa52 collected 45 from pot
*** SUMMARY ***
Total pot 45 | No rake
Seat 1: chispa52 (big blind) won 45


Winamax Poker - Tournament "Expresso Nitro" buyIn: 1.86€ + 0.14€ level: 2 - HandId: #2696868900699635713-5-1675101401 - Holdem no limit (15/30) - 2023/01/30 17:56:41 UTC
Table: 'Expresso Nitro(627913722)#0' 3-max (real money) Seat #1 is the button
Seat 1: chispa52 (665)
Seat 2: _SKR (235)
*** ANTE/BLINDS ***
chispa52 posts small blind 15
_SKR posts big blind 30
Dealt to _SKR [7s 7c]
*** PRE-FLOP *** 
chispa52 calls 15
_SKR raises 205 to 235 and is all-in
chispa52 folds
_SKR collected 265 from pot
*** SUMMARY ***
Total pot 265 | No rake
Seat 2: _SKR (big blind) won 265


Winamax Poker - Tournament "Expresso Nitro" buyIn: 1.86€ + 0.14€ level: 2 - HandId: #2696868900699635713-6-1675101415 - Holdem no limit (15/30) - 2023/01/30 17:56:55 UTC
Table: 'Expresso Nitro(627913722)#0' 3-max (real money) Seat #2 is the button
Seat 1: chispa52 (635)
Seat 2: _SKR (265)
*** ANTE/BLINDS ***
_SKR posts small blind 15
chispa52 posts big blind 30
Dealt to _SKR [3c 7h]
*** PRE-FLOP *** 
_SKR folds
chispa52 collected 45 from pot
*** SUMMARY ***
Total pot 45 | No rake
Seat 1: chispa52 (big blind) won 45


Winamax Poker - Tournament "Expresso Nitro" buyIn: 1.86€ + 0.14€ level: 2 - HandId: #2696868900699635713-7-1675101418 - Holdem no limit (15/30) - 2023/01/30 17:56:58 UTC
Table: 'Expresso Nitro(627913722)#0' 3-max (real money) Seat #1 is the button
Seat 1: chispa52 (650)
Seat 2: _SKR (250)
*** ANTE/BLINDS ***
chispa52 posts small blind 15
_SKR posts big blind 30
Dealt to _SKR [4d Td]
*** PRE-FLOP *** 
chispa52 raises 620 to 650 and is all-in
_SKR folds
chispa52 collected 680 from pot
*** SUMMARY ***
Total pot 680 | No rake
Seat 1: chispa52 (small blind) (button) won 680


Winamax Poker - Tournament "Expresso Nitro" buyIn: 1.86€ + 0.14€ level: 2 - HandId: #2696868900699635713-8-1675101426 - Holdem no limit (15/30) - 2023/01/30 17:57:06 UTC
Table: 'Expresso Nitro(627913722)#0' 3-max (real money) Seat #2 is the button
Seat 1: chispa52 (680)
Seat 2: _SKR (220)
*** ANTE/BLINDS ***
_SKR posts small blind 15
chispa52 posts big blind 30
Dealt to _SKR [3d 3c]
*** PRE-FLOP *** 
_SKR raises 190 to 220 and is all-in
chispa52 raises 376 to 596
*** FLOP *** [4d 7d Ad]
*** TURN *** [4d 7d Ad][2d]
*** RIVER *** [4d 7d Ad 2d][7h]
*** SHOW DOWN ***
chispa52 shows [Jc Ah] (Two pairs : Aces and 7)
_SKR shows [3d 3c] (Flush Ace high)
_SKR collected 440 from main pot
chispa52 collected 376 from side pot 1
*** SUMMARY ***
Total pot 816 | No rake
Board: [4d 7d Ad 2d 7h]
Seat 1: chispa52 (big blind) showed [Jc Ah] and won 376 with Two pairs : Aces and 7
Seat 2: _SKR (small blind) (button) showed [3d 3c] and won 440 with Flush Ace high


Winamax Poker - Tournament "Expresso Nitro" buyIn: 1.86€ + 0.14€ level: 2 - HandId: #2696868900699635713-9-1675101440 - Holdem no limit (15/30) - 2023/01/30 17:57:20 UTC
Table: 'Expresso Nitro(627913722)#0' 3-max (real money) Seat #1 is the button
Seat 1: chispa52 (460)
Seat 2: _SKR (440)
*** ANTE/BLINDS ***
chispa52 posts small blind 15
_SKR posts big blind 30
Dealt to _SKR [5d 9c]
*** PRE-FLOP *** 
chispa52 folds
_SKR collected 45 from pot
*** SUMMARY ***
Total pot 45 | No rake
Seat 2: _SKR (big blind) won 45


Winamax Poker - Tournament "Expresso Nitro" buyIn: 1.86€ + 0.14€ level: 2 - HandId: #2696868900699635713-10-1675101445 - Holdem no limit (15/30) - 2023/01/30 17:57:25 UTC
Table: 'Expresso Nitro(627913722)#0' 3-max (real money) Seat #2 is the button
Seat 1: chispa52 (445)
Seat 2: _SKR (455)
*** ANTE/BLINDS ***
_SKR posts small blind 15
chispa52 posts big blind 30
Dealt to _SKR [9c 2d]
*** PRE-FLOP *** 
_SKR folds
chispa52 collected 45 from pot
*** SUMMARY ***
Total pot 45 | No rake
Seat 1: chispa52 (big blind) won 45


Winamax Poker - Tournament "Expresso Nitro" buyIn: 1.86€ + 0.14€ level: 3 - HandId: #2696868900699635713-11-1675101449 - Holdem no limit (20/40) - 2023/01/30 17:57:29 UTC
Table: 'Expresso Nitro(627913722)#0' 3-max (real money) Seat #1 is the button
Seat 1: chispa52 (460)
Seat 2: _SKR (440)
*** ANTE/BLINDS ***
chispa52 posts small blind 20
_SKR posts big blind 40
Dealt to _SKR [3s 2d]
*** PRE-FLOP *** 
chispa52 calls 20
_SKR checks
*** FLOP *** [5s 9s 9h]
_SKR checks
chispa52 bets 60
_SKR folds
chispa52 collected 140 from pot
*** SUMMARY ***
Total pot 140 | No rake
Board: [5s 9s 9h]
Seat 1: chispa52 (small blind) (button) won 140


Winamax Poker - Tournament "Expresso Nitro" buyIn: 1.86€ + 0.14€ level: 3 - HandId: #2696868900699635713-12-1675101480 - Holdem no limit (20/40) - 2023/01/30 17:58:00 UTC
Table: 'Expresso Nitro(627913722)#0' 3-max (real money) Seat #2 is the button
Seat 1: chispa52 (500)
Seat 2: _SKR (400)
*** ANTE/BLINDS ***
_SKR posts small blind 20
chispa52 posts big blind 40
Dealt to _SKR [2c Ac]
*** PRE-FLOP *** 
_SKR raises 360 to 400 and is all-in
chispa52 folds
_SKR collected 440 from pot
*** SUMMARY ***
Total pot 440 | No rake
Seat 2: _SKR (small blind) (button) won 440


Winamax Poker - Tournament "Expresso Nitro" buyIn: 1.86€ + 0.14€ level: 3 - HandId: #2696868900699635713-13-1675101493 - Holdem no limit (20/40) - 2023/01/30 17:58:13 UTC
Table: 'Expresso Nitro(627913722)#0' 3-max (real money) Seat #1 is the button
Seat 1: chispa52 (460)
Seat 2: _SKR (440)
*** ANTE/BLINDS ***
chispa52 posts small blind 20
_SKR posts big blind 40
Dealt to _SKR [Kc 8c]
*** PRE-FLOP *** 
chispa52 folds
_SKR collected 60 from pot
*** SUMMARY ***
Total pot 60 | No rake
Seat 2: _SKR (big blind) won 60


Winamax Poker - Tournament "Expresso Nitro" buyIn: 1.86€ + 0.14€ level: 3 - HandId: #2696868900699635713-14-1675101498 - Holdem no limit (20/40) - 2023/01/30 17:58:18 UTC
Table: 'Expresso Nitro(627913722)#0' 3-max (real money) Seat #2 is the button
Seat 1: chispa52 (440)
Seat 2: _SKR (460)
*** ANTE/BLINDS ***
_SKR posts small blind 20
chispa52 posts big blind 40
Dealt to _SKR [Ah Ad]
*** PRE-FLOP *** 
_SKR calls 20
chispa52 raises 400 to 440 and is all-in
_SKR calls 400
*** FLOP *** [3h 9c 8s]
*** TURN *** [3h 9c 8s][Kd]
*** RIVER *** [3h 9c 8s Kd][2s]
*** SHOW DOWN ***
chispa52 shows [6h 6d] (One pair : 6)
_SKR shows [Ah Ad] (One pair : Aces)
_SKR collected 880 from pot
*** SUMMARY ***
Total pot 880 | No rake
Board: [3h 9c 8s Kd 2s]
Seat 1: chispa52 (big blind) showed [6h 6d] and lost with One pair : 6
Seat 2: _SKR (small blind) (button) showed [Ah Ad] and won 880 with One pair : Aces


