Winamax Poker - Tournament "Expresso Nitro" buyIn: 0.93€ + 0.07€ level: 1 - HandId: #2717282102868443137-1-1676215568 - Holdem no limit (10/20) - 2023/02/12 15:26:08 UTC
Table: 'Expresso Nitro(632666541)#0' 3-max (real money) Seat #1 is the button
Seat 1: elesdetriper (300)
Seat 2: _SKR (300)
Seat 3: Imarsal (300)
*** ANTE/BLINDS ***
_SKR posts small blind 10
Imarsal posts big blind 20
Dealt to _SKR [2h Qd]
*** PRE-FLOP *** 
elesdetriper folds
_SKR folds
Imarsal collected 30 from pot
*** SUMMARY ***
Total pot 30 | No rake
Seat 3: Imarsal (big blind) won 30


Winamax Poker - Tournament "Expresso Nitro" buyIn: 0.93€ + 0.07€ level: 1 - HandId: #2717282102868443137-2-1676215574 - Holdem no limit (10/20) - 2023/02/12 15:26:14 UTC
Table: 'Expresso Nitro(632666541)#0' 3-max (real money) Seat #2 is the button
Seat 1: elesdetriper (300)
Seat 2: _SKR (290)
Seat 3: Imarsal (310)
*** ANTE/BLINDS ***
Imarsal posts small blind 10
elesdetriper posts big blind 20
Dealt to _SKR [3h Td]
*** PRE-FLOP *** 
_SKR folds
Imarsal folds
elesdetriper collected 30 from pot
*** SUMMARY ***
Total pot 30 | No rake
Seat 1: elesdetriper (big blind) won 30


Winamax Poker - Tournament "Expresso Nitro" buyIn: 0.93€ + 0.07€ level: 1 - HandId: #2717282102868443137-3-1676215602 - Holdem no limit (10/20) - 2023/02/12 15:26:42 UTC
Table: 'Expresso Nitro(632666541)#0' 3-max (real money) Seat #3 is the button
Seat 1: elesdetriper (310)
Seat 2: _SKR (290)
Seat 3: Imarsal (300)
*** ANTE/BLINDS ***
elesdetriper posts small blind 10
_SKR posts big blind 20
Dealt to _SKR [4h 9s]
*** PRE-FLOP *** 
Imarsal folds
elesdetriper raises 290 to 310 and is all-in
_SKR folds
elesdetriper collected 330 from pot
*** SUMMARY ***
Total pot 330 | No rake
Seat 1: elesdetriper (small blind) won 330


Winamax Poker - Tournament "Expresso Nitro" buyIn: 0.93€ + 0.07€ level: 1 - HandId: #2717282102868443137-4-1676215617 - Holdem no limit (10/20) - 2023/02/12 15:26:57 UTC
Table: 'Expresso Nitro(632666541)#0' 3-max (real money) Seat #1 is the button
Seat 1: elesdetriper (330)
Seat 2: _SKR (270)
Seat 3: Imarsal (300)
*** ANTE/BLINDS ***
_SKR posts small blind 10
Imarsal posts big blind 20
Dealt to _SKR [5h 6c]
*** PRE-FLOP *** 
elesdetriper folds
_SKR folds
Imarsal collected 30 from pot
*** SUMMARY ***
Total pot 30 | No rake
Seat 3: Imarsal (big blind) won 30


Winamax Poker - Tournament "Expresso Nitro" buyIn: 0.93€ + 0.07€ level: 1 - HandId: #2717282102868443137-5-1676215622 - Holdem no limit (10/20) - 2023/02/12 15:27:02 UTC
Table: 'Expresso Nitro(632666541)#0' 3-max (real money) Seat #2 is the button
Seat 1: elesdetriper (330)
Seat 2: _SKR (260)
Seat 3: Imarsal (310)
*** ANTE/BLINDS ***
Imarsal posts small blind 10
elesdetriper posts big blind 20
Dealt to _SKR [7d Kc]
*** PRE-FLOP *** 
_SKR folds
Imarsal folds
elesdetriper collected 30 from pot
*** SUMMARY ***
Total pot 30 | No rake
Seat 1: elesdetriper (big blind) won 30


Winamax Poker - Tournament "Expresso Nitro" buyIn: 0.93€ + 0.07€ level: 2 - HandId: #2717282102868443137-6-1676215634 - Holdem no limit (15/30) - 2023/02/12 15:27:14 UTC
Table: 'Expresso Nitro(632666541)#0' 3-max (real money) Seat #3 is the button
Seat 1: elesdetriper (340)
Seat 2: _SKR (260)
Seat 3: Imarsal (300)
*** ANTE/BLINDS ***
elesdetriper posts small blind 15
_SKR posts big blind 30
Dealt to _SKR [9h 9c]
*** PRE-FLOP *** 
Imarsal folds
elesdetriper folds
_SKR collected 45 from pot
*** SUMMARY ***
Total pot 45 | No rake
Seat 2: _SKR (big blind) won 45


Winamax Poker - Tournament "Expresso Nitro" buyIn: 0.93€ + 0.07€ level: 2 - HandId: #2717282102868443137-7-1676215639 - Holdem no limit (15/30) - 2023/02/12 15:27:19 UTC
Table: 'Expresso Nitro(632666541)#0' 3-max (real money) Seat #1 is the button
Seat 1: elesdetriper (325)
Seat 2: _SKR (275)
Seat 3: Imarsal (300)
*** ANTE/BLINDS ***
_SKR posts small blind 15
Imarsal posts big blind 30
Dealt to _SKR [8h 9d]
*** PRE-FLOP *** 
elesdetriper raises 295 to 325 and is all-in
_SKR folds
Imarsal calls 270 and is all-in
*** FLOP *** [2h Kd 4d]
*** TURN *** [2h Kd 4d][7d]
*** RIVER *** [2h Kd 4d 7d][Qd]
*** SHOW DOWN ***
Imarsal shows [As Th] (High card : Ace)
elesdetriper shows [Js Kc] (One pair : Kings)
elesdetriper collected 640 from pot
*** SUMMARY ***
Total pot 640 | No rake
Board: [2h Kd 4d 7d Qd]
Seat 1: elesdetriper (button) showed [Js Kc] and won 640 with One pair : Kings
Seat 3: Imarsal (big blind) showed [As Th] and lost with High card : Ace


Winamax Poker - Tournament "Expresso Nitro" buyIn: 0.93€ + 0.07€ level: 2 - HandId: #2717282102868443137-8-1676215655 - Holdem no limit (15/30) - 2023/02/12 15:27:35 UTC
Table: 'Expresso Nitro(632666541)#0' 3-max (real money) Seat #1 is the button
Seat 1: elesdetriper (640)
Seat 2: _SKR (260)
*** ANTE/BLINDS ***
elesdetriper posts small blind 15
_SKR posts big blind 30
Dealt to _SKR [6s 4s]
*** PRE-FLOP *** 
elesdetriper folds
_SKR collected 45 from pot
*** SUMMARY ***
Total pot 45 | No rake
Seat 2: _SKR (big blind) won 45


Winamax Poker - Tournament "Expresso Nitro" buyIn: 0.93€ + 0.07€ level: 2 - HandId: #2717282102868443137-9-1676215659 - Holdem no limit (15/30) - 2023/02/12 15:27:39 UTC
Table: 'Expresso Nitro(632666541)#0' 3-max (real money) Seat #2 is the button
Seat 1: elesdetriper (625)
Seat 2: _SKR (275)
*** ANTE/BLINDS ***
_SKR posts small blind 15
elesdetriper posts big blind 30
Dealt to _SKR [9d 8s]
*** PRE-FLOP *** 
_SKR folds
elesdetriper collected 45 from pot
*** SUMMARY ***
Total pot 45 | No rake
Seat 1: elesdetriper (big blind) won 45


Winamax Poker - Tournament "Expresso Nitro" buyIn: 0.93€ + 0.07€ level: 2 - HandId: #2717282102868443137-10-1676215665 - Holdem no limit (15/30) - 2023/02/12 15:27:45 UTC
Table: 'Expresso Nitro(632666541)#0' 3-max (real money) Seat #1 is the button
Seat 1: elesdetriper (640)
Seat 2: _SKR (260)
*** ANTE/BLINDS ***
elesdetriper posts small blind 15
_SKR posts big blind 30
Dealt to _SKR [4s Jc]
*** PRE-FLOP *** 
elesdetriper raises 610 to 640 and is all-in
_SKR folds
elesdetriper collected 670 from pot
*** SUMMARY ***
Total pot 670 | No rake
Seat 1: elesdetriper (small blind) (button) won 670


Winamax Poker - Tournament "Expresso Nitro" buyIn: 0.93€ + 0.07€ level: 3 - HandId: #2717282102868443137-11-1676215686 - Holdem no limit (20/40) - 2023/02/12 15:28:06 UTC
Table: 'Expresso Nitro(632666541)#0' 3-max (real money) Seat #2 is the button
Seat 1: elesdetriper (670)
Seat 2: _SKR (230)
*** ANTE/BLINDS ***
_SKR posts small blind 20
elesdetriper posts big blind 40
Dealt to _SKR [7h Ad]
*** PRE-FLOP *** 
_SKR raises 190 to 230 and is all-in
elesdetriper calls 190
*** FLOP *** [Kh 3d 4h]
*** TURN *** [Kh 3d 4h][Jc]
*** RIVER *** [Kh 3d 4h Jc][2c]
*** SHOW DOWN ***
_SKR shows [7h Ad] (High card : Ace)
elesdetriper shows [Js Kc] (Two pairs : Kings and Jacks)
elesdetriper collected 460 from pot
*** SUMMARY ***
Total pot 460 | No rake
Board: [Kh 3d 4h Jc 2c]
Seat 1: elesdetriper (big blind) showed [Js Kc] and won 460 with Two pairs : Kings and Jacks
Seat 2: _SKR (small blind) (button) showed [7h Ad] and lost with High card : Ace


