Winamax Poker - Tournament "Expresso Nitro" buyIn: 1.86€ + 0.14€ level: 1 - HandId: #2696903719999504385-1-1675102742 - Holdem no limit (10/20) - 2023/01/30 18:19:02 UTC
Table: 'Expresso Nitro(627921829)#0' 3-max (real money) Seat #3 is the button
Seat 1: SmoKing Gun (300)
Seat 2: Marv1_13 (300)
Seat 3: _SKR (300)
*** ANTE/BLINDS ***
SmoKing Gun posts small blind 10
Marv1_13 posts big blind 20
Dealt to _SKR [6s Js]
*** PRE-FLOP *** 
_SKR folds
SmoKing Gun raises 30 to 50
Marv1_13 calls 30
*** FLOP *** [5c Kd 2s]
SmoKing Gun bets 35
Marv1_13 raises 98 to 133
SmoKing Gun raises 117 to 250 and is all-in
Marv1_13 calls 117 and is all-in
*** TURN *** [5c Kd 2s][5s]
*** RIVER *** [5c Kd 2s 5s][Jc]
*** SHOW DOWN ***
Marv1_13 shows [7s 9c] (One pair : 5)
SmoKing Gun shows [Kc 8h] (Two pairs : Kings and 5)
SmoKing Gun collected 600 from pot
*** SUMMARY ***
Total pot 600 | No rake
Board: [5c Kd 2s 5s Jc]
Seat 1: SmoKing Gun (small blind) showed [Kc 8h] and won 600 with Two pairs : Kings and 5
Seat 2: Marv1_13 (big blind) showed [7s 9c] and lost with One pair : 5


Winamax Poker - Tournament "Expresso Nitro" buyIn: 1.86€ + 0.14€ level: 1 - HandId: #2696903719999504385-2-1675102770 - Holdem no limit (10/20) - 2023/01/30 18:19:30 UTC
Table: 'Expresso Nitro(627921829)#0' 3-max (real money) Seat #3 is the button
Seat 1: SmoKing Gun (600)
Seat 3: _SKR (300)
*** ANTE/BLINDS ***
_SKR posts small blind 10
SmoKing Gun posts big blind 20
Dealt to _SKR [Ks 5h]
*** PRE-FLOP *** 
_SKR calls 10
SmoKing Gun checks
*** FLOP *** [7c Kd 3d]
SmoKing Gun checks
_SKR bets 20
SmoKing Gun folds
_SKR collected 60 from pot
*** SUMMARY ***
Total pot 60 | No rake
Board: [7c Kd 3d]
Seat 3: _SKR (small blind) (button) won 60


Winamax Poker - Tournament "Expresso Nitro" buyIn: 1.86€ + 0.14€ level: 1 - HandId: #2696903719999504385-3-1675102787 - Holdem no limit (10/20) - 2023/01/30 18:19:47 UTC
Table: 'Expresso Nitro(627921829)#0' 3-max (real money) Seat #1 is the button
Seat 1: SmoKing Gun (580)
Seat 3: _SKR (320)
*** ANTE/BLINDS ***
SmoKing Gun posts small blind 10
_SKR posts big blind 20
Dealt to _SKR [5s 6s]
*** PRE-FLOP *** 
SmoKing Gun folds
_SKR collected 30 from pot
*** SUMMARY ***
Total pot 30 | No rake
Seat 3: _SKR (big blind) won 30


Winamax Poker - Tournament "Expresso Nitro" buyIn: 1.86€ + 0.14€ level: 1 - HandId: #2696903719999504385-4-1675102791 - Holdem no limit (10/20) - 2023/01/30 18:19:51 UTC
Table: 'Expresso Nitro(627921829)#0' 3-max (real money) Seat #3 is the button
Seat 1: SmoKing Gun (570)
Seat 3: _SKR (330)
*** ANTE/BLINDS ***
_SKR posts small blind 10
SmoKing Gun posts big blind 20
Dealt to _SKR [7s 8c]
*** PRE-FLOP *** 
_SKR folds
SmoKing Gun collected 30 from pot
*** SUMMARY ***
Total pot 30 | No rake
Seat 1: SmoKing Gun (big blind) won 30


Winamax Poker - Tournament "Expresso Nitro" buyIn: 1.86€ + 0.14€ level: 1 - HandId: #2696903719999504385-5-1675102794 - Holdem no limit (10/20) - 2023/01/30 18:19:54 UTC
Table: 'Expresso Nitro(627921829)#0' 3-max (real money) Seat #1 is the button
Seat 1: SmoKing Gun (580)
Seat 3: _SKR (320)
*** ANTE/BLINDS ***
SmoKing Gun posts small blind 10
_SKR posts big blind 20
Dealt to _SKR [2c Ts]
*** PRE-FLOP *** 
SmoKing Gun raises 30 to 50
_SKR folds
SmoKing Gun collected 70 from pot
*** SUMMARY ***
Total pot 70 | No rake
Seat 1: SmoKing Gun (small blind) (button) won 70


Winamax Poker - Tournament "Expresso Nitro" buyIn: 1.86€ + 0.14€ level: 2 - HandId: #2696903719999504385-6-1675102800 - Holdem no limit (15/30) - 2023/01/30 18:20:00 UTC
Table: 'Expresso Nitro(627921829)#0' 3-max (real money) Seat #3 is the button
Seat 1: SmoKing Gun (600)
Seat 3: _SKR (300)
*** ANTE/BLINDS ***
_SKR posts small blind 15
SmoKing Gun posts big blind 30
Dealt to _SKR [Jc 5d]
*** PRE-FLOP *** 
_SKR folds
SmoKing Gun collected 45 from pot
*** SUMMARY ***
Total pot 45 | No rake
Seat 1: SmoKing Gun (big blind) won 45


Winamax Poker - Tournament "Expresso Nitro" buyIn: 1.86€ + 0.14€ level: 2 - HandId: #2696903719999504385-7-1675102807 - Holdem no limit (15/30) - 2023/01/30 18:20:07 UTC
Table: 'Expresso Nitro(627921829)#0' 3-max (real money) Seat #1 is the button
Seat 1: SmoKing Gun (615)
Seat 3: _SKR (285)
*** ANTE/BLINDS ***
SmoKing Gun posts small blind 15
_SKR posts big blind 30
Dealt to _SKR [3c Qc]
*** PRE-FLOP *** 
SmoKing Gun folds
_SKR collected 45 from pot
*** SUMMARY ***
Total pot 45 | No rake
Seat 3: _SKR (big blind) won 45


Winamax Poker - Tournament "Expresso Nitro" buyIn: 1.86€ + 0.14€ level: 2 - HandId: #2696903719999504385-8-1675102811 - Holdem no limit (15/30) - 2023/01/30 18:20:11 UTC
Table: 'Expresso Nitro(627921829)#0' 3-max (real money) Seat #3 is the button
Seat 1: SmoKing Gun (600)
Seat 3: _SKR (300)
*** ANTE/BLINDS ***
_SKR posts small blind 15
SmoKing Gun posts big blind 30
Dealt to _SKR [Qd 3s]
*** PRE-FLOP *** 
_SKR folds
SmoKing Gun collected 45 from pot
*** SUMMARY ***
Total pot 45 | No rake
Seat 1: SmoKing Gun (big blind) won 45


Winamax Poker - Tournament "Expresso Nitro" buyIn: 1.86€ + 0.14€ level: 2 - HandId: #2696903719999504385-9-1675102817 - Holdem no limit (15/30) - 2023/01/30 18:20:17 UTC
Table: 'Expresso Nitro(627921829)#0' 3-max (real money) Seat #1 is the button
Seat 1: SmoKing Gun (615)
Seat 3: _SKR (285)
*** ANTE/BLINDS ***
SmoKing Gun posts small blind 15
_SKR posts big blind 30
Dealt to _SKR [6h Tc]
*** PRE-FLOP *** 
SmoKing Gun raises 45 to 75
_SKR folds
SmoKing Gun collected 105 from pot
*** SUMMARY ***
Total pot 105 | No rake
Seat 1: SmoKing Gun (small blind) (button) won 105


Winamax Poker - Tournament "Expresso Nitro" buyIn: 1.86€ + 0.14€ level: 2 - HandId: #2696903719999504385-10-1675102824 - Holdem no limit (15/30) - 2023/01/30 18:20:24 UTC
Table: 'Expresso Nitro(627921829)#0' 3-max (real money) Seat #3 is the button
Seat 1: SmoKing Gun (645)
Seat 3: _SKR (255)
*** ANTE/BLINDS ***
_SKR posts small blind 15
SmoKing Gun posts big blind 30
Dealt to _SKR [8d Jh]
*** PRE-FLOP *** 
_SKR folds
SmoKing Gun collected 45 from pot
*** SUMMARY ***
Total pot 45 | No rake
Seat 1: SmoKing Gun (big blind) won 45


Winamax Poker - Tournament "Expresso Nitro" buyIn: 1.86€ + 0.14€ level: 2 - HandId: #2696903719999504385-11-1675102831 - Holdem no limit (15/30) - 2023/01/30 18:20:31 UTC
Table: 'Expresso Nitro(627921829)#0' 3-max (real money) Seat #1 is the button
Seat 1: SmoKing Gun (660)
Seat 3: _SKR (240)
*** ANTE/BLINDS ***
SmoKing Gun posts small blind 15
_SKR posts big blind 30
Dealt to _SKR [Jc 3h]
*** PRE-FLOP *** 
SmoKing Gun raises 60 to 90
_SKR folds
SmoKing Gun collected 120 from pot
*** SUMMARY ***
Total pot 120 | No rake
Seat 1: SmoKing Gun (small blind) (button) won 120


Winamax Poker - Tournament "Expresso Nitro" buyIn: 1.86€ + 0.14€ level: 2 - HandId: #2696903719999504385-12-1675102838 - Holdem no limit (15/30) - 2023/01/30 18:20:38 UTC
Table: 'Expresso Nitro(627921829)#0' 3-max (real money) Seat #3 is the button
Seat 1: SmoKing Gun (690)
Seat 3: _SKR (210)
*** ANTE/BLINDS ***
_SKR posts small blind 15
SmoKing Gun posts big blind 30
Dealt to _SKR [Jh 6d]
*** PRE-FLOP *** 
_SKR folds
SmoKing Gun collected 45 from pot
*** SUMMARY ***
Total pot 45 | No rake
Seat 1: SmoKing Gun (big blind) won 45


Winamax Poker - Tournament "Expresso Nitro" buyIn: 1.86€ + 0.14€ level: 2 - HandId: #2696903719999504385-13-1675102843 - Holdem no limit (15/30) - 2023/01/30 18:20:43 UTC
Table: 'Expresso Nitro(627921829)#0' 3-max (real money) Seat #1 is the button
Seat 1: SmoKing Gun (705)
Seat 3: _SKR (195)
*** ANTE/BLINDS ***
SmoKing Gun posts small blind 15
_SKR posts big blind 30
Dealt to _SKR [5h Kc]
*** PRE-FLOP *** 
SmoKing Gun folds
_SKR collected 45 from pot
*** SUMMARY ***
Total pot 45 | No rake
Seat 3: _SKR (big blind) won 45


Winamax Poker - Tournament "Expresso Nitro" buyIn: 1.86€ + 0.14€ level: 2 - HandId: #2696903719999504385-14-1675102847 - Holdem no limit (15/30) - 2023/01/30 18:20:47 UTC
Table: 'Expresso Nitro(627921829)#0' 3-max (real money) Seat #3 is the button
Seat 1: SmoKing Gun (690)
Seat 3: _SKR (210)
*** ANTE/BLINDS ***
_SKR posts small blind 15
SmoKing Gun posts big blind 30
Dealt to _SKR [7d Kh]
*** PRE-FLOP *** 
_SKR raises 180 to 210 and is all-in
SmoKing Gun folds
_SKR collected 240 from pot
*** SUMMARY ***
Total pot 240 | No rake
Seat 3: _SKR (small blind) (button) won 240


Winamax Poker - Tournament "Expresso Nitro" buyIn: 1.86€ + 0.14€ level: 2 - HandId: #2696903719999504385-15-1675102853 - Holdem no limit (15/30) - 2023/01/30 18:20:53 UTC
Table: 'Expresso Nitro(627921829)#0' 3-max (real money) Seat #1 is the button
Seat 1: SmoKing Gun (660)
Seat 3: _SKR (240)
*** ANTE/BLINDS ***
SmoKing Gun posts small blind 15
_SKR posts big blind 30
Dealt to _SKR [3d 9s]
*** PRE-FLOP *** 
SmoKing Gun folds
_SKR collected 45 from pot
*** SUMMARY ***
Total pot 45 | No rake
Seat 3: _SKR (big blind) won 45


Winamax Poker - Tournament "Expresso Nitro" buyIn: 1.86€ + 0.14€ level: 2 - HandId: #2696903719999504385-16-1675102856 - Holdem no limit (15/30) - 2023/01/30 18:20:56 UTC
Table: 'Expresso Nitro(627921829)#0' 3-max (real money) Seat #3 is the button
Seat 1: SmoKing Gun (645)
Seat 3: _SKR (255)
*** ANTE/BLINDS ***
_SKR posts small blind 15
SmoKing Gun posts big blind 30
Dealt to _SKR [2h 4d]
*** PRE-FLOP *** 
_SKR folds
SmoKing Gun collected 45 from pot
*** SUMMARY ***
Total pot 45 | No rake
Seat 1: SmoKing Gun (big blind) won 45


Winamax Poker - Tournament "Expresso Nitro" buyIn: 1.86€ + 0.14€ level: 3 - HandId: #2696903719999504385-17-1675102862 - Holdem no limit (20/40) - 2023/01/30 18:21:02 UTC
Table: 'Expresso Nitro(627921829)#0' 3-max (real money) Seat #1 is the button
Seat 1: SmoKing Gun (660)
Seat 3: _SKR (240)
*** ANTE/BLINDS ***
SmoKing Gun posts small blind 20
_SKR posts big blind 40
Dealt to _SKR [2d 7c]
*** PRE-FLOP *** 
SmoKing Gun folds
_SKR collected 60 from pot
*** SUMMARY ***
Total pot 60 | No rake
Seat 3: _SKR (big blind) won 60


Winamax Poker - Tournament "Expresso Nitro" buyIn: 1.86€ + 0.14€ level: 3 - HandId: #2696903719999504385-18-1675102866 - Holdem no limit (20/40) - 2023/01/30 18:21:06 UTC
Table: 'Expresso Nitro(627921829)#0' 3-max (real money) Seat #3 is the button
Seat 1: SmoKing Gun (640)
Seat 3: _SKR (260)
*** ANTE/BLINDS ***
_SKR posts small blind 20
SmoKing Gun posts big blind 40
Dealt to _SKR [Ah Td]
*** PRE-FLOP *** 
_SKR raises 220 to 260 and is all-in
SmoKing Gun folds
_SKR collected 300 from pot
*** SUMMARY ***
Total pot 300 | No rake
Seat 3: _SKR (small blind) (button) won 300


Winamax Poker - Tournament "Expresso Nitro" buyIn: 1.86€ + 0.14€ level: 3 - HandId: #2696903719999504385-19-1675102872 - Holdem no limit (20/40) - 2023/01/30 18:21:12 UTC
Table: 'Expresso Nitro(627921829)#0' 3-max (real money) Seat #1 is the button
Seat 1: SmoKing Gun (600)
Seat 3: _SKR (300)
*** ANTE/BLINDS ***
SmoKing Gun posts small blind 20
_SKR posts big blind 40
Dealt to _SKR [5h 2h]
*** PRE-FLOP *** 
SmoKing Gun folds
_SKR collected 60 from pot
*** SUMMARY ***
Total pot 60 | No rake
Seat 3: _SKR (big blind) won 60


Winamax Poker - Tournament "Expresso Nitro" buyIn: 1.86€ + 0.14€ level: 3 - HandId: #2696903719999504385-20-1675102877 - Holdem no limit (20/40) - 2023/01/30 18:21:17 UTC
Table: 'Expresso Nitro(627921829)#0' 3-max (real money) Seat #3 is the button
Seat 1: SmoKing Gun (580)
Seat 3: _SKR (320)
*** ANTE/BLINDS ***
_SKR posts small blind 20
SmoKing Gun posts big blind 40
Dealt to _SKR [9c 7d]
*** PRE-FLOP *** 
_SKR folds
SmoKing Gun collected 60 from pot
*** SUMMARY ***
Total pot 60 | No rake
Seat 1: SmoKing Gun (big blind) won 60


Winamax Poker - Tournament "Expresso Nitro" buyIn: 1.86€ + 0.14€ level: 3 - HandId: #2696903719999504385-21-1675102886 - Holdem no limit (20/40) - 2023/01/30 18:21:26 UTC
Table: 'Expresso Nitro(627921829)#0' 3-max (real money) Seat #1 is the button
Seat 1: SmoKing Gun (600)
Seat 3: _SKR (300)
*** ANTE/BLINDS ***
SmoKing Gun posts small blind 20
_SKR posts big blind 40
Dealt to _SKR [6h Th]
*** PRE-FLOP *** 
SmoKing Gun raises 560 to 600 and is all-in
_SKR folds
SmoKing Gun collected 640 from pot
*** SUMMARY ***
Total pot 640 | No rake
Seat 1: SmoKing Gun (small blind) (button) won 640


Winamax Poker - Tournament "Expresso Nitro" buyIn: 1.86€ + 0.14€ level: 3 - HandId: #2696903719999504385-22-1675102893 - Holdem no limit (20/40) - 2023/01/30 18:21:33 UTC
Table: 'Expresso Nitro(627921829)#0' 3-max (real money) Seat #3 is the button
Seat 1: SmoKing Gun (640)
Seat 3: _SKR (260)
*** ANTE/BLINDS ***
_SKR posts small blind 20
SmoKing Gun posts big blind 40
Dealt to _SKR [Ts 3c]
*** PRE-FLOP *** 
_SKR folds
SmoKing Gun collected 60 from pot
*** SUMMARY ***
Total pot 60 | No rake
Seat 1: SmoKing Gun (big blind) won 60


Winamax Poker - Tournament "Expresso Nitro" buyIn: 1.86€ + 0.14€ level: 3 - HandId: #2696903719999504385-23-1675102898 - Holdem no limit (20/40) - 2023/01/30 18:21:38 UTC
Table: 'Expresso Nitro(627921829)#0' 3-max (real money) Seat #1 is the button
Seat 1: SmoKing Gun (660)
Seat 3: _SKR (240)
*** ANTE/BLINDS ***
SmoKing Gun posts small blind 20
_SKR posts big blind 40
Dealt to _SKR [6d 4d]
*** PRE-FLOP *** 
SmoKing Gun folds
_SKR collected 60 from pot
*** SUMMARY ***
Total pot 60 | No rake
Seat 3: _SKR (big blind) won 60


Winamax Poker - Tournament "Expresso Nitro" buyIn: 1.86€ + 0.14€ level: 3 - HandId: #2696903719999504385-24-1675102902 - Holdem no limit (20/40) - 2023/01/30 18:21:42 UTC
Table: 'Expresso Nitro(627921829)#0' 3-max (real money) Seat #3 is the button
Seat 1: SmoKing Gun (640)
Seat 3: _SKR (260)
*** ANTE/BLINDS ***
_SKR posts small blind 20
SmoKing Gun posts big blind 40
Dealt to _SKR [As 9d]
*** PRE-FLOP *** 
_SKR raises 220 to 260 and is all-in
SmoKing Gun folds
_SKR collected 300 from pot
*** SUMMARY ***
Total pot 300 | No rake
Seat 3: _SKR (small blind) (button) won 300


Winamax Poker - Tournament "Expresso Nitro" buyIn: 1.86€ + 0.14€ level: 3 - HandId: #2696903719999504385-25-1675102912 - Holdem no limit (20/40) - 2023/01/30 18:21:52 UTC
Table: 'Expresso Nitro(627921829)#0' 3-max (real money) Seat #1 is the button
Seat 1: SmoKing Gun (600)
Seat 3: _SKR (300)
*** ANTE/BLINDS ***
SmoKing Gun posts small blind 20
_SKR posts big blind 40
Dealt to _SKR [9c 3s]
*** PRE-FLOP *** 
SmoKing Gun raises 60 to 100
_SKR folds
SmoKing Gun collected 140 from pot
*** SUMMARY ***
Total pot 140 | No rake
Seat 1: SmoKing Gun (small blind) (button) won 140


Winamax Poker - Tournament "Expresso Nitro" buyIn: 1.86€ + 0.14€ level: 4 - HandId: #2696903719999504385-26-1675102925 - Holdem no limit (30/60) - 2023/01/30 18:22:05 UTC
Table: 'Expresso Nitro(627921829)#0' 3-max (real money) Seat #3 is the button
Seat 1: SmoKing Gun (640)
Seat 3: _SKR (260)
*** ANTE/BLINDS ***
_SKR posts small blind 30
SmoKing Gun posts big blind 60
Dealt to _SKR [9h Jc]
*** PRE-FLOP *** 
_SKR raises 200 to 260 and is all-in
SmoKing Gun calls 200
*** FLOP *** [3s Kc 8c]
*** TURN *** [3s Kc 8c][Kd]
*** RIVER *** [3s Kc 8c Kd][Jh]
*** SHOW DOWN ***
SmoKing Gun shows [7s 8d] (Two pairs : Kings and 8)
_SKR shows [9h Jc] (Two pairs : Kings and Jacks)
_SKR collected 520 from pot
*** SUMMARY ***
Total pot 520 | No rake
Board: [3s Kc 8c Kd Jh]
Seat 1: SmoKing Gun (big blind) showed [7s 8d] and lost with Two pairs : Kings and 8
Seat 3: _SKR (small blind) (button) showed [9h Jc] and won 520 with Two pairs : Kings and Jacks


Winamax Poker - Tournament "Expresso Nitro" buyIn: 1.86€ + 0.14€ level: 4 - HandId: #2696903719999504385-27-1675102942 - Holdem no limit (30/60) - 2023/01/30 18:22:22 UTC
Table: 'Expresso Nitro(627921829)#0' 3-max (real money) Seat #1 is the button
Seat 1: SmoKing Gun (380)
Seat 3: _SKR (520)
*** ANTE/BLINDS ***
SmoKing Gun posts small blind 30
_SKR posts big blind 60
Dealt to _SKR [Ad Kc]
*** PRE-FLOP *** 
SmoKing Gun folds
_SKR collected 90 from pot
*** SUMMARY ***
Total pot 90 | No rake
Seat 3: _SKR (big blind) won 90


Winamax Poker - Tournament "Expresso Nitro" buyIn: 1.86€ + 0.14€ level: 4 - HandId: #2696903719999504385-28-1675102948 - Holdem no limit (30/60) - 2023/01/30 18:22:28 UTC
Table: 'Expresso Nitro(627921829)#0' 3-max (real money) Seat #3 is the button
Seat 1: SmoKing Gun (350)
Seat 3: _SKR (550)
*** ANTE/BLINDS ***
_SKR posts small blind 30
SmoKing Gun posts big blind 60
Dealt to _SKR [4c 8c]
*** PRE-FLOP *** 
_SKR folds
SmoKing Gun collected 90 from pot
*** SUMMARY ***
Total pot 90 | No rake
Seat 1: SmoKing Gun (big blind) won 90


Winamax Poker - Tournament "Expresso Nitro" buyIn: 1.86€ + 0.14€ level: 4 - HandId: #2696903719999504385-29-1675102952 - Holdem no limit (30/60) - 2023/01/30 18:22:32 UTC
Table: 'Expresso Nitro(627921829)#0' 3-max (real money) Seat #1 is the button
Seat 1: SmoKing Gun (380)
Seat 3: _SKR (520)
*** ANTE/BLINDS ***
SmoKing Gun posts small blind 30
_SKR posts big blind 60
Dealt to _SKR [7d Js]
*** PRE-FLOP *** 
SmoKing Gun folds
_SKR collected 90 from pot
*** SUMMARY ***
Total pot 90 | No rake
Seat 3: _SKR (big blind) won 90


Winamax Poker - Tournament "Expresso Nitro" buyIn: 1.86€ + 0.14€ level: 4 - HandId: #2696903719999504385-30-1675102955 - Holdem no limit (30/60) - 2023/01/30 18:22:35 UTC
Table: 'Expresso Nitro(627921829)#0' 3-max (real money) Seat #3 is the button
Seat 1: SmoKing Gun (350)
Seat 3: _SKR (550)
*** ANTE/BLINDS ***
_SKR posts small blind 30
SmoKing Gun posts big blind 60
Dealt to _SKR [Jd 2d]
*** PRE-FLOP *** 
_SKR raises 490 to 550 and is all-in
SmoKing Gun folds
_SKR collected 610 from pot
*** SUMMARY ***
Total pot 610 | No rake
Seat 3: _SKR (small blind) (button) won 610


Winamax Poker - Tournament "Expresso Nitro" buyIn: 1.86€ + 0.14€ level: 4 - HandId: #2696903719999504385-31-1675102963 - Holdem no limit (30/60) - 2023/01/30 18:22:43 UTC
Table: 'Expresso Nitro(627921829)#0' 3-max (real money) Seat #1 is the button
Seat 1: SmoKing Gun (290)
Seat 3: _SKR (610)
*** ANTE/BLINDS ***
SmoKing Gun posts small blind 30
_SKR posts big blind 60
Dealt to _SKR [Tc 6c]
*** PRE-FLOP *** 
SmoKing Gun raises 230 to 290 and is all-in
_SKR folds
SmoKing Gun collected 350 from pot
*** SUMMARY ***
Total pot 350 | No rake
Seat 1: SmoKing Gun (small blind) (button) won 350


Winamax Poker - Tournament "Expresso Nitro" buyIn: 1.86€ + 0.14€ level: 4 - HandId: #2696903719999504385-32-1675102973 - Holdem no limit (30/60) - 2023/01/30 18:22:53 UTC
Table: 'Expresso Nitro(627921829)#0' 3-max (real money) Seat #3 is the button
Seat 1: SmoKing Gun (350)
Seat 3: _SKR (550)
*** ANTE/BLINDS ***
_SKR posts small blind 30
SmoKing Gun posts big blind 60
Dealt to _SKR [5s 7s]
*** PRE-FLOP *** 
_SKR folds
SmoKing Gun collected 90 from pot
*** SUMMARY ***
Total pot 90 | No rake
Seat 1: SmoKing Gun (big blind) won 90


Winamax Poker - Tournament "Expresso Nitro" buyIn: 1.86€ + 0.14€ level: 5 - HandId: #2696903719999504385-33-1675102979 - Holdem no limit (40/80) - 2023/01/30 18:22:59 UTC
Table: 'Expresso Nitro(627921829)#0' 3-max (real money) Seat #1 is the button
Seat 1: SmoKing Gun (380)
Seat 3: _SKR (520)
*** ANTE/BLINDS ***
SmoKing Gun posts small blind 40
_SKR posts big blind 80
Dealt to _SKR [6s 4h]
*** PRE-FLOP *** 
SmoKing Gun raises 300 to 380 and is all-in
_SKR folds
SmoKing Gun collected 460 from pot
*** SUMMARY ***
Total pot 460 | No rake
Seat 1: SmoKing Gun (small blind) (button) won 460


Winamax Poker - Tournament "Expresso Nitro" buyIn: 1.86€ + 0.14€ level: 5 - HandId: #2696903719999504385-34-1675102987 - Holdem no limit (40/80) - 2023/01/30 18:23:07 UTC
Table: 'Expresso Nitro(627921829)#0' 3-max (real money) Seat #3 is the button
Seat 1: SmoKing Gun (460)
Seat 3: _SKR (440)
*** ANTE/BLINDS ***
_SKR posts small blind 40
SmoKing Gun posts big blind 80
Dealt to _SKR [9d 9c]
*** PRE-FLOP *** 
_SKR raises 360 to 440 and is all-in
SmoKing Gun folds
_SKR collected 520 from pot
*** SUMMARY ***
Total pot 520 | No rake
Seat 3: _SKR (small blind) (button) won 520


Winamax Poker - Tournament "Expresso Nitro" buyIn: 1.86€ + 0.14€ level: 5 - HandId: #2696903719999504385-35-1675103014 - Holdem no limit (40/80) - 2023/01/30 18:23:34 UTC
Table: 'Expresso Nitro(627921829)#0' 3-max (real money) Seat #1 is the button
Seat 1: SmoKing Gun (380)
Seat 3: _SKR (520)
*** ANTE/BLINDS ***
SmoKing Gun posts small blind 40
_SKR posts big blind 80
Dealt to _SKR [7h 7c]
*** PRE-FLOP *** 
SmoKing Gun raises 300 to 380 and is all-in
_SKR calls 300
*** FLOP *** [9h 7s 4c]
*** TURN *** [9h 7s 4c][Jc]
*** RIVER *** [9h 7s 4c Jc][Jd]
*** SHOW DOWN ***
SmoKing Gun shows [Td 8d] (Straight Jack high)
_SKR shows [7h 7c] (Full of 7 and Jacks)
_SKR collected 760 from pot
*** SUMMARY ***
Total pot 760 | No rake
Board: [9h 7s 4c Jc Jd]
Seat 1: SmoKing Gun (small blind) (button) showed [Td 8d] and lost with Straight Jack high
Seat 3: _SKR (big blind) showed [7h 7c] and won 760 with Full of 7 and Jacks


