Winamax Poker - Tournament "Expresso Nitro" buyIn: 1.86€ + 0.14€ level: 1 - HandId: #2694767948727320577-1-1674955640 - Holdem no limit (10/20) - 2023/01/29 01:27:20 UTC
Table: 'Expresso Nitro(627424556)#0' 3-max (real money) Seat #1 is the button
Seat 1: _SKR (300)
Seat 2: Scam4win (300)
Seat 3: Djemssii699 (300)
*** ANTE/BLINDS ***
Scam4win posts small blind 10
Djemssii699 posts big blind 20
Dealt to _SKR [3c 9d]
*** PRE-FLOP *** 
_SKR folds
Scam4win calls 10
Djemssii699 checks
*** FLOP *** [7d 7s 4s]
Scam4win checks
Djemssii699 bets 20
Scam4win calls 20
*** TURN *** [7d 7s 4s][8s]
Scam4win checks
Djemssii699 checks
*** RIVER *** [7d 7s 4s 8s][8c]
Scam4win bets 80
Djemssii699 folds
Scam4win collected 160 from pot
*** SUMMARY ***
Total pot 160 | No rake
Board: [7d 7s 4s 8s 8c]
Seat 2: Scam4win (small blind) won 160


Winamax Poker - Tournament "Expresso Nitro" buyIn: 1.86€ + 0.14€ level: 1 - HandId: #2694767948727320577-2-1674955676 - Holdem no limit (10/20) - 2023/01/29 01:27:56 UTC
Table: 'Expresso Nitro(627424556)#0' 3-max (real money) Seat #2 is the button
Seat 1: _SKR (300)
Seat 2: Scam4win (340)
Seat 3: Djemssii699 (260)
*** ANTE/BLINDS ***
Djemssii699 posts small blind 10
_SKR posts big blind 20
Dealt to _SKR [Td 8c]
*** PRE-FLOP *** 
Scam4win raises 320 to 340 and is all-in
Djemssii699 folds
_SKR folds
Scam4win collected 370 from pot
*** SUMMARY ***
Total pot 370 | No rake
Seat 2: Scam4win (button) won 370


Winamax Poker - Tournament "Expresso Nitro" buyIn: 1.86€ + 0.14€ level: 1 - HandId: #2694767948727320577-3-1674955687 - Holdem no limit (10/20) - 2023/01/29 01:28:07 UTC
Table: 'Expresso Nitro(627424556)#0' 3-max (real money) Seat #3 is the button
Seat 1: _SKR (280)
Seat 2: Scam4win (370)
Seat 3: Djemssii699 (250)
*** ANTE/BLINDS ***
_SKR posts small blind 10
Scam4win posts big blind 20
Dealt to _SKR [Ac Th]
*** PRE-FLOP *** 
Djemssii699 calls 20
_SKR raises 260 to 280 and is all-in
Scam4win raises 90 to 370 and is all-in
Djemssii699 folds
*** FLOP *** [4d 8d Kc]
*** TURN *** [4d 8d Kc][Kh]
*** RIVER *** [4d 8d Kc Kh][4h]
*** SHOW DOWN ***
_SKR shows [Ac Th] (Two pairs : Kings and 4)
Scam4win shows [As 6c] (Two pairs : Kings and 4)
Scam4win collected 380 from side pot 1
_SKR collected 290 from main pot
*** SUMMARY ***
Total pot 670 | No rake
Board: [4d 8d Kc Kh 4h]
Seat 1: _SKR (small blind) showed [Ac Th] and won 290 with Two pairs : Kings and 4
Seat 2: Scam4win (big blind) showed [As 6c] and won 380 with Two pairs : Kings and 4


Winamax Poker - Tournament "Expresso Nitro" buyIn: 1.86€ + 0.14€ level: 2 - HandId: #2694767948727320577-4-1674955702 - Holdem no limit (15/30) - 2023/01/29 01:28:22 UTC
Table: 'Expresso Nitro(627424556)#0' 3-max (real money) Seat #1 is the button
Seat 1: _SKR (290)
Seat 2: Scam4win (380)
Seat 3: Djemssii699 (230)
*** ANTE/BLINDS ***
Scam4win posts small blind 15
Djemssii699 posts big blind 30
Dealt to _SKR [8h Qd]
*** PRE-FLOP *** 
_SKR folds
Scam4win calls 15
Djemssii699 checks
*** FLOP *** [5h 2c 7d]
Scam4win bets 30
Djemssii699 folds
Scam4win collected 90 from pot
*** SUMMARY ***
Total pot 90 | No rake
Board: [5h 2c 7d]
Seat 2: Scam4win (small blind) won 90


Winamax Poker - Tournament "Expresso Nitro" buyIn: 1.86€ + 0.14€ level: 2 - HandId: #2694767948727320577-5-1674955726 - Holdem no limit (15/30) - 2023/01/29 01:28:46 UTC
Table: 'Expresso Nitro(627424556)#0' 3-max (real money) Seat #2 is the button
Seat 1: _SKR (290)
Seat 2: Scam4win (410)
Seat 3: Djemssii699 (200)
*** ANTE/BLINDS ***
Djemssii699 posts small blind 15
_SKR posts big blind 30
Dealt to _SKR [2d 8s]
*** PRE-FLOP *** 
Scam4win raises 380 to 410 and is all-in
Djemssii699 folds
_SKR folds
Scam4win collected 455 from pot
*** SUMMARY ***
Total pot 455 | No rake
Seat 2: Scam4win (button) won 455


Winamax Poker - Tournament "Expresso Nitro" buyIn: 1.86€ + 0.14€ level: 2 - HandId: #2694767948727320577-6-1674955738 - Holdem no limit (15/30) - 2023/01/29 01:28:58 UTC
Table: 'Expresso Nitro(627424556)#0' 3-max (real money) Seat #3 is the button
Seat 1: _SKR (260)
Seat 2: Scam4win (455)
Seat 3: Djemssii699 (185)
*** ANTE/BLINDS ***
_SKR posts small blind 15
Scam4win posts big blind 30
Dealt to _SKR [Qh Th]
*** PRE-FLOP *** 
Djemssii699 calls 30
_SKR raises 230 to 260 and is all-in
Scam4win raises 195 to 455 and is all-in
Djemssii699 folds
*** FLOP *** [4s 2s 4d]
*** TURN *** [4s 2s 4d][As]
*** RIVER *** [4s 2s 4d As][2c]
*** SHOW DOWN ***
_SKR shows [Qh Th] (Two pairs : 4 and 2)
Scam4win shows [Qs Ks] (Flush Ace high)
Scam4win collected 745 from pot
*** SUMMARY ***
Total pot 745 | No rake
Board: [4s 2s 4d As 2c]
Seat 1: _SKR (small blind) showed [Qh Th] and lost with Two pairs : 4 and 2
Seat 2: Scam4win (big blind) showed [Qs Ks] and won 745 with Flush Ace high


