Winamax Poker - Tournament "Expresso Nitro" buyIn: 1.86€ + 0.14€ level: 1 - HandId: #2696480502512091137-1-1675082583 - Holdem no limit (10/20) - 2023/01/30 12:43:03 UTC
Table: 'Expresso Nitro(627823291)#0' 3-max (real money) Seat #2 is the button
Seat 1: lepapakipik (300)
Seat 2: MrJoyman (300)
Seat 3: _SKR (300)
*** ANTE/BLINDS ***
_SKR posts small blind 10
lepapakipik posts big blind 20
Dealt to _SKR [Jd 4h]
*** PRE-FLOP *** 
MrJoyman folds
_SKR folds
lepapakipik collected 30 from pot
*** SUMMARY ***
Total pot 30 | No rake
Seat 1: lepapakipik (big blind) won 30


Winamax Poker - Tournament "Expresso Nitro" buyIn: 1.86€ + 0.14€ level: 1 - HandId: #2696480502512091137-2-1675082588 - Holdem no limit (10/20) - 2023/01/30 12:43:08 UTC
Table: 'Expresso Nitro(627823291)#0' 3-max (real money) Seat #3 is the button
Seat 1: lepapakipik (310)
Seat 2: MrJoyman (300)
Seat 3: _SKR (290)
*** ANTE/BLINDS ***
lepapakipik posts small blind 10
MrJoyman posts big blind 20
Dealt to _SKR [Jh 5c]
*** PRE-FLOP *** 
_SKR folds
lepapakipik raises 290 to 310 and is all-in
MrJoyman folds
lepapakipik collected 330 from pot
*** SUMMARY ***
Total pot 330 | No rake
Seat 1: lepapakipik (small blind) won 330


Winamax Poker - Tournament "Expresso Nitro" buyIn: 1.86€ + 0.14€ level: 1 - HandId: #2696480502512091137-3-1675082601 - Holdem no limit (10/20) - 2023/01/30 12:43:21 UTC
Table: 'Expresso Nitro(627823291)#0' 3-max (real money) Seat #1 is the button
Seat 1: lepapakipik (330)
Seat 2: MrJoyman (280)
Seat 3: _SKR (290)
*** ANTE/BLINDS ***
MrJoyman posts small blind 10
_SKR posts big blind 20
Dealt to _SKR [6d 7d]
*** PRE-FLOP *** 
lepapakipik folds
MrJoyman raises 20 to 40
_SKR calls 20
*** FLOP *** [3c Td 9d]
MrJoyman bets 50
_SKR calls 50
*** TURN *** [3c Td 9d][6h]
MrJoyman bets 90
_SKR folds
MrJoyman collected 270 from pot
*** SUMMARY ***
Total pot 270 | No rake
Board: [3c Td 9d 6h]
Seat 2: MrJoyman (small blind) won 270


Winamax Poker - Tournament "Expresso Nitro" buyIn: 1.86€ + 0.14€ level: 1 - HandId: #2696480502512091137-4-1675082628 - Holdem no limit (10/20) - 2023/01/30 12:43:48 UTC
Table: 'Expresso Nitro(627823291)#0' 3-max (real money) Seat #2 is the button
Seat 1: lepapakipik (330)
Seat 2: MrJoyman (370)
Seat 3: _SKR (200)
*** ANTE/BLINDS ***
_SKR posts small blind 10
lepapakipik posts big blind 20
Dealt to _SKR [3d 9c]
*** PRE-FLOP *** 
MrJoyman folds
_SKR folds
lepapakipik collected 30 from pot
*** SUMMARY ***
Total pot 30 | No rake
Seat 1: lepapakipik (big blind) won 30


Winamax Poker - Tournament "Expresso Nitro" buyIn: 1.86€ + 0.14€ level: 1 - HandId: #2696480502512091137-5-1675082634 - Holdem no limit (10/20) - 2023/01/30 12:43:54 UTC
Table: 'Expresso Nitro(627823291)#0' 3-max (real money) Seat #3 is the button
Seat 1: lepapakipik (340)
Seat 2: MrJoyman (370)
Seat 3: _SKR (190)
*** ANTE/BLINDS ***
lepapakipik posts small blind 10
MrJoyman posts big blind 20
Dealt to _SKR [Ac 8d]
*** PRE-FLOP *** 
_SKR raises 170 to 190 and is all-in
lepapakipik raises 150 to 340 and is all-in
MrJoyman folds
*** FLOP *** [Kd 3c 4h]
*** TURN *** [Kd 3c 4h][Ah]
*** RIVER *** [Kd 3c 4h Ah][2d]
*** SHOW DOWN ***
_SKR shows [Ac 8d] (One pair : Aces)
lepapakipik shows [As 4c] (Two pairs : Aces and 4)
lepapakipik collected 550 from pot
*** SUMMARY ***
Total pot 550 | No rake
Board: [Kd 3c 4h Ah 2d]
Seat 1: lepapakipik (small blind) showed [As 4c] and won 550 with Two pairs : Aces and 4
Seat 3: _SKR (button) showed [Ac 8d] and lost with One pair : Aces


