Winamax Poker - Tournament "Expresso Nitro" buyIn: 1.86€ + 0.14€ level: 1 - HandId: #2696618809048956929-1-1675090148 - Holdem no limit (10/20) - 2023/01/30 14:49:08 UTC
Table: 'Expresso Nitro(627855493)#0' 3-max (real money) Seat #2 is the button
Seat 1: _SKR (300)
Seat 2: Opascual20 (300)
Seat 3: Dalma (300)
*** ANTE/BLINDS ***
Dalma posts small blind 10
_SKR posts big blind 20
Dealt to _SKR [3h 4h]
*** PRE-FLOP *** 
Opascual20 folds
Dalma calls 10
_SKR checks
*** FLOP *** [Kd 2h Js]
Dalma checks
_SKR checks
*** TURN *** [Kd 2h Js][3c]
Dalma checks
_SKR checks
*** RIVER *** [Kd 2h Js 3c][4s]
Dalma bets 20
_SKR calls 20
*** SHOW DOWN ***
Dalma shows [3s 5d] (One pair : 3)
_SKR shows [3h 4h] (Two pairs : 4 and 3)
_SKR collected 80 from pot
*** SUMMARY ***
Total pot 80 | No rake
Board: [Kd 2h Js 3c 4s]
Seat 1: _SKR (big blind) showed [3h 4h] and won 80 with Two pairs : 4 and 3
Seat 3: Dalma (small blind) showed [3s 5d] and lost with One pair : 3


Winamax Poker - Tournament "Expresso Nitro" buyIn: 1.86€ + 0.14€ level: 1 - HandId: #2696618809048956929-2-1675090182 - Holdem no limit (10/20) - 2023/01/30 14:49:42 UTC
Table: 'Expresso Nitro(627855493)#0' 3-max (real money) Seat #3 is the button
Seat 1: _SKR (340)
Seat 2: Opascual20 (300)
Seat 3: Dalma (260)
*** ANTE/BLINDS ***
_SKR posts small blind 10
Opascual20 posts big blind 20
Dealt to _SKR [6d 7d]
*** PRE-FLOP *** 
Dalma calls 20
_SKR folds
Opascual20 checks
*** FLOP *** [Ad 2h 3d]
Opascual20 checks
Dalma bets 20
Opascual20 calls 20
*** TURN *** [Ad 2h 3d][4h]
Opascual20 checks
Dalma bets 20
Opascual20 calls 20
*** RIVER *** [Ad 2h 3d 4h][Qc]
Opascual20 checks
Dalma bets 46
Opascual20 calls 46
*** SHOW DOWN ***
Opascual20 shows [Td 3c] (One pair : 3)
Dalma shows [4c Qh] (Two pairs : Queens and 4)
Dalma collected 222 from pot
*** SUMMARY ***
Total pot 222 | No rake
Board: [Ad 2h 3d 4h Qc]
Seat 2: Opascual20 (big blind) showed [Td 3c] and lost with One pair : 3
Seat 3: Dalma (button) showed [4c Qh] and won 222 with Two pairs : Queens and 4


Winamax Poker - Tournament "Expresso Nitro" buyIn: 1.86€ + 0.14€ level: 2 - HandId: #2696618809048956929-3-1675090216 - Holdem no limit (15/30) - 2023/01/30 14:50:16 UTC
Table: 'Expresso Nitro(627855493)#0' 3-max (real money) Seat #1 is the button
Seat 1: _SKR (330)
Seat 2: Opascual20 (194)
Seat 3: Dalma (376)
*** ANTE/BLINDS ***
Opascual20 posts small blind 15
Dalma posts big blind 30
Dealt to _SKR [4d 3h]
*** PRE-FLOP *** 
_SKR folds
Opascual20 folds
Dalma collected 45 from pot
*** SUMMARY ***
Total pot 45 | No rake
Seat 3: Dalma (big blind) won 45


Winamax Poker - Tournament "Expresso Nitro" buyIn: 1.86€ + 0.14€ level: 2 - HandId: #2696618809048956929-4-1675090222 - Holdem no limit (15/30) - 2023/01/30 14:50:22 UTC
Table: 'Expresso Nitro(627855493)#0' 3-max (real money) Seat #2 is the button
Seat 1: _SKR (330)
Seat 2: Opascual20 (179)
Seat 3: Dalma (391)
*** ANTE/BLINDS ***
Dalma posts small blind 15
_SKR posts big blind 30
Dealt to _SKR [6d 6c]
*** PRE-FLOP *** 
Opascual20 raises 149 to 179 and is all-in
Dalma folds
_SKR calls 149
*** FLOP *** [4c 7s Kd]
*** TURN *** [4c 7s Kd][Td]
*** RIVER *** [4c 7s Kd Td][2c]
*** SHOW DOWN ***
_SKR shows [6d 6c] (One pair : 6)
Opascual20 shows [Tc Js] (One pair : Tens)
Opascual20 collected 373 from pot
*** SUMMARY ***
Total pot 373 | No rake
Board: [4c 7s Kd Td 2c]
Seat 1: _SKR (big blind) showed [6d 6c] and lost with One pair : 6
Seat 2: Opascual20 (button) showed [Tc Js] and won 373 with One pair : Tens


Winamax Poker - Tournament "Expresso Nitro" buyIn: 1.86€ + 0.14€ level: 2 - HandId: #2696618809048956929-5-1675090241 - Holdem no limit (15/30) - 2023/01/30 14:50:41 UTC
Table: 'Expresso Nitro(627855493)#0' 3-max (real money) Seat #3 is the button
Seat 1: _SKR (151)
Seat 2: Opascual20 (373)
Seat 3: Dalma (376)
*** ANTE/BLINDS ***
_SKR posts small blind 15
Opascual20 posts big blind 30
Dealt to _SKR [6h 7c]
*** PRE-FLOP *** 
Dalma folds
_SKR folds
Opascual20 collected 45 from pot
*** SUMMARY ***
Total pot 45 | No rake
Seat 2: Opascual20 (big blind) won 45


Winamax Poker - Tournament "Expresso Nitro" buyIn: 1.86€ + 0.14€ level: 3 - HandId: #2696618809048956929-6-1675090264 - Holdem no limit (20/40) - 2023/01/30 14:51:04 UTC
Table: 'Expresso Nitro(627855493)#0' 3-max (real money) Seat #1 is the button
Seat 1: _SKR (136)
Seat 2: Opascual20 (388)
Seat 3: Dalma (376)
*** ANTE/BLINDS ***
Opascual20 posts small blind 20
Dalma posts big blind 40
Dealt to _SKR [2h 9d]
*** PRE-FLOP *** 
_SKR folds
Opascual20 raises 348 to 388 and is all-in
Dalma folds
Opascual20 collected 428 from pot
*** SUMMARY ***
Total pot 428 | No rake
Seat 2: Opascual20 (small blind) won 428


Winamax Poker - Tournament "Expresso Nitro" buyIn: 1.86€ + 0.14€ level: 3 - HandId: #2696618809048956929-7-1675090276 - Holdem no limit (20/40) - 2023/01/30 14:51:16 UTC
Table: 'Expresso Nitro(627855493)#0' 3-max (real money) Seat #2 is the button
Seat 1: _SKR (136)
Seat 2: Opascual20 (428)
Seat 3: Dalma (336)
*** ANTE/BLINDS ***
Dalma posts small blind 20
_SKR posts big blind 40
Dealt to _SKR [7c 8c]
*** PRE-FLOP *** 
Opascual20 raises 388 to 428 and is all-in
Dalma folds
_SKR folds
Opascual20 collected 488 from pot
*** SUMMARY ***
Total pot 488 | No rake
Seat 2: Opascual20 (button) won 488


Winamax Poker - Tournament "Expresso Nitro" buyIn: 1.86€ + 0.14€ level: 3 - HandId: #2696618809048956929-8-1675090284 - Holdem no limit (20/40) - 2023/01/30 14:51:24 UTC
Table: 'Expresso Nitro(627855493)#0' 3-max (real money) Seat #3 is the button
Seat 1: _SKR (96)
Seat 2: Opascual20 (488)
Seat 3: Dalma (316)
*** ANTE/BLINDS ***
_SKR posts small blind 20
Opascual20 posts big blind 40
Dealt to _SKR [3d 8h]
*** PRE-FLOP *** 
Dalma calls 40
_SKR folds
Opascual20 checks
*** FLOP *** [2s Ac 3s]
Opascual20 checks
Dalma checks
*** TURN *** [2s Ac 3s][3c]
Opascual20 checks
Dalma bets 40
Opascual20 folds
Dalma collected 140 from pot
*** SUMMARY ***
Total pot 140 | No rake
Board: [2s Ac 3s 3c]
Seat 3: Dalma (button) won 140


Winamax Poker - Tournament "Expresso Nitro" buyIn: 1.86€ + 0.14€ level: 3 - HandId: #2696618809048956929-9-1675090305 - Holdem no limit (20/40) - 2023/01/30 14:51:45 UTC
Table: 'Expresso Nitro(627855493)#0' 3-max (real money) Seat #1 is the button
Seat 1: _SKR (76)
Seat 2: Opascual20 (448)
Seat 3: Dalma (376)
*** ANTE/BLINDS ***
Opascual20 posts small blind 20
Dalma posts big blind 40
Dealt to _SKR [Th 2c]
*** PRE-FLOP *** 
_SKR folds
Opascual20 raises 408 to 448 and is all-in
Dalma calls 336 and is all-in
*** FLOP *** [6c Ad Qh]
*** TURN *** [6c Ad Qh][5s]
*** RIVER *** [6c Ad Qh 5s][8s]
*** SHOW DOWN ***
Dalma shows [3h Ah] (One pair : Aces)
Opascual20 shows [9h As] (One pair : Aces)
Opascual20 collected 824 from pot
*** SUMMARY ***
Total pot 824 | No rake
Board: [6c Ad Qh 5s 8s]
Seat 2: Opascual20 (small blind) showed [9h As] and won 824 with One pair : Aces
Seat 3: Dalma (big blind) showed [3h Ah] and lost with One pair : Aces


Winamax Poker - Tournament "Expresso Nitro" buyIn: 1.86€ + 0.14€ level: 3 - HandId: #2696618809048956929-10-1675090321 - Holdem no limit (20/40) - 2023/01/30 14:52:01 UTC
Table: 'Expresso Nitro(627855493)#0' 3-max (real money) Seat #1 is the button
Seat 1: _SKR (76)
Seat 2: Opascual20 (824)
*** ANTE/BLINDS ***
_SKR posts small blind 20
Opascual20 posts big blind 40
Dealt to _SKR [Ad 6h]
*** PRE-FLOP *** 
_SKR raises 36 to 76 and is all-in
Opascual20 raises 748 to 824 and is all-in
*** FLOP *** [Qc Ac Th]
*** TURN *** [Qc Ac Th][3d]
*** RIVER *** [Qc Ac Th 3d][8c]
*** SHOW DOWN ***
_SKR shows [Ad 6h] (One pair : Aces)
Opascual20 shows [9h Jh] (Straight Queen high)
Opascual20 collected 900 from pot
*** SUMMARY ***
Total pot 900 | No rake
Board: [Qc Ac Th 3d 8c]
Seat 1: _SKR (small blind) (button) showed [Ad 6h] and lost with One pair : Aces
Seat 2: Opascual20 (big blind) showed [9h Jh] and won 900 with Straight Queen high


