Winamax Poker - Tournament "Expresso Nitro" buyIn: 0.93€ + 0.07€ level: 1 - HandId: #2692555512288903169-1-1674830453 - Holdem no limit (10/20) - 2023/01/27 14:40:53 UTC
Table: 'Expresso Nitro(626909433)#0' 3-max (real money) Seat #3 is the button
Seat 1: _Espana92_ (300)
Seat 2: joke5522 (300)
Seat 3: _SKR (300)
*** ANTE/BLINDS ***
_Espana92_ posts small blind 10
joke5522 posts big blind 20
Dealt to _SKR [3h Qh]
*** PRE-FLOP *** 
_SKR folds
_Espana92_ raises 30 to 50
joke5522 folds
_Espana92_ collected 70 from pot
*** SUMMARY ***
Total pot 70 | No rake
Seat 1: _Espana92_ (small blind) won 70


Winamax Poker - Tournament "Expresso Nitro" buyIn: 0.93€ + 0.07€ level: 1 - HandId: #2692555512288903169-2-1674830464 - Holdem no limit (10/20) - 2023/01/27 14:41:04 UTC
Table: 'Expresso Nitro(626909433)#0' 3-max (real money) Seat #1 is the button
Seat 1: _Espana92_ (320)
Seat 2: joke5522 (280)
Seat 3: _SKR (300)
*** ANTE/BLINDS ***
joke5522 posts small blind 10
_SKR posts big blind 20
Dealt to _SKR [Qd 8h]
*** PRE-FLOP *** 
_Espana92_ calls 20
joke5522 folds
_SKR checks
*** FLOP *** [Qc Ks 9c]
_SKR checks
_Espana92_ checks
*** TURN *** [Qc Ks 9c][5h]
_SKR bets 25
_Espana92_ folds
_SKR collected 75 from pot
*** SUMMARY ***
Total pot 75 | No rake
Board: [Qc Ks 9c 5h]
Seat 3: _SKR (big blind) won 75


Winamax Poker - Tournament "Expresso Nitro" buyIn: 0.93€ + 0.07€ level: 1 - HandId: #2692555512288903169-3-1674830485 - Holdem no limit (10/20) - 2023/01/27 14:41:25 UTC
Table: 'Expresso Nitro(626909433)#0' 3-max (real money) Seat #2 is the button
Seat 1: _Espana92_ (300)
Seat 2: joke5522 (270)
Seat 3: _SKR (330)
*** ANTE/BLINDS ***
_SKR posts small blind 10
_Espana92_ posts big blind 20
Dealt to _SKR [2d 4c]
*** PRE-FLOP *** 
joke5522 raises 20 to 40
_SKR folds
_Espana92_ folds
joke5522 collected 70 from pot
*** SUMMARY ***
Total pot 70 | No rake
Seat 2: joke5522 (button) won 70


Winamax Poker - Tournament "Expresso Nitro" buyIn: 0.93€ + 0.07€ level: 1 - HandId: #2692555512288903169-4-1674830493 - Holdem no limit (10/20) - 2023/01/27 14:41:33 UTC
Table: 'Expresso Nitro(626909433)#0' 3-max (real money) Seat #3 is the button
Seat 1: _Espana92_ (280)
Seat 2: joke5522 (300)
Seat 3: _SKR (320)
*** ANTE/BLINDS ***
_Espana92_ posts small blind 10
joke5522 posts big blind 20
Dealt to _SKR [Ac 5c]
*** PRE-FLOP *** 
_SKR raises 300 to 320 and is all-in
_Espana92_ folds
joke5522 folds
_SKR collected 350 from pot
*** SUMMARY ***
Total pot 350 | No rake
Seat 3: _SKR (button) won 350


Winamax Poker - Tournament "Expresso Nitro" buyIn: 0.93€ + 0.07€ level: 1 - HandId: #2692555512288903169-5-1674830503 - Holdem no limit (10/20) - 2023/01/27 14:41:43 UTC
Table: 'Expresso Nitro(626909433)#0' 3-max (real money) Seat #1 is the button
Seat 1: _Espana92_ (270)
Seat 2: joke5522 (280)
Seat 3: _SKR (350)
*** ANTE/BLINDS ***
joke5522 posts small blind 10
_SKR posts big blind 20
Dealt to _SKR [Qd 2c]
*** PRE-FLOP *** 
_Espana92_ raises 30 to 50
joke5522 folds
_SKR folds
_Espana92_ collected 80 from pot
*** SUMMARY ***
Total pot 80 | No rake
Seat 1: _Espana92_ (button) won 80


Winamax Poker - Tournament "Expresso Nitro" buyIn: 0.93€ + 0.07€ level: 2 - HandId: #2692555512288903169-6-1674830513 - Holdem no limit (15/30) - 2023/01/27 14:41:53 UTC
Table: 'Expresso Nitro(626909433)#0' 3-max (real money) Seat #2 is the button
Seat 1: _Espana92_ (300)
Seat 2: joke5522 (270)
Seat 3: _SKR (330)
*** ANTE/BLINDS ***
_SKR posts small blind 15
_Espana92_ posts big blind 30
Dealt to _SKR [Ks 5s]
*** PRE-FLOP *** 
joke5522 folds
_SKR calls 15
_Espana92_ raises 75 to 105
_SKR folds
_Espana92_ collected 135 from pot
*** SUMMARY ***
Total pot 135 | No rake
Seat 1: _Espana92_ (big blind) won 135


Winamax Poker - Tournament "Expresso Nitro" buyIn: 0.93€ + 0.07€ level: 2 - HandId: #2692555512288903169-7-1674830530 - Holdem no limit (15/30) - 2023/01/27 14:42:10 UTC
Table: 'Expresso Nitro(626909433)#0' 3-max (real money) Seat #3 is the button
Seat 1: _Espana92_ (330)
Seat 2: joke5522 (270)
Seat 3: _SKR (300)
*** ANTE/BLINDS ***
_Espana92_ posts small blind 15
joke5522 posts big blind 30
Dealt to _SKR [Ks 2s]
*** PRE-FLOP *** 
_SKR folds
_Espana92_ folds
joke5522 collected 45 from pot
*** SUMMARY ***
Total pot 45 | No rake
Seat 2: joke5522 (big blind) won 45


Winamax Poker - Tournament "Expresso Nitro" buyIn: 0.93€ + 0.07€ level: 2 - HandId: #2692555512288903169-8-1674830537 - Holdem no limit (15/30) - 2023/01/27 14:42:17 UTC
Table: 'Expresso Nitro(626909433)#0' 3-max (real money) Seat #1 is the button
Seat 1: _Espana92_ (315)
Seat 2: joke5522 (285)
Seat 3: _SKR (300)
*** ANTE/BLINDS ***
joke5522 posts small blind 15
_SKR posts big blind 30
Dealt to _SKR [Jh 5h]
*** PRE-FLOP *** 
_Espana92_ folds
joke5522 raises 255 to 285 and is all-in
_SKR folds
joke5522 collected 315 from pot
*** SUMMARY ***
Total pot 315 | No rake
Seat 2: joke5522 (small blind) won 315


Winamax Poker - Tournament "Expresso Nitro" buyIn: 0.93€ + 0.07€ level: 2 - HandId: #2692555512288903169-9-1674830549 - Holdem no limit (15/30) - 2023/01/27 14:42:29 UTC
Table: 'Expresso Nitro(626909433)#0' 3-max (real money) Seat #2 is the button
Seat 1: _Espana92_ (315)
Seat 2: joke5522 (315)
Seat 3: _SKR (270)
*** ANTE/BLINDS ***
_SKR posts small blind 15
_Espana92_ posts big blind 30
Dealt to _SKR [Jc 3s]
*** PRE-FLOP *** 
joke5522 folds
_SKR folds
_Espana92_ collected 45 from pot
*** SUMMARY ***
Total pot 45 | No rake
Seat 1: _Espana92_ (big blind) won 45


Winamax Poker - Tournament "Expresso Nitro" buyIn: 0.93€ + 0.07€ level: 2 - HandId: #2692555512288903169-10-1674830563 - Holdem no limit (15/30) - 2023/01/27 14:42:43 UTC
Table: 'Expresso Nitro(626909433)#0' 3-max (real money) Seat #3 is the button
Seat 1: _Espana92_ (330)
Seat 2: joke5522 (315)
Seat 3: _SKR (255)
*** ANTE/BLINDS ***
_Espana92_ posts small blind 15
joke5522 posts big blind 30
Dealt to _SKR [Tc Jc]
*** PRE-FLOP *** 
_SKR raises 225 to 255 and is all-in
_Espana92_ folds
joke5522 folds
_SKR collected 300 from pot
*** SUMMARY ***
Total pot 300 | No rake
Seat 3: _SKR (button) won 300


Winamax Poker - Tournament "Expresso Nitro" buyIn: 0.93€ + 0.07€ level: 3 - HandId: #2692555512288903169-11-1674830578 - Holdem no limit (20/40) - 2023/01/27 14:42:58 UTC
Table: 'Expresso Nitro(626909433)#0' 3-max (real money) Seat #1 is the button
Seat 1: _Espana92_ (315)
Seat 2: joke5522 (285)
Seat 3: _SKR (300)
*** ANTE/BLINDS ***
joke5522 posts small blind 20
_SKR posts big blind 40
Dealt to _SKR [Ac 5c]
*** PRE-FLOP *** 
_Espana92_ folds
joke5522 folds
_SKR collected 60 from pot
*** SUMMARY ***
Total pot 60 | No rake
Seat 3: _SKR (big blind) won 60


Winamax Poker - Tournament "Expresso Nitro" buyIn: 0.93€ + 0.07€ level: 3 - HandId: #2692555512288903169-12-1674830593 - Holdem no limit (20/40) - 2023/01/27 14:43:13 UTC
Table: 'Expresso Nitro(626909433)#0' 3-max (real money) Seat #2 is the button
Seat 1: _Espana92_ (315)
Seat 2: joke5522 (265)
Seat 3: _SKR (320)
*** ANTE/BLINDS ***
_SKR posts small blind 20
_Espana92_ posts big blind 40
Dealt to _SKR [Ts 4h]
*** PRE-FLOP *** 
joke5522 raises 225 to 265 and is all-in
_SKR folds
_Espana92_ calls 225
*** FLOP *** [4c Qs Ad]
*** TURN *** [4c Qs Ad][Ks]
*** RIVER *** [4c Qs Ad Ks][9d]
*** SHOW DOWN ***
joke5522 shows [Jd As] (One pair : Aces)
_Espana92_ shows [Qc Ac] (Two pairs : Aces and Queens)
_Espana92_ collected 550 from pot
*** SUMMARY ***
Total pot 550 | No rake
Board: [4c Qs Ad Ks 9d]
Seat 1: _Espana92_ (big blind) showed [Qc Ac] and won 550 with Two pairs : Aces and Queens
Seat 2: joke5522 (button) showed [Jd As] and lost with One pair : Aces


Winamax Poker - Tournament "Expresso Nitro" buyIn: 0.93€ + 0.07€ level: 3 - HandId: #2692555512288903169-13-1674830608 - Holdem no limit (20/40) - 2023/01/27 14:43:28 UTC
Table: 'Expresso Nitro(626909433)#0' 3-max (real money) Seat #1 is the button
Seat 1: _Espana92_ (600)
Seat 3: _SKR (300)
*** ANTE/BLINDS ***
_Espana92_ posts small blind 20
_SKR posts big blind 40
Dealt to _SKR [Jd 3s]
*** PRE-FLOP *** 
_Espana92_ raises 60 to 100
_SKR folds
_Espana92_ collected 140 from pot
*** SUMMARY ***
Total pot 140 | No rake
Seat 1: _Espana92_ (small blind) (button) won 140


Winamax Poker - Tournament "Expresso Nitro" buyIn: 0.93€ + 0.07€ level: 3 - HandId: #2692555512288903169-14-1674830616 - Holdem no limit (20/40) - 2023/01/27 14:43:36 UTC
Table: 'Expresso Nitro(626909433)#0' 3-max (real money) Seat #3 is the button
Seat 1: _Espana92_ (640)
Seat 3: _SKR (260)
*** ANTE/BLINDS ***
_SKR posts small blind 20
_Espana92_ posts big blind 40
Dealt to _SKR [5d Ac]
*** PRE-FLOP *** 
_SKR raises 220 to 260 and is all-in
_Espana92_ folds
_SKR collected 300 from pot
*** SUMMARY ***
Total pot 300 | No rake
Seat 3: _SKR (small blind) (button) won 300


Winamax Poker - Tournament "Expresso Nitro" buyIn: 0.93€ + 0.07€ level: 3 - HandId: #2692555512288903169-15-1674830620 - Holdem no limit (20/40) - 2023/01/27 14:43:40 UTC
Table: 'Expresso Nitro(626909433)#0' 3-max (real money) Seat #1 is the button
Seat 1: _Espana92_ (600)
Seat 3: _SKR (300)
*** ANTE/BLINDS ***
_Espana92_ posts small blind 20
_SKR posts big blind 40
Dealt to _SKR [4d Jc]
*** PRE-FLOP *** 
_Espana92_ raises 80 to 120
_SKR folds
_Espana92_ collected 160 from pot
*** SUMMARY ***
Total pot 160 | No rake
Seat 1: _Espana92_ (small blind) (button) won 160


Winamax Poker - Tournament "Expresso Nitro" buyIn: 0.93€ + 0.07€ level: 3 - HandId: #2692555512288903169-16-1674830625 - Holdem no limit (20/40) - 2023/01/27 14:43:45 UTC
Table: 'Expresso Nitro(626909433)#0' 3-max (real money) Seat #3 is the button
Seat 1: _Espana92_ (640)
Seat 3: _SKR (260)
*** ANTE/BLINDS ***
_SKR posts small blind 20
_Espana92_ posts big blind 40
Dealt to _SKR [5d 3c]
*** PRE-FLOP *** 
_SKR folds
_Espana92_ collected 60 from pot
*** SUMMARY ***
Total pot 60 | No rake
Seat 1: _Espana92_ (big blind) won 60


Winamax Poker - Tournament "Expresso Nitro" buyIn: 0.93€ + 0.07€ level: 3 - HandId: #2692555512288903169-17-1674830628 - Holdem no limit (20/40) - 2023/01/27 14:43:48 UTC
Table: 'Expresso Nitro(626909433)#0' 3-max (real money) Seat #1 is the button
Seat 1: _Espana92_ (660)
Seat 3: _SKR (240)
*** ANTE/BLINDS ***
_Espana92_ posts small blind 20
_SKR posts big blind 40
Dealt to _SKR [Jd 3c]
*** PRE-FLOP *** 
_Espana92_ calls 20
_SKR raises 200 to 240 and is all-in
_Espana92_ folds
_SKR collected 280 from pot
*** SUMMARY ***
Total pot 280 | No rake
Seat 3: _SKR (big blind) won 280


Winamax Poker - Tournament "Expresso Nitro" buyIn: 0.93€ + 0.07€ level: 4 - HandId: #2692555512288903169-18-1674830635 - Holdem no limit (30/60) - 2023/01/27 14:43:55 UTC
Table: 'Expresso Nitro(626909433)#0' 3-max (real money) Seat #3 is the button
Seat 1: _Espana92_ (620)
Seat 3: _SKR (280)
*** ANTE/BLINDS ***
_SKR posts small blind 30
_Espana92_ posts big blind 60
Dealt to _SKR [Qc 3c]
*** PRE-FLOP *** 
_SKR raises 220 to 280 and is all-in
_Espana92_ calls 220
*** FLOP *** [4c 6h 2d]
*** TURN *** [4c 6h 2d][9h]
*** RIVER *** [4c 6h 2d 9h][7h]
*** SHOW DOWN ***
_Espana92_ shows [Jh Ts] (High card : Jack)
_SKR shows [Qc 3c] (High card : Queen)
_SKR collected 560 from pot
*** SUMMARY ***
Total pot 560 | No rake
Board: [4c 6h 2d 9h 7h]
Seat 1: _Espana92_ (big blind) showed [Jh Ts] and lost with High card : Jack
Seat 3: _SKR (small blind) (button) showed [Qc 3c] and won 560 with High card : Queen


Winamax Poker - Tournament "Expresso Nitro" buyIn: 0.93€ + 0.07€ level: 4 - HandId: #2692555512288903169-19-1674830650 - Holdem no limit (30/60) - 2023/01/27 14:44:10 UTC
Table: 'Expresso Nitro(626909433)#0' 3-max (real money) Seat #1 is the button
Seat 1: _Espana92_ (340)
Seat 3: _SKR (560)
*** ANTE/BLINDS ***
_Espana92_ posts small blind 30
_SKR posts big blind 60
Dealt to _SKR [Td Kc]
*** PRE-FLOP *** 
_Espana92_ calls 30
_SKR raises 500 to 560 and is all-in
_Espana92_ folds
_SKR collected 620 from pot
*** SUMMARY ***
Total pot 620 | No rake
Seat 3: _SKR (big blind) won 620


Winamax Poker - Tournament "Expresso Nitro" buyIn: 0.93€ + 0.07€ level: 4 - HandId: #2692555512288903169-20-1674830657 - Holdem no limit (30/60) - 2023/01/27 14:44:17 UTC
Table: 'Expresso Nitro(626909433)#0' 3-max (real money) Seat #3 is the button
Seat 1: _Espana92_ (280)
Seat 3: _SKR (620)
*** ANTE/BLINDS ***
_SKR posts small blind 30
_Espana92_ posts big blind 60
Dealt to _SKR [Jh 8s]
*** PRE-FLOP *** 
_SKR raises 560 to 620 and is all-in
_Espana92_ folds
_SKR collected 680 from pot
*** SUMMARY ***
Total pot 680 | No rake
Seat 3: _SKR (small blind) (button) won 680


Winamax Poker - Tournament "Expresso Nitro" buyIn: 0.93€ + 0.07€ level: 4 - HandId: #2692555512288903169-21-1674830664 - Holdem no limit (30/60) - 2023/01/27 14:44:24 UTC
Table: 'Expresso Nitro(626909433)#0' 3-max (real money) Seat #1 is the button
Seat 1: _Espana92_ (220)
Seat 3: _SKR (680)
*** ANTE/BLINDS ***
_Espana92_ posts small blind 30
_SKR posts big blind 60
Dealt to _SKR [Jh Kh]
*** PRE-FLOP *** 
_Espana92_ raises 160 to 220 and is all-in
_SKR calls 160
*** FLOP *** [Ah 9s 6s]
*** TURN *** [Ah 9s 6s][Qc]
*** RIVER *** [Ah 9s 6s Qc][As]
*** SHOW DOWN ***
_SKR shows [Jh Kh] (One pair : Aces)
_Espana92_ shows [2d Qd] (Two pairs : Aces and Queens)
_Espana92_ collected 440 from pot
*** SUMMARY ***
Total pot 440 | No rake
Board: [Ah 9s 6s Qc As]
Seat 1: _Espana92_ (small blind) (button) showed [2d Qd] and won 440 with Two pairs : Aces and Queens
Seat 3: _SKR (big blind) showed [Jh Kh] and lost with One pair : Aces


Winamax Poker - Tournament "Expresso Nitro" buyIn: 0.93€ + 0.07€ level: 4 - HandId: #2692555512288903169-22-1674830676 - Holdem no limit (30/60) - 2023/01/27 14:44:36 UTC
Table: 'Expresso Nitro(626909433)#0' 3-max (real money) Seat #3 is the button
Seat 1: _Espana92_ (440)
Seat 3: _SKR (460)
*** ANTE/BLINDS ***
_SKR posts small blind 30
_Espana92_ posts big blind 60
Dealt to _SKR [5c 4s]
*** PRE-FLOP *** 
_SKR folds
_Espana92_ collected 90 from pot
*** SUMMARY ***
Total pot 90 | No rake
Seat 1: _Espana92_ (big blind) won 90


Winamax Poker - Tournament "Expresso Nitro" buyIn: 0.93€ + 0.07€ level: 4 - HandId: #2692555512288903169-23-1674830679 - Holdem no limit (30/60) - 2023/01/27 14:44:39 UTC
Table: 'Expresso Nitro(626909433)#0' 3-max (real money) Seat #1 is the button
Seat 1: _Espana92_ (470)
Seat 3: _SKR (430)
*** ANTE/BLINDS ***
_Espana92_ posts small blind 30
_SKR posts big blind 60
Dealt to _SKR [Qh 2d]
*** PRE-FLOP *** 
_Espana92_ folds
_SKR collected 90 from pot
*** SUMMARY ***
Total pot 90 | No rake
Seat 3: _SKR (big blind) won 90


Winamax Poker - Tournament "Expresso Nitro" buyIn: 0.93€ + 0.07€ level: 4 - HandId: #2692555512288903169-24-1674830684 - Holdem no limit (30/60) - 2023/01/27 14:44:44 UTC
Table: 'Expresso Nitro(626909433)#0' 3-max (real money) Seat #3 is the button
Seat 1: _Espana92_ (440)
Seat 3: _SKR (460)
*** ANTE/BLINDS ***
_SKR posts small blind 30
_Espana92_ posts big blind 60
Dealt to _SKR [Tc Kh]
*** PRE-FLOP *** 
_SKR raises 400 to 460 and is all-in
_Espana92_ calls 380 and is all-in
*** FLOP *** [6d Qc 9d]
*** TURN *** [6d Qc 9d][8d]
*** RIVER *** [6d Qc 9d 8d][7h]
*** SHOW DOWN ***
_Espana92_ shows [Js Kc] (High card : King)
_SKR shows [Tc Kh] (Straight Ten high)
_SKR collected 900 from pot
*** SUMMARY ***
Total pot 900 | No rake
Board: [6d Qc 9d 8d 7h]
Seat 1: _Espana92_ (big blind) showed [Js Kc] and lost with High card : King
Seat 3: _SKR (small blind) (button) showed [Tc Kh] and won 900 with Straight Ten high


