Winamax Poker - Tournament "Expresso Nitro" buyIn: 0.93€ + 0.07€ level: 1 - HandId: #2717243714450751489-1-1676213698 - Holdem no limit (10/20) - 2023/02/12 14:54:58 UTC
Table: 'Expresso Nitro(632657603)#0' 3-max (real money) Seat #3 is the button
Seat 1: _SKR (300)
Seat 2: Pipostar38 (300)
Seat 3: Warrior33 (300)
*** ANTE/BLINDS ***
_SKR posts small blind 10
Pipostar38 posts big blind 20
Dealt to _SKR [8s 2h]
*** PRE-FLOP *** 
Warrior33 folds
_SKR folds
Pipostar38 shows [Qs 2s] (High card : Queen)
Pipostar38 collected 30 from pot
*** SUMMARY ***
Total pot 30 | No rake
Seat 2: Pipostar38 (big blind) showed [Qs 2s] and won 30 with High card : Queen


Winamax Poker - Tournament "Expresso Nitro" buyIn: 0.93€ + 0.07€ level: 1 - HandId: #2717243714450751489-2-1676213706 - Holdem no limit (10/20) - 2023/02/12 14:55:06 UTC
Table: 'Expresso Nitro(632657603)#0' 3-max (real money) Seat #1 is the button
Seat 1: _SKR (290)
Seat 2: Pipostar38 (310)
Seat 3: Warrior33 (300)
*** ANTE/BLINDS ***
Pipostar38 posts small blind 10
Warrior33 posts big blind 20
Dealt to _SKR [6c Ts]
*** PRE-FLOP *** 
_SKR folds
Pipostar38 calls 10
Warrior33 checks
*** FLOP *** [5s Kd 4d]
Pipostar38 checks
Warrior33 checks
*** TURN *** [5s Kd 4d][3c]
Pipostar38 checks
Warrior33 checks
*** RIVER *** [5s Kd 4d 3c][5h]
Pipostar38 checks
Warrior33 bets 20
Pipostar38 folds
Warrior33 collected 60 from pot
*** SUMMARY ***
Total pot 60 | No rake
Board: [5s Kd 4d 3c 5h]
Seat 3: Warrior33 (big blind) won 60


Winamax Poker - Tournament "Expresso Nitro" buyIn: 0.93€ + 0.07€ level: 1 - HandId: #2717243714450751489-3-1676213729 - Holdem no limit (10/20) - 2023/02/12 14:55:29 UTC
Table: 'Expresso Nitro(632657603)#0' 3-max (real money) Seat #2 is the button
Seat 1: _SKR (290)
Seat 2: Pipostar38 (290)
Seat 3: Warrior33 (320)
*** ANTE/BLINDS ***
Warrior33 posts small blind 10
_SKR posts big blind 20
Dealt to _SKR [Jc Qc]
*** PRE-FLOP *** 
Pipostar38 calls 20
Warrior33 raises 40 to 60
_SKR folds
Pipostar38 calls 40
*** FLOP *** [Qd 9s Td]
Warrior33 bets 20
Pipostar38 calls 20
*** TURN *** [Qd 9s Td][Ac]
Warrior33 checks
Pipostar38 checks
*** RIVER *** [Qd 9s Td Ac][6h]
Warrior33 bets 63
Pipostar38 folds
Warrior33 collected 243 from pot
*** SUMMARY ***
Total pot 243 | No rake
Board: [Qd 9s Td Ac 6h]
Seat 3: Warrior33 (small blind) won 243


Winamax Poker - Tournament "Expresso Nitro" buyIn: 0.93€ + 0.07€ level: 2 - HandId: #2717243714450751489-4-1676213760 - Holdem no limit (15/30) - 2023/02/12 14:56:00 UTC
Table: 'Expresso Nitro(632657603)#0' 3-max (real money) Seat #3 is the button
Seat 1: _SKR (270)
Seat 2: Pipostar38 (210)
Seat 3: Warrior33 (420)
*** ANTE/BLINDS ***
_SKR posts small blind 15
Pipostar38 posts big blind 30
Dealt to _SKR [Kd 8h]
*** PRE-FLOP *** 
Warrior33 raises 45 to 75
_SKR folds
Pipostar38 folds
Warrior33 collected 120 from pot
*** SUMMARY ***
Total pot 120 | No rake
Seat 3: Warrior33 (button) won 120


Winamax Poker - Tournament "Expresso Nitro" buyIn: 0.93€ + 0.07€ level: 2 - HandId: #2717243714450751489-5-1676213768 - Holdem no limit (15/30) - 2023/02/12 14:56:08 UTC
Table: 'Expresso Nitro(632657603)#0' 3-max (real money) Seat #1 is the button
Seat 1: _SKR (255)
Seat 2: Pipostar38 (180)
Seat 3: Warrior33 (465)
*** ANTE/BLINDS ***
Pipostar38 posts small blind 15
Warrior33 posts big blind 30
Dealt to _SKR [Th 2c]
*** PRE-FLOP *** 
_SKR folds
Pipostar38 folds
Warrior33 collected 45 from pot
*** SUMMARY ***
Total pot 45 | No rake
Seat 3: Warrior33 (big blind) won 45


Winamax Poker - Tournament "Expresso Nitro" buyIn: 0.93€ + 0.07€ level: 2 - HandId: #2717243714450751489-6-1676213774 - Holdem no limit (15/30) - 2023/02/12 14:56:14 UTC
Table: 'Expresso Nitro(632657603)#0' 3-max (real money) Seat #2 is the button
Seat 1: _SKR (255)
Seat 2: Pipostar38 (165)
Seat 3: Warrior33 (480)
*** ANTE/BLINDS ***
Warrior33 posts small blind 15
_SKR posts big blind 30
Dealt to _SKR [7h 4s]
*** PRE-FLOP *** 
Pipostar38 folds
Warrior33 raises 30 to 60
_SKR folds
Warrior33 collected 90 from pot
*** SUMMARY ***
Total pot 90 | No rake
Seat 3: Warrior33 (small blind) won 90


Winamax Poker - Tournament "Expresso Nitro" buyIn: 0.93€ + 0.07€ level: 2 - HandId: #2717243714450751489-7-1676213785 - Holdem no limit (15/30) - 2023/02/12 14:56:25 UTC
Table: 'Expresso Nitro(632657603)#0' 3-max (real money) Seat #3 is the button
Seat 1: _SKR (225)
Seat 2: Pipostar38 (165)
Seat 3: Warrior33 (510)
*** ANTE/BLINDS ***
_SKR posts small blind 15
Pipostar38 posts big blind 30
Dealt to _SKR [9s 7c]
*** PRE-FLOP *** 
Warrior33 folds
_SKR folds
Pipostar38 collected 45 from pot
*** SUMMARY ***
Total pot 45 | No rake
Seat 2: Pipostar38 (big blind) won 45


Winamax Poker - Tournament "Expresso Nitro" buyIn: 0.93€ + 0.07€ level: 2 - HandId: #2717243714450751489-8-1676213792 - Holdem no limit (15/30) - 2023/02/12 14:56:32 UTC
Table: 'Expresso Nitro(632657603)#0' 3-max (real money) Seat #1 is the button
Seat 1: _SKR (210)
Seat 2: Pipostar38 (180)
Seat 3: Warrior33 (510)
*** ANTE/BLINDS ***
Pipostar38 posts small blind 15
Warrior33 posts big blind 30
Dealt to _SKR [7s 9c]
*** PRE-FLOP *** 
_SKR folds
Pipostar38 calls 15
Warrior33 raises 480 to 510 and is all-in
Pipostar38 calls 150 and is all-in
*** FLOP *** [2s 2c 7d]
*** TURN *** [2s 2c 7d][Ks]
*** RIVER *** [2s 2c 7d Ks][Qs]
*** SHOW DOWN ***
Pipostar38 shows [6h Jh] (One pair : 2)
Warrior33 shows [Kc Td] (Two pairs : Kings and 2)
Warrior33 collected 690 from pot
*** SUMMARY ***
Total pot 690 | No rake
Board: [2s 2c 7d Ks Qs]
Seat 2: Pipostar38 (small blind) showed [6h Jh] and lost with One pair : 2
Seat 3: Warrior33 (big blind) showed [Kc Td] and won 690 with Two pairs : Kings and 2


Winamax Poker - Tournament "Expresso Nitro" buyIn: 0.93€ + 0.07€ level: 2 - HandId: #2717243714450751489-9-1676213808 - Holdem no limit (15/30) - 2023/02/12 14:56:48 UTC
Table: 'Expresso Nitro(632657603)#0' 3-max (real money) Seat #3 is the button
Seat 1: _SKR (210)
Seat 3: Warrior33 (690)
*** ANTE/BLINDS ***
Warrior33 posts small blind 15
_SKR posts big blind 30
Dealt to _SKR [6d 8s]
*** PRE-FLOP *** 
Warrior33 calls 15
_SKR checks
*** FLOP *** [3d Ad 5c]
_SKR checks
Warrior33 bets 30
_SKR folds
Warrior33 collected 90 from pot
*** SUMMARY ***
Total pot 90 | No rake
Board: [3d Ad 5c]
Seat 3: Warrior33 (small blind) (button) won 90


Winamax Poker - Tournament "Expresso Nitro" buyIn: 0.93€ + 0.07€ level: 3 - HandId: #2717243714450751489-10-1676213826 - Holdem no limit (20/40) - 2023/02/12 14:57:06 UTC
Table: 'Expresso Nitro(632657603)#0' 3-max (real money) Seat #1 is the button
Seat 1: _SKR (180)
Seat 3: Warrior33 (720)
*** ANTE/BLINDS ***
_SKR posts small blind 20
Warrior33 posts big blind 40
Dealt to _SKR [Qh Kh]
*** PRE-FLOP *** 
_SKR raises 140 to 180 and is all-in
Warrior33 calls 140
*** FLOP *** [Tc Jh 2d]
*** TURN *** [Tc Jh 2d][Js]
*** RIVER *** [Tc Jh 2d Js][7h]
*** SHOW DOWN ***
_SKR shows [Qh Kh] (One pair : Jacks)
Warrior33 shows [3c Ah] (One pair : Jacks)
Warrior33 collected 360 from pot
*** SUMMARY ***
Total pot 360 | No rake
Board: [Tc Jh 2d Js 7h]
Seat 1: _SKR (small blind) (button) showed [Qh Kh] and lost with One pair : Jacks
Seat 3: Warrior33 (big blind) showed [3c Ah] and won 360 with One pair : Jacks


