Winamax Poker - Tournament "Expresso Nitro" buyIn: 0.93€ + 0.07€ level: 1 - HandId: #2671082114622947329-1-1673530232 - Holdem no limit (10/20) - 2023/01/12 13:30:32 UTC
Table: 'Expresso Nitro(621909768)#0' 3-max (real money) Seat #3 is the button
Seat 1: ENZOZeus283 (300)
Seat 2: _SKR (300)
Seat 3: Dime59 (300)
*** ANTE/BLINDS ***
ENZOZeus283 posts small blind 10
_SKR posts big blind 20
Dealt to _SKR [As 4c]
*** PRE-FLOP *** 
Dime59 raises 280 to 300 and is all-in
ENZOZeus283 folds
_SKR folds
Dime59 collected 330 from pot
*** SUMMARY ***
Total pot 330 | No rake
Seat 3: Dime59 (button) won 330


Winamax Poker - Tournament "Expresso Nitro" buyIn: 0.93€ + 0.07€ level: 1 - HandId: #2671082114622947329-2-1673530243 - Holdem no limit (10/20) - 2023/01/12 13:30:43 UTC
Table: 'Expresso Nitro(621909768)#0' 3-max (real money) Seat #1 is the button
Seat 1: ENZOZeus283 (290)
Seat 2: _SKR (280)
Seat 3: Dime59 (330)
*** ANTE/BLINDS ***
_SKR posts small blind 10
Dime59 posts big blind 20
Dealt to _SKR [Tc 7s]
*** PRE-FLOP *** 
ENZOZeus283 calls 20
_SKR folds
Dime59 checks
*** FLOP *** [3c 3h Kh]
Dime59 checks
ENZOZeus283 checks
*** TURN *** [3c 3h Kh][9d]
Dime59 checks
ENZOZeus283 bets 20
Dime59 calls 20
*** RIVER *** [3c 3h Kh 9d][3d]
Dime59 checks
ENZOZeus283 bets 20
Dime59 calls 20
*** SHOW DOWN ***
Dime59 shows [9c 4d] (Full of 3 and 9)
ENZOZeus283 shows [3s 7d] (Quads of 3)
ENZOZeus283 collected 130 from pot
*** SUMMARY ***
Total pot 130 | No rake
Board: [3c 3h Kh 9d 3d]
Seat 1: ENZOZeus283 (button) showed [3s 7d] and won 130 with Quads of 3
Seat 3: Dime59 (big blind) showed [9c 4d] and lost with Full of 3 and 9


Winamax Poker - Tournament "Expresso Nitro" buyIn: 0.93€ + 0.07€ level: 1 - HandId: #2671082114622947329-3-1673530267 - Holdem no limit (10/20) - 2023/01/12 13:31:07 UTC
Table: 'Expresso Nitro(621909768)#0' 3-max (real money) Seat #2 is the button
Seat 1: ENZOZeus283 (360)
Seat 2: _SKR (270)
Seat 3: Dime59 (270)
*** ANTE/BLINDS ***
Dime59 posts small blind 10
ENZOZeus283 posts big blind 20
Dealt to _SKR [Td 9h]
*** PRE-FLOP *** 
_SKR folds
Dime59 raises 40 to 60
ENZOZeus283 calls 40
*** FLOP *** [6d 3d 2s]
Dime59 checks
ENZOZeus283 bets 20
Dime59 folds
ENZOZeus283 collected 140 from pot
*** SUMMARY ***
Total pot 140 | No rake
Board: [6d 3d 2s]
Seat 1: ENZOZeus283 (big blind) won 140


Winamax Poker - Tournament "Expresso Nitro" buyIn: 0.93€ + 0.07€ level: 1 - HandId: #2671082114622947329-4-1673530282 - Holdem no limit (10/20) - 2023/01/12 13:31:22 UTC
Table: 'Expresso Nitro(621909768)#0' 3-max (real money) Seat #3 is the button
Seat 1: ENZOZeus283 (420)
Seat 2: _SKR (270)
Seat 3: Dime59 (210)
*** ANTE/BLINDS ***
ENZOZeus283 posts small blind 10
_SKR posts big blind 20
Dealt to _SKR [Ts 9d]
*** PRE-FLOP *** 
Dime59 raises 190 to 210 and is all-in
ENZOZeus283 calls 200
_SKR folds
*** FLOP *** [Td Qs 3c]
*** TURN *** [Td Qs 3c][4h]
*** RIVER *** [Td Qs 3c 4h][8c]
*** SHOW DOWN ***
Dime59 shows [7c 7h] (One pair : 7)
ENZOZeus283 shows [8d Jh] (One pair : 8)
ENZOZeus283 collected 440 from pot
*** SUMMARY ***
Total pot 440 | No rake
Board: [Td Qs 3c 4h 8c]
Seat 1: ENZOZeus283 (small blind) showed [8d Jh] and won 440 with One pair : 8
Seat 3: Dime59 (button) showed [7c 7h] and lost with One pair : 7


Winamax Poker - Tournament "Expresso Nitro" buyIn: 0.93€ + 0.07€ level: 2 - HandId: #2671082114622947329-5-1673530297 - Holdem no limit (15/30) - 2023/01/12 13:31:37 UTC
Table: 'Expresso Nitro(621909768)#0' 3-max (real money) Seat #2 is the button
Seat 1: ENZOZeus283 (650)
Seat 2: _SKR (250)
*** ANTE/BLINDS ***
_SKR posts small blind 15
ENZOZeus283 posts big blind 30
Dealt to _SKR [Ts Qd]
*** PRE-FLOP *** 
_SKR raises 220 to 250 and is all-in
ENZOZeus283 calls 220
*** FLOP *** [8c Td 7c]
*** TURN *** [8c Td 7c][2c]
*** RIVER *** [8c Td 7c 2c][Kh]
*** SHOW DOWN ***
ENZOZeus283 shows [6s 5s] (High card : King)
_SKR shows [Ts Qd] (One pair : Tens)
_SKR collected 500 from pot
*** SUMMARY ***
Total pot 500 | No rake
Board: [8c Td 7c 2c Kh]
Seat 1: ENZOZeus283 (big blind) showed [6s 5s] and lost with High card : King
Seat 2: _SKR (small blind) (button) showed [Ts Qd] and won 500 with One pair : Tens


Winamax Poker - Tournament "Expresso Nitro" buyIn: 0.93€ + 0.07€ level: 2 - HandId: #2671082114622947329-6-1673530319 - Holdem no limit (15/30) - 2023/01/12 13:31:59 UTC
Table: 'Expresso Nitro(621909768)#0' 3-max (real money) Seat #1 is the button
Seat 1: ENZOZeus283 (400)
Seat 2: _SKR (500)
*** ANTE/BLINDS ***
ENZOZeus283 posts small blind 15
_SKR posts big blind 30
Dealt to _SKR [Kh 3d]
*** PRE-FLOP *** 
ENZOZeus283 calls 15
_SKR checks
*** FLOP *** [9s Qc 3c]
_SKR checks
ENZOZeus283 bets 30
_SKR folds
ENZOZeus283 collected 90 from pot
*** SUMMARY ***
Total pot 90 | No rake
Board: [9s Qc 3c]
Seat 1: ENZOZeus283 (small blind) (button) won 90


Winamax Poker - Tournament "Expresso Nitro" buyIn: 0.93€ + 0.07€ level: 2 - HandId: #2671082114622947329-7-1673530332 - Holdem no limit (15/30) - 2023/01/12 13:32:12 UTC
Table: 'Expresso Nitro(621909768)#0' 3-max (real money) Seat #2 is the button
Seat 1: ENZOZeus283 (430)
Seat 2: _SKR (470)
*** ANTE/BLINDS ***
_SKR posts small blind 15
ENZOZeus283 posts big blind 30
Dealt to _SKR [8d Tc]
*** PRE-FLOP *** 
_SKR folds
ENZOZeus283 collected 45 from pot
*** SUMMARY ***
Total pot 45 | No rake
Seat 1: ENZOZeus283 (big blind) won 45


Winamax Poker - Tournament "Expresso Nitro" buyIn: 0.93€ + 0.07€ level: 2 - HandId: #2671082114622947329-8-1673530346 - Holdem no limit (15/30) - 2023/01/12 13:32:26 UTC
Table: 'Expresso Nitro(621909768)#0' 3-max (real money) Seat #1 is the button
Seat 1: ENZOZeus283 (445)
Seat 2: _SKR (455)
*** ANTE/BLINDS ***
ENZOZeus283 posts small blind 15
_SKR posts big blind 30
Dealt to _SKR [Kc 6d]
*** PRE-FLOP *** 
ENZOZeus283 folds
_SKR collected 45 from pot
*** SUMMARY ***
Total pot 45 | No rake
Seat 2: _SKR (big blind) won 45


Winamax Poker - Tournament "Expresso Nitro" buyIn: 0.93€ + 0.07€ level: 3 - HandId: #2671082114622947329-9-1673530350 - Holdem no limit (20/40) - 2023/01/12 13:32:30 UTC
Table: 'Expresso Nitro(621909768)#0' 3-max (real money) Seat #2 is the button
Seat 1: ENZOZeus283 (430)
Seat 2: _SKR (470)
*** ANTE/BLINDS ***
_SKR posts small blind 20
ENZOZeus283 posts big blind 40
Dealt to _SKR [8c Th]
*** PRE-FLOP *** 
_SKR folds
ENZOZeus283 collected 60 from pot
*** SUMMARY ***
Total pot 60 | No rake
Seat 1: ENZOZeus283 (big blind) won 60


Winamax Poker - Tournament "Expresso Nitro" buyIn: 0.93€ + 0.07€ level: 3 - HandId: #2671082114622947329-10-1673530354 - Holdem no limit (20/40) - 2023/01/12 13:32:34 UTC
Table: 'Expresso Nitro(621909768)#0' 3-max (real money) Seat #1 is the button
Seat 1: ENZOZeus283 (450)
Seat 2: _SKR (450)
*** ANTE/BLINDS ***
ENZOZeus283 posts small blind 20
_SKR posts big blind 40
Dealt to _SKR [2c 3c]
*** PRE-FLOP *** 
ENZOZeus283 calls 20
_SKR checks
*** FLOP *** [4c Jc Qc]
_SKR bets 80
ENZOZeus283 calls 80
*** TURN *** [4c Jc Qc][8d]
_SKR bets 330 and is all-in
ENZOZeus283 calls 330 and is all-in
*** RIVER *** [4c Jc Qc 8d][Kh]
*** SHOW DOWN ***
ENZOZeus283 shows [Ks 9d] (One pair : Kings)
_SKR shows [2c 3c] (Flush Queen high)
_SKR collected 900 from pot
*** SUMMARY ***
Total pot 900 | No rake
Board: [4c Jc Qc 8d Kh]
Seat 1: ENZOZeus283 (small blind) (button) showed [Ks 9d] and lost with One pair : Kings
Seat 2: _SKR (big blind) showed [2c 3c] and won 900 with Flush Queen high


