Winamax Poker - Tournament "Expresso Nitro" buyIn: 1.86€ + 0.14€ level: 1 - HandId: #2696519492225204225-1-1675084724 - Holdem no limit (10/20) - 2023/01/30 13:18:44 UTC
Table: 'Expresso Nitro(627832369)#0' 3-max (real money) Seat #1 is the button
Seat 1: FuriusDONUTS (300)
Seat 2: _SKR (300)
Seat 3: Mikrakito (300)
*** ANTE/BLINDS ***
_SKR posts small blind 10
Mikrakito posts big blind 20
Dealt to _SKR [Jd Kc]
*** PRE-FLOP *** 
FuriusDONUTS folds
_SKR raises 20 to 40
Mikrakito calls 20
*** FLOP *** [3d 7s 7h]
_SKR checks
Mikrakito bets 80
_SKR folds
Mikrakito collected 160 from pot
*** SUMMARY ***
Total pot 160 | No rake
Board: [3d 7s 7h]
Seat 3: Mikrakito (big blind) won 160


Winamax Poker - Tournament "Expresso Nitro" buyIn: 1.86€ + 0.14€ level: 1 - HandId: #2696519492225204225-2-1675084737 - Holdem no limit (10/20) - 2023/01/30 13:18:57 UTC
Table: 'Expresso Nitro(627832369)#0' 3-max (real money) Seat #2 is the button
Seat 1: FuriusDONUTS (300)
Seat 2: _SKR (260)
Seat 3: Mikrakito (340)
*** ANTE/BLINDS ***
Mikrakito posts small blind 10
FuriusDONUTS posts big blind 20
Dealt to _SKR [Kh 7d]
*** PRE-FLOP *** 
_SKR folds
Mikrakito raises 320 to 340 and is all-in
FuriusDONUTS folds
Mikrakito collected 360 from pot
*** SUMMARY ***
Total pot 360 | No rake
Seat 3: Mikrakito (small blind) won 360


Winamax Poker - Tournament "Expresso Nitro" buyIn: 1.86€ + 0.14€ level: 1 - HandId: #2696519492225204225-3-1675084746 - Holdem no limit (10/20) - 2023/01/30 13:19:06 UTC
Table: 'Expresso Nitro(627832369)#0' 3-max (real money) Seat #3 is the button
Seat 1: FuriusDONUTS (280)
Seat 2: _SKR (260)
Seat 3: Mikrakito (360)
*** ANTE/BLINDS ***
FuriusDONUTS posts small blind 10
_SKR posts big blind 20
Dealt to _SKR [9s 4d]
*** PRE-FLOP *** 
Mikrakito folds
FuriusDONUTS calls 10
_SKR checks
*** FLOP *** [5c 4s Ad]
FuriusDONUTS bets 20
_SKR folds
FuriusDONUTS collected 60 from pot
*** SUMMARY ***
Total pot 60 | No rake
Board: [5c 4s Ad]
Seat 1: FuriusDONUTS (small blind) won 60


Winamax Poker - Tournament "Expresso Nitro" buyIn: 1.86€ + 0.14€ level: 1 - HandId: #2696519492225204225-4-1675084760 - Holdem no limit (10/20) - 2023/01/30 13:19:20 UTC
Table: 'Expresso Nitro(627832369)#0' 3-max (real money) Seat #1 is the button
Seat 1: FuriusDONUTS (300)
Seat 2: _SKR (240)
Seat 3: Mikrakito (360)
*** ANTE/BLINDS ***
_SKR posts small blind 10
Mikrakito posts big blind 20
Dealt to _SKR [5s 7h]
*** PRE-FLOP *** 
FuriusDONUTS raises 20 to 40
_SKR folds
Mikrakito calls 20
*** FLOP *** [2d 8s 3c]
Mikrakito checks
FuriusDONUTS bets 45
Mikrakito calls 45
*** TURN *** [2d 8s 3c][7d]
Mikrakito checks
FuriusDONUTS bets 215 and is all-in
Mikrakito folds
FuriusDONUTS collected 395 from pot
*** SUMMARY ***
Total pot 395 | No rake
Board: [2d 8s 3c 7d]
Seat 1: FuriusDONUTS (button) won 395


Winamax Poker - Tournament "Expresso Nitro" buyIn: 1.86€ + 0.14€ level: 2 - HandId: #2696519492225204225-5-1675084794 - Holdem no limit (15/30) - 2023/01/30 13:19:54 UTC
Table: 'Expresso Nitro(627832369)#0' 3-max (real money) Seat #2 is the button
Seat 1: FuriusDONUTS (395)
Seat 2: _SKR (230)
Seat 3: Mikrakito (275)
*** ANTE/BLINDS ***
Mikrakito posts small blind 15
FuriusDONUTS posts big blind 30
Dealt to _SKR [7d 2s]
*** PRE-FLOP *** 
_SKR folds
Mikrakito calls 15
FuriusDONUTS checks
*** FLOP *** [Jd 9s 3d]
Mikrakito bets 245 and is all-in
FuriusDONUTS folds
Mikrakito collected 305 from pot
*** SUMMARY ***
Total pot 305 | No rake
Board: [Jd 9s 3d]
Seat 3: Mikrakito (small blind) won 305


Winamax Poker - Tournament "Expresso Nitro" buyIn: 1.86€ + 0.14€ level: 2 - HandId: #2696519492225204225-6-1675084813 - Holdem no limit (15/30) - 2023/01/30 13:20:13 UTC
Table: 'Expresso Nitro(627832369)#0' 3-max (real money) Seat #3 is the button
Seat 1: FuriusDONUTS (365)
Seat 2: _SKR (230)
Seat 3: Mikrakito (305)
*** ANTE/BLINDS ***
FuriusDONUTS posts small blind 15
_SKR posts big blind 30
Dealt to _SKR [2d 2s]
*** PRE-FLOP *** 
Mikrakito folds
FuriusDONUTS folds
_SKR collected 45 from pot
*** SUMMARY ***
Total pot 45 | No rake
Seat 2: _SKR (big blind) won 45


Winamax Poker - Tournament "Expresso Nitro" buyIn: 1.86€ + 0.14€ level: 2 - HandId: #2696519492225204225-7-1675084817 - Holdem no limit (15/30) - 2023/01/30 13:20:17 UTC
Table: 'Expresso Nitro(627832369)#0' 3-max (real money) Seat #1 is the button
Seat 1: FuriusDONUTS (350)
Seat 2: _SKR (245)
Seat 3: Mikrakito (305)
*** ANTE/BLINDS ***
_SKR posts small blind 15
Mikrakito posts big blind 30
Dealt to _SKR [Qc 6d]
*** PRE-FLOP *** 
FuriusDONUTS raises 320 to 350 and is all-in
_SKR folds
Mikrakito folds
FuriusDONUTS collected 395 from pot
*** SUMMARY ***
Total pot 395 | No rake
Seat 1: FuriusDONUTS (button) won 395


Winamax Poker - Tournament "Expresso Nitro" buyIn: 1.86€ + 0.14€ level: 2 - HandId: #2696519492225204225-8-1675084825 - Holdem no limit (15/30) - 2023/01/30 13:20:25 UTC
Table: 'Expresso Nitro(627832369)#0' 3-max (real money) Seat #2 is the button
Seat 1: FuriusDONUTS (395)
Seat 2: _SKR (230)
Seat 3: Mikrakito (275)
*** ANTE/BLINDS ***
Mikrakito posts small blind 15
FuriusDONUTS posts big blind 30
Dealt to _SKR [Td Tc]
*** PRE-FLOP *** 
_SKR raises 200 to 230 and is all-in
Mikrakito raises 45 to 275 and is all-in
FuriusDONUTS folds
*** FLOP *** [Kh 6h Ac]
*** TURN *** [Kh 6h Ac][Qd]
*** RIVER *** [Kh 6h Ac Qd][5c]
*** SHOW DOWN ***
_SKR shows [Td Tc] (One pair : Tens)
Mikrakito shows [Ad Qc] (Two pairs : Aces and Queens)
Mikrakito collected 535 from pot
*** SUMMARY ***
Total pot 535 | No rake
Board: [Kh 6h Ac Qd 5c]
Seat 2: _SKR (button) showed [Td Tc] and lost with One pair : Tens
Seat 3: Mikrakito (small blind) showed [Ad Qc] and won 535 with Two pairs : Aces and Queens


