Winamax Poker - Tournament "Expresso Nitro" buyIn: 0.93€ + 0.07€ level: 1 - HandId: #2680040797927112705-1-1674049178 - Holdem no limit (10/20) - 2023/01/18 13:39:38 UTC
Table: 'Expresso Nitro(623995624)#0' 3-max (real money) Seat #2 is the button
Seat 1: Tubk29 (300)
Seat 2: wmx-hu60122 (300)
Seat 3: _SKR (300)
*** ANTE/BLINDS ***
_SKR posts small blind 10
Tubk29 posts big blind 20
Dealt to _SKR [7h Jd]
*** PRE-FLOP *** 
wmx-hu60122 calls 20
_SKR folds
Tubk29 checks
*** FLOP *** [7s 6s 4d]
Tubk29 bets 50
wmx-hu60122 folds
Tubk29 collected 100 from pot
*** SUMMARY ***
Total pot 100 | No rake
Board: [7s 6s 4d]
Seat 1: Tubk29 (big blind) won 100


Winamax Poker - Tournament "Expresso Nitro" buyIn: 0.93€ + 0.07€ level: 1 - HandId: #2680040797927112705-2-1674049192 - Holdem no limit (10/20) - 2023/01/18 13:39:52 UTC
Table: 'Expresso Nitro(623995624)#0' 3-max (real money) Seat #3 is the button
Seat 1: Tubk29 (330)
Seat 2: wmx-hu60122 (280)
Seat 3: _SKR (290)
*** ANTE/BLINDS ***
Tubk29 posts small blind 10
wmx-hu60122 posts big blind 20
Dealt to _SKR [Jc 6h]
*** PRE-FLOP *** 
_SKR folds
Tubk29 folds
wmx-hu60122 collected 30 from pot
*** SUMMARY ***
Total pot 30 | No rake
Seat 2: wmx-hu60122 (big blind) won 30


Winamax Poker - Tournament "Expresso Nitro" buyIn: 0.93€ + 0.07€ level: 1 - HandId: #2680040797927112705-3-1674049200 - Holdem no limit (10/20) - 2023/01/18 13:40:00 UTC
Table: 'Expresso Nitro(623995624)#0' 3-max (real money) Seat #1 is the button
Seat 1: Tubk29 (320)
Seat 2: wmx-hu60122 (290)
Seat 3: _SKR (290)
*** ANTE/BLINDS ***
wmx-hu60122 posts small blind 10
_SKR posts big blind 20
Dealt to _SKR [Ac 9c]
*** PRE-FLOP *** 
Tubk29 raises 40 to 60
wmx-hu60122 folds
_SKR raises 230 to 290 and is all-in
Tubk29 folds
_SKR collected 360 from pot
*** SUMMARY ***
Total pot 360 | No rake
Seat 3: _SKR (big blind) won 360


Winamax Poker - Tournament "Expresso Nitro" buyIn: 0.93€ + 0.07€ level: 1 - HandId: #2680040797927112705-4-1674049219 - Holdem no limit (10/20) - 2023/01/18 13:40:19 UTC
Table: 'Expresso Nitro(623995624)#0' 3-max (real money) Seat #2 is the button
Seat 1: Tubk29 (260)
Seat 2: wmx-hu60122 (280)
Seat 3: _SKR (360)
*** ANTE/BLINDS ***
_SKR posts small blind 10
Tubk29 posts big blind 20
Dealt to _SKR [Jc Qc]
*** PRE-FLOP *** 
wmx-hu60122 folds
_SKR raises 20 to 40
Tubk29 folds
_SKR collected 60 from pot
*** SUMMARY ***
Total pot 60 | No rake
Seat 3: _SKR (small blind) won 60


Winamax Poker - Tournament "Expresso Nitro" buyIn: 0.93€ + 0.07€ level: 2 - HandId: #2680040797927112705-5-1674049244 - Holdem no limit (15/30) - 2023/01/18 13:40:44 UTC
Table: 'Expresso Nitro(623995624)#0' 3-max (real money) Seat #3 is the button
Seat 1: Tubk29 (240)
Seat 2: wmx-hu60122 (280)
Seat 3: _SKR (380)
*** ANTE/BLINDS ***
Tubk29 posts small blind 15
wmx-hu60122 posts big blind 30
Dealt to _SKR [4c 2s]
*** PRE-FLOP *** 
_SKR folds
Tubk29 folds
wmx-hu60122 collected 45 from pot
*** SUMMARY ***
Total pot 45 | No rake
Seat 2: wmx-hu60122 (big blind) won 45


Winamax Poker - Tournament "Expresso Nitro" buyIn: 0.93€ + 0.07€ level: 2 - HandId: #2680040797927112705-6-1674049258 - Holdem no limit (15/30) - 2023/01/18 13:40:58 UTC
Table: 'Expresso Nitro(623995624)#0' 3-max (real money) Seat #1 is the button
Seat 1: Tubk29 (225)
Seat 2: wmx-hu60122 (295)
Seat 3: _SKR (380)
*** ANTE/BLINDS ***
wmx-hu60122 posts small blind 15
_SKR posts big blind 30
Dealt to _SKR [Ah 6s]
*** PRE-FLOP *** 
Tubk29 raises 60 to 90
wmx-hu60122 folds
_SKR folds
Tubk29 collected 135 from pot
*** SUMMARY ***
Total pot 135 | No rake
Seat 1: Tubk29 (button) won 135


Winamax Poker - Tournament "Expresso Nitro" buyIn: 0.93€ + 0.07€ level: 2 - HandId: #2680040797927112705-7-1674049269 - Holdem no limit (15/30) - 2023/01/18 13:41:09 UTC
Table: 'Expresso Nitro(623995624)#0' 3-max (real money) Seat #2 is the button
Seat 1: Tubk29 (270)
Seat 2: wmx-hu60122 (280)
Seat 3: _SKR (350)
*** ANTE/BLINDS ***
_SKR posts small blind 15
Tubk29 posts big blind 30
Dealt to _SKR [Th 2h]
*** PRE-FLOP *** 
wmx-hu60122 folds
_SKR folds
Tubk29 collected 45 from pot
*** SUMMARY ***
Total pot 45 | No rake
Seat 1: Tubk29 (big blind) won 45


Winamax Poker - Tournament "Expresso Nitro" buyIn: 0.93€ + 0.07€ level: 2 - HandId: #2680040797927112705-8-1674049286 - Holdem no limit (15/30) - 2023/01/18 13:41:26 UTC
Table: 'Expresso Nitro(623995624)#0' 3-max (real money) Seat #3 is the button
Seat 1: Tubk29 (285)
Seat 2: wmx-hu60122 (280)
Seat 3: _SKR (335)
*** ANTE/BLINDS ***
Tubk29 posts small blind 15
wmx-hu60122 posts big blind 30
Dealt to _SKR [Jh Ah]
*** PRE-FLOP *** 
_SKR raises 305 to 335 and is all-in
Tubk29 calls 270 and is all-in
wmx-hu60122 folds
*** FLOP *** [4d 8s 8c]
*** TURN *** [4d 8s 8c][Tc]
*** RIVER *** [4d 8s 8c Tc][3c]
*** SHOW DOWN ***
Tubk29 shows [6h Ac] (One pair : 8)
_SKR shows [Jh Ah] (One pair : 8)
_SKR collected 650 from pot
*** SUMMARY ***
Total pot 650 | No rake
Board: [4d 8s 8c Tc 3c]
Seat 1: Tubk29 (small blind) showed [6h Ac] and lost with One pair : 8
Seat 3: _SKR (button) showed [Jh Ah] and won 650 with One pair : 8


Winamax Poker - Tournament "Expresso Nitro" buyIn: 0.93€ + 0.07€ level: 3 - HandId: #2680040797927112705-9-1674049301 - Holdem no limit (20/40) - 2023/01/18 13:41:41 UTC
Table: 'Expresso Nitro(623995624)#0' 3-max (real money) Seat #2 is the button
Seat 2: wmx-hu60122 (250)
Seat 3: _SKR (650)
*** ANTE/BLINDS ***
wmx-hu60122 posts small blind 20
_SKR posts big blind 40
Dealt to _SKR [Th Qs]
*** PRE-FLOP *** 
wmx-hu60122 folds
_SKR collected 60 from pot
*** SUMMARY ***
Total pot 60 | No rake
Seat 3: _SKR (big blind) won 60


Winamax Poker - Tournament "Expresso Nitro" buyIn: 0.93€ + 0.07€ level: 3 - HandId: #2680040797927112705-10-1674049305 - Holdem no limit (20/40) - 2023/01/18 13:41:45 UTC
Table: 'Expresso Nitro(623995624)#0' 3-max (real money) Seat #3 is the button
Seat 2: wmx-hu60122 (230)
Seat 3: _SKR (670)
*** ANTE/BLINDS ***
_SKR posts small blind 20
wmx-hu60122 posts big blind 40
Dealt to _SKR [9d Ad]
*** PRE-FLOP *** 
_SKR raises 630 to 670 and is all-in
wmx-hu60122 calls 190 and is all-in
*** FLOP *** [As 7c 5c]
*** TURN *** [As 7c 5c][4d]
*** RIVER *** [As 7c 5c 4d][9h]
*** SHOW DOWN ***
wmx-hu60122 shows [8d Ac] (One pair : Aces)
_SKR shows [9d Ad] (Two pairs : Aces and 9)
_SKR collected 900 from pot
*** SUMMARY ***
Total pot 900 | No rake
Board: [As 7c 5c 4d 9h]
Seat 2: wmx-hu60122 (big blind) showed [8d Ac] and lost with One pair : Aces
Seat 3: _SKR (small blind) (button) showed [9d Ad] and won 900 with Two pairs : Aces and 9


