Winamax Poker - Tournament "Expresso Nitro" buyIn: 1.86€ + 0.14€ level: 1 - HandId: #2698168510558765057-1-1675183851 - Holdem no limit (10/20) - 2023/01/31 16:50:51 UTC
Table: 'Expresso Nitro(628216311)#0' 3-max (real money) Seat #2 is the button
Seat 1: _SKR (300)
Seat 2: Tahitiboy680 (300)
Seat 3: Gatoconbota (300)
*** ANTE/BLINDS ***
Gatoconbota posts small blind 10
_SKR posts big blind 20
Dealt to _SKR [4h 2s]
*** PRE-FLOP *** 
Tahitiboy680 folds
Gatoconbota raises 25 to 45
_SKR folds
Gatoconbota collected 65 from pot
*** SUMMARY ***
Total pot 65 | No rake
Seat 3: Gatoconbota (small blind) won 65


Winamax Poker - Tournament "Expresso Nitro" buyIn: 1.86€ + 0.14€ level: 1 - HandId: #2698168510558765057-2-1675183866 - Holdem no limit (10/20) - 2023/01/31 16:51:06 UTC
Table: 'Expresso Nitro(628216311)#0' 3-max (real money) Seat #3 is the button
Seat 1: _SKR (280)
Seat 2: Tahitiboy680 (300)
Seat 3: Gatoconbota (320)
*** ANTE/BLINDS ***
_SKR posts small blind 10
Tahitiboy680 posts big blind 20
Dealt to _SKR [Ks 7h]
*** PRE-FLOP *** 
Gatoconbota folds
_SKR raises 20 to 40
Tahitiboy680 calls 20
*** FLOP *** [Qs 3h Th]
_SKR checks
Tahitiboy680 bets 20
_SKR folds
Tahitiboy680 collected 100 from pot
*** SUMMARY ***
Total pot 100 | No rake
Board: [Qs 3h Th]
Seat 2: Tahitiboy680 (big blind) won 100


Winamax Poker - Tournament "Expresso Nitro" buyIn: 1.86€ + 0.14€ level: 1 - HandId: #2698168510558765057-3-1675183882 - Holdem no limit (10/20) - 2023/01/31 16:51:22 UTC
Table: 'Expresso Nitro(628216311)#0' 3-max (real money) Seat #1 is the button
Seat 1: _SKR (240)
Seat 2: Tahitiboy680 (340)
Seat 3: Gatoconbota (320)
*** ANTE/BLINDS ***
Tahitiboy680 posts small blind 10
Gatoconbota posts big blind 20
Dealt to _SKR [Ad Ts]
*** PRE-FLOP *** 
_SKR raises 220 to 240 and is all-in
Tahitiboy680 calls 230
Gatoconbota folds
*** FLOP *** [3d 8c 4h]
*** TURN *** [3d 8c 4h][Qc]
*** RIVER *** [3d 8c 4h Qc][Jc]
*** SHOW DOWN ***
_SKR shows [Ad Ts] (High card : Ace)
Tahitiboy680 shows [As Tc] (High card : Ace)
Tahitiboy680 collected 250 from pot
_SKR collected 250 from pot
*** SUMMARY ***
Total pot 500 | No rake
Board: [3d 8c 4h Qc Jc]
Seat 1: _SKR (button) showed [Ad Ts] and won 250 with High card : Ace
Seat 2: Tahitiboy680 (small blind) showed [As Tc] and won 250 with High card : Ace


Winamax Poker - Tournament "Expresso Nitro" buyIn: 1.86€ + 0.14€ level: 1 - HandId: #2698168510558765057-4-1675183903 - Holdem no limit (10/20) - 2023/01/31 16:51:43 UTC
Table: 'Expresso Nitro(628216311)#0' 3-max (real money) Seat #2 is the button
Seat 1: _SKR (250)
Seat 2: Tahitiboy680 (350)
Seat 3: Gatoconbota (300)
*** ANTE/BLINDS ***
Gatoconbota posts small blind 10
_SKR posts big blind 20
Dealt to _SKR [7h Th]
*** PRE-FLOP *** 
Tahitiboy680 calls 20
Gatoconbota raises 25 to 45
_SKR folds
Tahitiboy680 calls 25
*** FLOP *** [2c 6c 3s]
Gatoconbota checks
Tahitiboy680 checks
*** TURN *** [2c 6c 3s][5h]
Gatoconbota checks
Tahitiboy680 checks
*** RIVER *** [2c 6c 3s 5h][Ks]
Gatoconbota checks
Tahitiboy680 bets 20
Gatoconbota calls 20
*** SHOW DOWN ***
Gatoconbota shows [Jc 9s] (High card : King)
Tahitiboy680 shows [Kd As] (One pair : Kings)
Tahitiboy680 collected 150 from pot
*** SUMMARY ***
Total pot 150 | No rake
Board: [2c 6c 3s 5h Ks]
Seat 2: Tahitiboy680 (button) showed [Kd As] and won 150 with One pair : Kings
Seat 3: Gatoconbota (small blind) showed [Jc 9s] and lost with High card : King


Winamax Poker - Tournament "Expresso Nitro" buyIn: 1.86€ + 0.14€ level: 2 - HandId: #2698168510558765057-5-1675183952 - Holdem no limit (15/30) - 2023/01/31 16:52:32 UTC
Table: 'Expresso Nitro(628216311)#0' 3-max (real money) Seat #3 is the button
Seat 1: _SKR (230)
Seat 2: Tahitiboy680 (435)
Seat 3: Gatoconbota (235)
*** ANTE/BLINDS ***
_SKR posts small blind 15
Tahitiboy680 posts big blind 30
Dealt to _SKR [Js Ad]
*** PRE-FLOP *** 
Gatoconbota raises 205 to 235 and is all-in
_SKR calls 215 and is all-in
Tahitiboy680 folds
*** FLOP *** [5c 7d Jd]
*** TURN *** [5c 7d Jd][4s]
*** RIVER *** [5c 7d Jd 4s][4c]
*** SHOW DOWN ***
_SKR shows [Js Ad] (Two pairs : Jacks and 4)
Gatoconbota shows [9c 9s] (Two pairs : 9 and 4)
Gatoconbota collected 5 from side pot 1
_SKR collected 490 from main pot
*** SUMMARY ***
Total pot 495 | No rake
Board: [5c 7d Jd 4s 4c]
Seat 1: _SKR (small blind) showed [Js Ad] and won 490 with Two pairs : Jacks and 4
Seat 3: Gatoconbota (button) showed [9c 9s] and won 5 with Two pairs : 9 and 4


Winamax Poker - Tournament "Expresso Nitro" buyIn: 1.86€ + 0.14€ level: 3 - HandId: #2698168510558765057-6-1675183967 - Holdem no limit (20/40) - 2023/01/31 16:52:47 UTC
Table: 'Expresso Nitro(628216311)#0' 3-max (real money) Seat #1 is the button
Seat 1: _SKR (490)
Seat 2: Tahitiboy680 (405)
Seat 3: Gatoconbota (5)
*** ANTE/BLINDS ***
Tahitiboy680 posts small blind 20
Gatoconbota posts big blind 5 and is all-in
Dealt to _SKR [4h 2s]
*** PRE-FLOP *** 
_SKR folds
*** FLOP *** [Td 9h 8h]
*** TURN *** [Td 9h 8h][2d]
*** RIVER *** [Td 9h 8h 2d][6d]
*** SHOW DOWN ***
Tahitiboy680 shows [Kd 9s] (One pair : 9)
Gatoconbota shows [Ts Jc] (One pair : Tens)
Gatoconbota collected 10 from main pot
Tahitiboy680 collected 15 from side pot 1
*** SUMMARY ***
Total pot 25 | No rake
Board: [Td 9h 8h 2d 6d]
Seat 2: Tahitiboy680 (small blind) showed [Kd 9s] and won 15 with One pair : 9
Seat 3: Gatoconbota (big blind) showed [Ts Jc] and won 10 with One pair : Tens


Winamax Poker - Tournament "Expresso Nitro" buyIn: 1.86€ + 0.14€ level: 3 - HandId: #2698168510558765057-7-1675183977 - Holdem no limit (20/40) - 2023/01/31 16:52:57 UTC
Table: 'Expresso Nitro(628216311)#0' 3-max (real money) Seat #2 is the button
Seat 1: _SKR (490)
Seat 2: Tahitiboy680 (400)
Seat 3: Gatoconbota (10)
*** ANTE/BLINDS ***
Gatoconbota posts small blind 10 and is all-in
_SKR posts big blind 40
Dealt to _SKR [5c Jh]
*** PRE-FLOP *** 
Tahitiboy680 calls 40
_SKR checks
*** FLOP *** [4d Td Jc]
_SKR checks
Tahitiboy680 checks
*** TURN *** [4d Td Jc][Jd]
_SKR bets 45
Tahitiboy680 calls 45
*** RIVER *** [4d Td Jc Jd][5h]
_SKR bets 90
Tahitiboy680 calls 90
*** SHOW DOWN ***
Tahitiboy680 shows [9c Ts] (Two pairs : Jacks and Tens)
Gatoconbota shows [2d Ad] (Flush Ace high)
_SKR shows [5c Jh] (Full of Jacks and 5)
_SKR collected 360 from pot
*** SUMMARY ***
Total pot 360 | No rake
Board: [4d Td Jc Jd 5h]
Seat 1: _SKR (big blind) showed [5c Jh] and won 360 with Full of Jacks and 5
Seat 2: Tahitiboy680 (button) showed [9c Ts] and lost with Two pairs : Jacks and Tens
Seat 3: Gatoconbota (small blind) showed [2d Ad] and lost with Flush Ace high


Winamax Poker - Tournament "Expresso Nitro" buyIn: 1.86€ + 0.14€ level: 3 - HandId: #2698168510558765057-8-1675184015 - Holdem no limit (20/40) - 2023/01/31 16:53:35 UTC
Table: 'Expresso Nitro(628216311)#0' 3-max (real money) Seat #1 is the button
Seat 1: _SKR (675)
Seat 2: Tahitiboy680 (225)
*** ANTE/BLINDS ***
_SKR posts small blind 20
Tahitiboy680 posts big blind 40
Dealt to _SKR [9s Ah]
*** PRE-FLOP *** 
_SKR raises 635 to 675 and is all-in
Tahitiboy680 calls 185 and is all-in
*** FLOP *** [Kd 3d 8h]
*** TURN *** [Kd 3d 8h][6s]
*** RIVER *** [Kd 3d 8h 6s][2s]
*** SHOW DOWN ***
_SKR shows [9s Ah] (High card : Ace)
Tahitiboy680 shows [3c 5c] (One pair : 3)
Tahitiboy680 collected 450 from main pot
_SKR collected 450 from side pot 1
*** SUMMARY ***
Total pot 900 | No rake
Board: [Kd 3d 8h 6s 2s]
Seat 1: _SKR (small blind) (button) showed [9s Ah] and won 450 with High card : Ace
Seat 2: Tahitiboy680 (big blind) showed [3c 5c] and won 450 with One pair : 3


Winamax Poker - Tournament "Expresso Nitro" buyIn: 1.86€ + 0.14€ level: 4 - HandId: #2698168510558765057-9-1675184028 - Holdem no limit (30/60) - 2023/01/31 16:53:48 UTC
Table: 'Expresso Nitro(628216311)#0' 3-max (real money) Seat #2 is the button
Seat 1: _SKR (450)
Seat 2: Tahitiboy680 (450)
*** ANTE/BLINDS ***
Tahitiboy680 posts small blind 30
_SKR posts big blind 60
Dealt to _SKR [5c Qc]
*** PRE-FLOP *** 
Tahitiboy680 folds
_SKR collected 90 from pot
*** SUMMARY ***
Total pot 90 | No rake
Seat 1: _SKR (big blind) won 90


Winamax Poker - Tournament "Expresso Nitro" buyIn: 1.86€ + 0.14€ level: 4 - HandId: #2698168510558765057-10-1675184032 - Holdem no limit (30/60) - 2023/01/31 16:53:52 UTC
Table: 'Expresso Nitro(628216311)#0' 3-max (real money) Seat #1 is the button
Seat 1: _SKR (480)
Seat 2: Tahitiboy680 (420)
*** ANTE/BLINDS ***
_SKR posts small blind 30
Tahitiboy680 posts big blind 60
Dealt to _SKR [Jd Ac]
*** PRE-FLOP *** 
_SKR raises 420 to 480 and is all-in
Tahitiboy680 folds
_SKR collected 540 from pot
*** SUMMARY ***
Total pot 540 | No rake
Seat 1: _SKR (small blind) (button) won 540


Winamax Poker - Tournament "Expresso Nitro" buyIn: 1.86€ + 0.14€ level: 4 - HandId: #2698168510558765057-11-1675184043 - Holdem no limit (30/60) - 2023/01/31 16:54:03 UTC
Table: 'Expresso Nitro(628216311)#0' 3-max (real money) Seat #2 is the button
Seat 1: _SKR (540)
Seat 2: Tahitiboy680 (360)
*** ANTE/BLINDS ***
Tahitiboy680 posts small blind 30
_SKR posts big blind 60
Dealt to _SKR [8c 7s]
*** PRE-FLOP *** 
Tahitiboy680 calls 30
_SKR checks
*** FLOP *** [6c Qs Jh]
_SKR checks
Tahitiboy680 checks
*** TURN *** [6c Qs Jh][3h]
_SKR checks
Tahitiboy680 checks
*** RIVER *** [6c Qs Jh 3h][2s]
_SKR checks
Tahitiboy680 bets 60
_SKR folds
Tahitiboy680 collected 180 from pot
*** SUMMARY ***
Total pot 180 | No rake
Board: [6c Qs Jh 3h 2s]
Seat 2: Tahitiboy680 (small blind) (button) won 180


Winamax Poker - Tournament "Expresso Nitro" buyIn: 1.86€ + 0.14€ level: 4 - HandId: #2698168510558765057-12-1675184081 - Holdem no limit (30/60) - 2023/01/31 16:54:41 UTC
Table: 'Expresso Nitro(628216311)#0' 3-max (real money) Seat #1 is the button
Seat 1: _SKR (480)
Seat 2: Tahitiboy680 (420)
*** ANTE/BLINDS ***
_SKR posts small blind 30
Tahitiboy680 posts big blind 60
Dealt to _SKR [Kc 5h]
*** PRE-FLOP *** 
_SKR raises 420 to 480 and is all-in
Tahitiboy680 calls 360 and is all-in
*** FLOP *** [5c Qc 5s]
*** TURN *** [5c Qc 5s][Jh]
*** RIVER *** [5c Qc 5s Jh][3d]
*** SHOW DOWN ***
Tahitiboy680 shows [Ah Th] (One pair : 5)
_SKR shows [Kc 5h] (Trips of 5)
_SKR collected 900 from pot
*** SUMMARY ***
Total pot 900 | No rake
Board: [5c Qc 5s Jh 3d]
Seat 1: _SKR (small blind) (button) showed [Kc 5h] and won 900 with Trips of 5
Seat 2: Tahitiboy680 (big blind) showed [Ah Th] and lost with One pair : 5


