Winamax Poker - Tournament "Expresso Nitro" buyIn: 1.86€ + 0.14€ level: 1 - HandId: #2694793065696067585-1-1674957814 - Holdem no limit (10/20) - 2023/01/29 02:03:34 UTC
Table: 'Expresso Nitro(627430404)#0' 3-max (real money) Seat #3 is the button
Seat 1: MihaiSonea (300)
Seat 2: _SKR (300)
Seat 3: Cartophane (300)
*** ANTE/BLINDS ***
MihaiSonea posts small blind 10
_SKR posts big blind 20
Dealt to _SKR [4s 5s]
*** PRE-FLOP *** 
Cartophane raises 20 to 40
MihaiSonea calls 30
_SKR calls 20
*** FLOP *** [2c 7s 2h]
MihaiSonea checks
_SKR checks
Cartophane checks
*** TURN *** [2c 7s 2h][Jc]
MihaiSonea checks
_SKR checks
Cartophane checks
*** RIVER *** [2c 7s 2h Jc][Td]
MihaiSonea bets 78
_SKR folds
Cartophane folds
MihaiSonea collected 198 from pot
*** SUMMARY ***
Total pot 198 | No rake
Board: [2c 7s 2h Jc Td]
Seat 1: MihaiSonea (small blind) won 198


Winamax Poker - Tournament "Expresso Nitro" buyIn: 1.86€ + 0.14€ level: 1 - HandId: #2694793065696067585-2-1674957847 - Holdem no limit (10/20) - 2023/01/29 02:04:07 UTC
Table: 'Expresso Nitro(627430404)#0' 3-max (real money) Seat #1 is the button
Seat 1: MihaiSonea (380)
Seat 2: _SKR (260)
Seat 3: Cartophane (260)
*** ANTE/BLINDS ***
_SKR posts small blind 10
Cartophane posts big blind 20
Dealt to _SKR [Jd 9c]
*** PRE-FLOP *** 
MihaiSonea folds
_SKR calls 10
Cartophane raises 240 to 260 and is all-in
_SKR folds
Cartophane collected 280 from pot
*** SUMMARY ***
Total pot 280 | No rake
Seat 3: Cartophane (big blind) won 280


Winamax Poker - Tournament "Expresso Nitro" buyIn: 1.86€ + 0.14€ level: 1 - HandId: #2694793065696067585-3-1674957857 - Holdem no limit (10/20) - 2023/01/29 02:04:17 UTC
Table: 'Expresso Nitro(627430404)#0' 3-max (real money) Seat #2 is the button
Seat 1: MihaiSonea (380)
Seat 2: _SKR (240)
Seat 3: Cartophane (280)
*** ANTE/BLINDS ***
Cartophane posts small blind 10
MihaiSonea posts big blind 20
Dealt to _SKR [Qc Tc]
*** PRE-FLOP *** 
_SKR raises 20 to 40
Cartophane folds
MihaiSonea folds
_SKR collected 70 from pot
*** SUMMARY ***
Total pot 70 | No rake
Seat 2: _SKR (button) won 70


Winamax Poker - Tournament "Expresso Nitro" buyIn: 1.86€ + 0.14€ level: 1 - HandId: #2694793065696067585-4-1674957867 - Holdem no limit (10/20) - 2023/01/29 02:04:27 UTC
Table: 'Expresso Nitro(627430404)#0' 3-max (real money) Seat #3 is the button
Seat 1: MihaiSonea (360)
Seat 2: _SKR (270)
Seat 3: Cartophane (270)
*** ANTE/BLINDS ***
MihaiSonea posts small blind 10
_SKR posts big blind 20
Dealt to _SKR [2h 7h]
*** PRE-FLOP *** 
Cartophane folds
MihaiSonea calls 10
_SKR checks
*** FLOP *** [Ad 9s 9h]
MihaiSonea checks
_SKR checks
*** TURN *** [Ad 9s 9h][2s]
MihaiSonea checks
_SKR checks
*** RIVER *** [Ad 9s 9h 2s][8c]
MihaiSonea checks
_SKR checks
*** SHOW DOWN ***
MihaiSonea shows [Ks Tc] (One pair : 9)
_SKR shows [2h 7h] (Two pairs : 9 and 2)
_SKR collected 40 from pot
*** SUMMARY ***
Total pot 40 | No rake
Board: [Ad 9s 9h 2s 8c]
Seat 1: MihaiSonea (small blind) showed [Ks Tc] and lost with One pair : 9
Seat 2: _SKR (big blind) showed [2h 7h] and won 40 with Two pairs : 9 and 2


Winamax Poker - Tournament "Expresso Nitro" buyIn: 1.86€ + 0.14€ level: 2 - HandId: #2694793065696067585-5-1674957898 - Holdem no limit (15/30) - 2023/01/29 02:04:58 UTC
Table: 'Expresso Nitro(627430404)#0' 3-max (real money) Seat #1 is the button
Seat 1: MihaiSonea (340)
Seat 2: _SKR (290)
Seat 3: Cartophane (270)
*** ANTE/BLINDS ***
_SKR posts small blind 15
Cartophane posts big blind 30
Dealt to _SKR [4c 7h]
*** PRE-FLOP *** 
MihaiSonea folds
_SKR folds
Cartophane collected 45 from pot
*** SUMMARY ***
Total pot 45 | No rake
Seat 3: Cartophane (big blind) won 45


Winamax Poker - Tournament "Expresso Nitro" buyIn: 1.86€ + 0.14€ level: 2 - HandId: #2694793065696067585-6-1674957906 - Holdem no limit (15/30) - 2023/01/29 02:05:06 UTC
Table: 'Expresso Nitro(627430404)#0' 3-max (real money) Seat #2 is the button
Seat 1: MihaiSonea (340)
Seat 2: _SKR (275)
Seat 3: Cartophane (285)
*** ANTE/BLINDS ***
Cartophane posts small blind 15
MihaiSonea posts big blind 30
Dealt to _SKR [3d 8s]
*** PRE-FLOP *** 
_SKR folds
Cartophane calls 15
MihaiSonea checks
*** FLOP *** [7d Jc 4h]
Cartophane checks
MihaiSonea checks
*** TURN *** [7d Jc 4h][Jh]
Cartophane bets 39
MihaiSonea folds
Cartophane collected 99 from pot
*** SUMMARY ***
Total pot 99 | No rake
Board: [7d Jc 4h Jh]
Seat 3: Cartophane (small blind) won 99


Winamax Poker - Tournament "Expresso Nitro" buyIn: 1.86€ + 0.14€ level: 3 - HandId: #2694793065696067585-7-1674957938 - Holdem no limit (20/40) - 2023/01/29 02:05:38 UTC
Table: 'Expresso Nitro(627430404)#0' 3-max (real money) Seat #3 is the button
Seat 1: MihaiSonea (310)
Seat 2: _SKR (275)
Seat 3: Cartophane (315)
*** ANTE/BLINDS ***
MihaiSonea posts small blind 20
_SKR posts big blind 40
Dealt to _SKR [9s 8c]
*** PRE-FLOP *** 
Cartophane folds
MihaiSonea calls 20
_SKR raises 235 to 275 and is all-in
MihaiSonea folds
_SKR collected 315 from pot
*** SUMMARY ***
Total pot 315 | No rake
Seat 2: _SKR (big blind) won 315


Winamax Poker - Tournament "Expresso Nitro" buyIn: 1.86€ + 0.14€ level: 3 - HandId: #2694793065696067585-8-1674957952 - Holdem no limit (20/40) - 2023/01/29 02:05:52 UTC
Table: 'Expresso Nitro(627430404)#0' 3-max (real money) Seat #1 is the button
Seat 1: MihaiSonea (270)
Seat 2: _SKR (315)
Seat 3: Cartophane (315)
*** ANTE/BLINDS ***
_SKR posts small blind 20
Cartophane posts big blind 40
Dealt to _SKR [4d Ks]
*** PRE-FLOP *** 
MihaiSonea folds
_SKR raises 275 to 315 and is all-in
Cartophane folds
_SKR collected 355 from pot
*** SUMMARY ***
Total pot 355 | No rake
Seat 2: _SKR (small blind) won 355


Winamax Poker - Tournament "Expresso Nitro" buyIn: 1.86€ + 0.14€ level: 3 - HandId: #2694793065696067585-9-1674957961 - Holdem no limit (20/40) - 2023/01/29 02:06:01 UTC
Table: 'Expresso Nitro(627430404)#0' 3-max (real money) Seat #2 is the button
Seat 1: MihaiSonea (270)
Seat 2: _SKR (355)
Seat 3: Cartophane (275)
*** ANTE/BLINDS ***
Cartophane posts small blind 20
MihaiSonea posts big blind 40
Dealt to _SKR [Tc 7s]
*** PRE-FLOP *** 
_SKR folds
Cartophane calls 20
MihaiSonea checks
*** FLOP *** [2s 7c 3d]
Cartophane checks
MihaiSonea bets 52
Cartophane calls 52
*** TURN *** [2s 7c 3d][Qh]
Cartophane checks
MihaiSonea bets 40
Cartophane folds
MihaiSonea collected 224 from pot
*** SUMMARY ***
Total pot 224 | No rake
Board: [2s 7c 3d Qh]
Seat 1: MihaiSonea (big blind) won 224


Winamax Poker - Tournament "Expresso Nitro" buyIn: 1.86€ + 0.14€ level: 3 - HandId: #2694793065696067585-10-1674957981 - Holdem no limit (20/40) - 2023/01/29 02:06:21 UTC
Table: 'Expresso Nitro(627430404)#0' 3-max (real money) Seat #3 is the button
Seat 1: MihaiSonea (362)
Seat 2: _SKR (355)
Seat 3: Cartophane (183)
*** ANTE/BLINDS ***
MihaiSonea posts small blind 20
_SKR posts big blind 40
Dealt to _SKR [5h Js]
*** PRE-FLOP *** 
Cartophane folds
MihaiSonea raises 40 to 80
_SKR folds
MihaiSonea collected 120 from pot
*** SUMMARY ***
Total pot 120 | No rake
Seat 1: MihaiSonea (small blind) won 120


Winamax Poker - Tournament "Expresso Nitro" buyIn: 1.86€ + 0.14€ level: 3 - HandId: #2694793065696067585-11-1674957989 - Holdem no limit (20/40) - 2023/01/29 02:06:29 UTC
Table: 'Expresso Nitro(627430404)#0' 3-max (real money) Seat #1 is the button
Seat 1: MihaiSonea (402)
Seat 2: _SKR (315)
Seat 3: Cartophane (183)
*** ANTE/BLINDS ***
_SKR posts small blind 20
Cartophane posts big blind 40
Dealt to _SKR [Qc 9s]
*** PRE-FLOP *** 
MihaiSonea folds
_SKR raises 275 to 315 and is all-in
Cartophane folds
_SKR collected 355 from pot
*** SUMMARY ***
Total pot 355 | No rake
Seat 2: _SKR (small blind) won 355


Winamax Poker - Tournament "Expresso Nitro" buyIn: 1.86€ + 0.14€ level: 4 - HandId: #2694793065696067585-12-1674957997 - Holdem no limit (30/60) - 2023/01/29 02:06:37 UTC
Table: 'Expresso Nitro(627430404)#0' 3-max (real money) Seat #2 is the button
Seat 1: MihaiSonea (402)
Seat 2: _SKR (355)
Seat 3: Cartophane (143)
*** ANTE/BLINDS ***
Cartophane posts small blind 30
MihaiSonea posts big blind 60
Dealt to _SKR [6h Qh]
*** PRE-FLOP *** 
_SKR raises 295 to 355 and is all-in
Cartophane calls 113 and is all-in
MihaiSonea folds
*** FLOP *** [7h Ks 9c]
*** TURN *** [7h Ks 9c][Jd]
*** RIVER *** [7h Ks 9c Jd][4h]
*** SHOW DOWN ***
_SKR shows [6h Qh] (High card : King)
Cartophane shows [Jc 5c] (One pair : Jacks)
Cartophane collected 346 from main pot
_SKR collected 212 from side pot 1
*** SUMMARY ***
Total pot 558 | No rake
Board: [7h Ks 9c Jd 4h]
Seat 2: _SKR (button) showed [6h Qh] and won 212 with High card : King
Seat 3: Cartophane (small blind) showed [Jc 5c] and won 346 with One pair : Jacks


Winamax Poker - Tournament "Expresso Nitro" buyIn: 1.86€ + 0.14€ level: 4 - HandId: #2694793065696067585-13-1674958012 - Holdem no limit (30/60) - 2023/01/29 02:06:52 UTC
Table: 'Expresso Nitro(627430404)#0' 3-max (real money) Seat #3 is the button
Seat 1: MihaiSonea (342)
Seat 2: _SKR (212)
Seat 3: Cartophane (346)
*** ANTE/BLINDS ***
MihaiSonea posts small blind 30
_SKR posts big blind 60
Dealt to _SKR [Tc 3d]
*** PRE-FLOP *** 
Cartophane raises 60 to 120
MihaiSonea raises 222 to 342 and is all-in
_SKR folds
Cartophane calls 222
*** FLOP *** [3h 2c 3c]
*** TURN *** [3h 2c 3c][4c]
*** RIVER *** [3h 2c 3c 4c][Kd]
*** SHOW DOWN ***
MihaiSonea shows [9c Ad] (One pair : 3)
Cartophane shows [Qc Qs] (Two pairs : Queens and 3)
Cartophane collected 744 from pot
*** SUMMARY ***
Total pot 744 | No rake
Board: [3h 2c 3c 4c Kd]
Seat 1: MihaiSonea (small blind) showed [9c Ad] and lost with One pair : 3
Seat 3: Cartophane (button) showed [Qc Qs] and won 744 with Two pairs : Queens and 3


Winamax Poker - Tournament "Expresso Nitro" buyIn: 1.86€ + 0.14€ level: 4 - HandId: #2694793065696067585-14-1674958028 - Holdem no limit (30/60) - 2023/01/29 02:07:08 UTC
Table: 'Expresso Nitro(627430404)#0' 3-max (real money) Seat #2 is the button
Seat 2: _SKR (152)
Seat 3: Cartophane (748)
*** ANTE/BLINDS ***
_SKR posts small blind 30
Cartophane posts big blind 60
Dealt to _SKR [6d 4h]
*** PRE-FLOP *** 
_SKR folds
Cartophane collected 90 from pot
*** SUMMARY ***
Total pot 90 | No rake
Seat 3: Cartophane (big blind) won 90


Winamax Poker - Tournament "Expresso Nitro" buyIn: 1.86€ + 0.14€ level: 4 - HandId: #2694793065696067585-15-1674958033 - Holdem no limit (30/60) - 2023/01/29 02:07:13 UTC
Table: 'Expresso Nitro(627430404)#0' 3-max (real money) Seat #3 is the button
Seat 2: _SKR (122)
Seat 3: Cartophane (778)
*** ANTE/BLINDS ***
Cartophane posts small blind 30
_SKR posts big blind 60
Dealt to _SKR [Td 5s]
*** PRE-FLOP *** 
Cartophane raises 60 to 120
_SKR raises 2 to 122 and is all-in
Cartophane calls 2
*** FLOP *** [6d 4c 2s]
*** TURN *** [6d 4c 2s][9d]
*** RIVER *** [6d 4c 2s 9d][Js]
*** SHOW DOWN ***
Cartophane shows [8s 5d] (High card : Jack)
_SKR shows [Td 5s] (High card : Jack)
_SKR collected 244 from pot
*** SUMMARY ***
Total pot 244 | No rake
Board: [6d 4c 2s 9d Js]
Seat 2: _SKR (big blind) showed [Td 5s] and won 244 with High card : Jack
Seat 3: Cartophane (small blind) (button) showed [8s 5d] and lost with High card : Jack


Winamax Poker - Tournament "Expresso Nitro" buyIn: 1.86€ + 0.14€ level: 5 - HandId: #2694793065696067585-16-1674958050 - Holdem no limit (40/80) - 2023/01/29 02:07:30 UTC
Table: 'Expresso Nitro(627430404)#0' 3-max (real money) Seat #2 is the button
Seat 2: _SKR (244)
Seat 3: Cartophane (656)
*** ANTE/BLINDS ***
_SKR posts small blind 40
Cartophane posts big blind 80
Dealt to _SKR [6h 9d]
*** PRE-FLOP *** 
_SKR raises 164 to 244 and is all-in
Cartophane folds
_SKR collected 324 from pot
*** SUMMARY ***
Total pot 324 | No rake
Seat 2: _SKR (small blind) (button) won 324


Winamax Poker - Tournament "Expresso Nitro" buyIn: 1.86€ + 0.14€ level: 5 - HandId: #2694793065696067585-17-1674958061 - Holdem no limit (40/80) - 2023/01/29 02:07:41 UTC
Table: 'Expresso Nitro(627430404)#0' 3-max (real money) Seat #3 is the button
Seat 2: _SKR (324)
Seat 3: Cartophane (576)
*** ANTE/BLINDS ***
Cartophane posts small blind 40
_SKR posts big blind 80
Dealt to _SKR [2d 2c]
*** PRE-FLOP *** 
Cartophane folds
_SKR collected 120 from pot
*** SUMMARY ***
Total pot 120 | No rake
Seat 2: _SKR (big blind) won 120


Winamax Poker - Tournament "Expresso Nitro" buyIn: 1.86€ + 0.14€ level: 5 - HandId: #2694793065696067585-18-1674958064 - Holdem no limit (40/80) - 2023/01/29 02:07:44 UTC
Table: 'Expresso Nitro(627430404)#0' 3-max (real money) Seat #2 is the button
Seat 2: _SKR (364)
Seat 3: Cartophane (536)
*** ANTE/BLINDS ***
_SKR posts small blind 40
Cartophane posts big blind 80
Dealt to _SKR [5c 3h]
*** PRE-FLOP *** 
_SKR folds
Cartophane collected 120 from pot
*** SUMMARY ***
Total pot 120 | No rake
Seat 3: Cartophane (big blind) won 120


Winamax Poker - Tournament "Expresso Nitro" buyIn: 1.86€ + 0.14€ level: 5 - HandId: #2694793065696067585-19-1674958068 - Holdem no limit (40/80) - 2023/01/29 02:07:48 UTC
Table: 'Expresso Nitro(627430404)#0' 3-max (real money) Seat #3 is the button
Seat 2: _SKR (324)
Seat 3: Cartophane (576)
*** ANTE/BLINDS ***
Cartophane posts small blind 40
_SKR posts big blind 80
Dealt to _SKR [4h 7d]
*** PRE-FLOP *** 
Cartophane raises 496 to 576 and is all-in
_SKR folds
Cartophane collected 656 from pot
*** SUMMARY ***
Total pot 656 | No rake
Seat 3: Cartophane (small blind) (button) won 656


Winamax Poker - Tournament "Expresso Nitro" buyIn: 1.86€ + 0.14€ level: 5 - HandId: #2694793065696067585-20-1674958075 - Holdem no limit (40/80) - 2023/01/29 02:07:55 UTC
Table: 'Expresso Nitro(627430404)#0' 3-max (real money) Seat #2 is the button
Seat 2: _SKR (244)
Seat 3: Cartophane (656)
*** ANTE/BLINDS ***
_SKR posts small blind 40
Cartophane posts big blind 80
Dealt to _SKR [9d Ah]
*** PRE-FLOP *** 
_SKR raises 164 to 244 and is all-in
Cartophane folds
_SKR collected 324 from pot
*** SUMMARY ***
Total pot 324 | No rake
Seat 2: _SKR (small blind) (button) won 324


Winamax Poker - Tournament "Expresso Nitro" buyIn: 1.86€ + 0.14€ level: 5 - HandId: #2694793065696067585-21-1674958086 - Holdem no limit (40/80) - 2023/01/29 02:08:06 UTC
Table: 'Expresso Nitro(627430404)#0' 3-max (real money) Seat #3 is the button
Seat 2: _SKR (324)
Seat 3: Cartophane (576)
*** ANTE/BLINDS ***
Cartophane posts small blind 40
_SKR posts big blind 80
Dealt to _SKR [5h 8h]
*** PRE-FLOP *** 
Cartophane raises 80 to 160
_SKR folds
Cartophane collected 240 from pot
*** SUMMARY ***
Total pot 240 | No rake
Seat 3: Cartophane (small blind) (button) won 240


Winamax Poker - Tournament "Expresso Nitro" buyIn: 1.86€ + 0.14€ level: 5 - HandId: #2694793065696067585-22-1674958098 - Holdem no limit (40/80) - 2023/01/29 02:08:18 UTC
Table: 'Expresso Nitro(627430404)#0' 3-max (real money) Seat #2 is the button
Seat 2: _SKR (244)
Seat 3: Cartophane (656)
*** ANTE/BLINDS ***
_SKR posts small blind 40
Cartophane posts big blind 80
Dealt to _SKR [6h 9c]
*** PRE-FLOP *** 
_SKR raises 164 to 244 and is all-in
Cartophane folds
_SKR collected 324 from pot
*** SUMMARY ***
Total pot 324 | No rake
Seat 2: _SKR (small blind) (button) won 324


Winamax Poker - Tournament "Expresso Nitro" buyIn: 1.86€ + 0.14€ level: 5 - HandId: #2694793065696067585-23-1674958108 - Holdem no limit (40/80) - 2023/01/29 02:08:28 UTC
Table: 'Expresso Nitro(627430404)#0' 3-max (real money) Seat #3 is the button
Seat 2: _SKR (324)
Seat 3: Cartophane (576)
*** ANTE/BLINDS ***
Cartophane posts small blind 40
_SKR posts big blind 80
Dealt to _SKR [9d 6s]
*** PRE-FLOP *** 
Cartophane folds
_SKR collected 120 from pot
*** SUMMARY ***
Total pot 120 | No rake
Seat 2: _SKR (big blind) won 120


Winamax Poker - Tournament "Expresso Nitro" buyIn: 1.86€ + 0.14€ level: 6 - HandId: #2694793065696067585-24-1674958113 - Holdem no limit (50/100) - 2023/01/29 02:08:33 UTC
Table: 'Expresso Nitro(627430404)#0' 3-max (real money) Seat #2 is the button
Seat 2: _SKR (364)
Seat 3: Cartophane (536)
*** ANTE/BLINDS ***
_SKR posts small blind 50
Cartophane posts big blind 100
Dealt to _SKR [6d Kc]
*** PRE-FLOP *** 
_SKR raises 264 to 364 and is all-in
Cartophane folds
_SKR collected 464 from pot
*** SUMMARY ***
Total pot 464 | No rake
Seat 2: _SKR (small blind) (button) won 464


Winamax Poker - Tournament "Expresso Nitro" buyIn: 1.86€ + 0.14€ level: 6 - HandId: #2694793065696067585-25-1674958121 - Holdem no limit (50/100) - 2023/01/29 02:08:41 UTC
Table: 'Expresso Nitro(627430404)#0' 3-max (real money) Seat #3 is the button
Seat 2: _SKR (464)
Seat 3: Cartophane (436)
*** ANTE/BLINDS ***
Cartophane posts small blind 50
_SKR posts big blind 100
Dealt to _SKR [Jc Jd]
*** PRE-FLOP *** 
Cartophane raises 336 to 436 and is all-in
_SKR calls 336
*** FLOP *** [3h 5c 5d]
*** TURN *** [3h 5c 5d][6h]
*** RIVER *** [3h 5c 5d 6h][8d]
*** SHOW DOWN ***
Cartophane shows [Js Td] (One pair : 5)
_SKR shows [Jc Jd] (Two pairs : Jacks and 5)
_SKR collected 872 from pot
*** SUMMARY ***
Total pot 872 | No rake
Board: [3h 5c 5d 6h 8d]
Seat 2: _SKR (big blind) showed [Jc Jd] and won 872 with Two pairs : Jacks and 5
Seat 3: Cartophane (small blind) (button) showed [Js Td] and lost with One pair : 5


