Winamax Poker - Tournament "Expresso Nitro" buyIn: 0.93€ + 0.07€ level: 1 - HandId: #2692535240043266049-1-1674829352 - Holdem no limit (10/20) - 2023/01/27 14:22:32 UTC
Table: 'Expresso Nitro(626904713)#0' 3-max (real money) Seat #2 is the button
Seat 1: 4LIA (300)
Seat 2: _SKR (300)
Seat 3: Saykod (300)
*** ANTE/BLINDS ***
Saykod posts small blind 10
4LIA posts big blind 20
Dealt to _SKR [Td 2d]
*** PRE-FLOP *** 
_SKR folds
Saykod calls 10
4LIA raises 280 to 300 and is all-in
Saykod folds
4LIA collected 320 from pot
*** SUMMARY ***
Total pot 320 | No rake
Seat 1: 4LIA (big blind) won 320


Winamax Poker - Tournament "Expresso Nitro" buyIn: 0.93€ + 0.07€ level: 1 - HandId: #2692535240043266049-2-1674829364 - Holdem no limit (10/20) - 2023/01/27 14:22:44 UTC
Table: 'Expresso Nitro(626904713)#0' 3-max (real money) Seat #3 is the button
Seat 1: 4LIA (320)
Seat 2: _SKR (300)
Seat 3: Saykod (280)
*** ANTE/BLINDS ***
4LIA posts small blind 10
_SKR posts big blind 20
Dealt to _SKR [8c Ks]
*** PRE-FLOP *** 
Saykod folds
4LIA raises 300 to 320 and is all-in
_SKR folds
4LIA collected 340 from pot
*** SUMMARY ***
Total pot 340 | No rake
Seat 1: 4LIA (small blind) won 340


Winamax Poker - Tournament "Expresso Nitro" buyIn: 0.93€ + 0.07€ level: 1 - HandId: #2692535240043266049-3-1674829372 - Holdem no limit (10/20) - 2023/01/27 14:22:52 UTC
Table: 'Expresso Nitro(626904713)#0' 3-max (real money) Seat #1 is the button
Seat 1: 4LIA (340)
Seat 2: _SKR (280)
Seat 3: Saykod (280)
*** ANTE/BLINDS ***
_SKR posts small blind 10
Saykod posts big blind 20
Dealt to _SKR [Ts 3s]
*** PRE-FLOP *** 
4LIA folds
_SKR folds
Saykod collected 30 from pot
*** SUMMARY ***
Total pot 30 | No rake
Seat 3: Saykod (big blind) won 30


Winamax Poker - Tournament "Expresso Nitro" buyIn: 0.93€ + 0.07€ level: 1 - HandId: #2692535240043266049-4-1674829381 - Holdem no limit (10/20) - 2023/01/27 14:23:01 UTC
Table: 'Expresso Nitro(626904713)#0' 3-max (real money) Seat #2 is the button
Seat 1: 4LIA (340)
Seat 2: _SKR (270)
Seat 3: Saykod (290)
*** ANTE/BLINDS ***
Saykod posts small blind 10
4LIA posts big blind 20
Dealt to _SKR [Kh 8h]
*** PRE-FLOP *** 
_SKR raises 20 to 40
Saykod raises 250 to 290 and is all-in
4LIA folds
_SKR folds
Saykod collected 350 from pot
*** SUMMARY ***
Total pot 350 | No rake
Seat 3: Saykod (small blind) won 350


Winamax Poker - Tournament "Expresso Nitro" buyIn: 0.93€ + 0.07€ level: 1 - HandId: #2692535240043266049-5-1674829395 - Holdem no limit (10/20) - 2023/01/27 14:23:15 UTC
Table: 'Expresso Nitro(626904713)#0' 3-max (real money) Seat #3 is the button
Seat 1: 4LIA (320)
Seat 2: _SKR (230)
Seat 3: Saykod (350)
*** ANTE/BLINDS ***
4LIA posts small blind 10
_SKR posts big blind 20
Dealt to _SKR [Jc 8c]
*** PRE-FLOP *** 
Saykod folds
4LIA folds
_SKR collected 30 from pot
*** SUMMARY ***
Total pot 30 | No rake
Seat 2: _SKR (big blind) won 30


Winamax Poker - Tournament "Expresso Nitro" buyIn: 0.93€ + 0.07€ level: 1 - HandId: #2692535240043266049-6-1674829401 - Holdem no limit (10/20) - 2023/01/27 14:23:21 UTC
Table: 'Expresso Nitro(626904713)#0' 3-max (real money) Seat #1 is the button
Seat 1: 4LIA (310)
Seat 2: _SKR (240)
Seat 3: Saykod (350)
*** ANTE/BLINDS ***
_SKR posts small blind 10
Saykod posts big blind 20
Dealt to _SKR [9s 7s]
*** PRE-FLOP *** 
4LIA raises 290 to 310 and is all-in
_SKR folds
Saykod folds
4LIA collected 340 from pot
*** SUMMARY ***
Total pot 340 | No rake
Seat 1: 4LIA (button) won 340


Winamax Poker - Tournament "Expresso Nitro" buyIn: 0.93€ + 0.07€ level: 2 - HandId: #2692535240043266049-7-1674829410 - Holdem no limit (15/30) - 2023/01/27 14:23:30 UTC
Table: 'Expresso Nitro(626904713)#0' 3-max (real money) Seat #2 is the button
Seat 1: 4LIA (340)
Seat 2: _SKR (230)
Seat 3: Saykod (330)
*** ANTE/BLINDS ***
Saykod posts small blind 15
4LIA posts big blind 30
Dealt to _SKR [8c 9h]
*** PRE-FLOP *** 
_SKR folds
Saykod calls 15
4LIA checks
*** FLOP *** [5s 7s 6d]
Saykod bets 30
4LIA calls 30
*** TURN *** [5s 7s 6d][2c]
Saykod bets 60
4LIA folds
Saykod collected 180 from pot
*** SUMMARY ***
Total pot 180 | No rake
Board: [5s 7s 6d 2c]
Seat 3: Saykod (small blind) won 180


Winamax Poker - Tournament "Expresso Nitro" buyIn: 0.93€ + 0.07€ level: 2 - HandId: #2692535240043266049-8-1674829445 - Holdem no limit (15/30) - 2023/01/27 14:24:05 UTC
Table: 'Expresso Nitro(626904713)#0' 3-max (real money) Seat #3 is the button
Seat 1: 4LIA (280)
Seat 2: _SKR (230)
Seat 3: Saykod (390)
*** ANTE/BLINDS ***
4LIA posts small blind 15
_SKR posts big blind 30
Dealt to _SKR [Kh 6h]
*** PRE-FLOP *** 
Saykod raises 360 to 390 and is all-in
4LIA folds
_SKR folds
Saykod collected 435 from pot
*** SUMMARY ***
Total pot 435 | No rake
Seat 3: Saykod (button) won 435


Winamax Poker - Tournament "Expresso Nitro" buyIn: 0.93€ + 0.07€ level: 2 - HandId: #2692535240043266049-9-1674829459 - Holdem no limit (15/30) - 2023/01/27 14:24:19 UTC
Table: 'Expresso Nitro(626904713)#0' 3-max (real money) Seat #1 is the button
Seat 1: 4LIA (265)
Seat 2: _SKR (200)
Seat 3: Saykod (435)
*** ANTE/BLINDS ***
_SKR posts small blind 15
Saykod posts big blind 30
Dealt to _SKR [3h Jh]
*** PRE-FLOP *** 
4LIA raises 235 to 265 and is all-in
_SKR folds
Saykod folds
4LIA collected 310 from pot
*** SUMMARY ***
Total pot 310 | No rake
Seat 1: 4LIA (button) won 310


Winamax Poker - Tournament "Expresso Nitro" buyIn: 0.93€ + 0.07€ level: 3 - HandId: #2692535240043266049-10-1674829468 - Holdem no limit (20/40) - 2023/01/27 14:24:28 UTC
Table: 'Expresso Nitro(626904713)#0' 3-max (real money) Seat #2 is the button
Seat 1: 4LIA (310)
Seat 2: _SKR (185)
Seat 3: Saykod (405)
*** ANTE/BLINDS ***
Saykod posts small blind 20
4LIA posts big blind 40
Dealt to _SKR [Th Qh]
*** PRE-FLOP *** 
_SKR raises 145 to 185 and is all-in
Saykod folds
4LIA folds
_SKR collected 245 from pot
*** SUMMARY ***
Total pot 245 | No rake
Seat 2: _SKR (button) won 245


Winamax Poker - Tournament "Expresso Nitro" buyIn: 0.93€ + 0.07€ level: 3 - HandId: #2692535240043266049-11-1674829478 - Holdem no limit (20/40) - 2023/01/27 14:24:38 UTC
Table: 'Expresso Nitro(626904713)#0' 3-max (real money) Seat #3 is the button
Seat 1: 4LIA (270)
Seat 2: _SKR (245)
Seat 3: Saykod (385)
*** ANTE/BLINDS ***
4LIA posts small blind 20
_SKR posts big blind 40
Dealt to _SKR [Js Ah]
*** PRE-FLOP *** 
Saykod calls 40
4LIA raises 230 to 270 and is all-in
_SKR calls 205 and is all-in
Saykod folds
*** FLOP *** [7s Qd 9s]
*** TURN *** [7s Qd 9s][Ks]
*** RIVER *** [7s Qd 9s Ks][As]
*** SHOW DOWN ***
4LIA shows [3d 5d] (High card : Ace)
_SKR shows [Js Ah] (Flush Ace high)
_SKR collected 530 from main pot
4LIA collected 25 from side pot 1
*** SUMMARY ***
Total pot 555 | No rake
Board: [7s Qd 9s Ks As]
Seat 1: 4LIA (small blind) showed [3d 5d] and won 25 with High card : Ace
Seat 2: _SKR (big blind) showed [Js Ah] and won 530 with Flush Ace high


Winamax Poker - Tournament "Expresso Nitro" buyIn: 0.93€ + 0.07€ level: 3 - HandId: #2692535240043266049-12-1674829497 - Holdem no limit (20/40) - 2023/01/27 14:24:57 UTC
Table: 'Expresso Nitro(626904713)#0' 3-max (real money) Seat #1 is the button
Seat 1: 4LIA (25)
Seat 2: _SKR (530)
Seat 3: Saykod (345)
*** ANTE/BLINDS ***
_SKR posts small blind 20
Saykod posts big blind 40
Dealt to _SKR [3h Ks]
*** PRE-FLOP *** 
4LIA calls 25 and is all-in
_SKR folds
*** FLOP *** [4c Kd 7c]
*** TURN *** [4c Kd 7c][Jd]
*** RIVER *** [4c Kd 7c Jd][8h]
*** SHOW DOWN ***
4LIA shows [7s Kc] (Two pairs : Kings and 7)
Saykod shows [4d Qh] (One pair : 4)
Saykod collected 15 from side pot 1
4LIA collected 70 from main pot
*** SUMMARY ***
Total pot 85 | No rake
Board: [4c Kd 7c Jd 8h]
Seat 1: 4LIA (button) showed [7s Kc] and won 70 with Two pairs : Kings and 7
Seat 3: Saykod (big blind) showed [4d Qh] and won 15 with One pair : 4


Winamax Poker - Tournament "Expresso Nitro" buyIn: 0.93€ + 0.07€ level: 3 - HandId: #2692535240043266049-13-1674829511 - Holdem no limit (20/40) - 2023/01/27 14:25:11 UTC
Table: 'Expresso Nitro(626904713)#0' 3-max (real money) Seat #2 is the button
Seat 1: 4LIA (70)
Seat 2: _SKR (510)
Seat 3: Saykod (320)
*** ANTE/BLINDS ***
Saykod posts small blind 20
4LIA posts big blind 40
Dealt to _SKR [9s 6c]
*** PRE-FLOP *** 
_SKR folds
Saykod calls 20
4LIA checks
*** FLOP *** [2c 4d Ks]
Saykod checks
4LIA bets 30 and is all-in
Saykod folds
4LIA collected 110 from pot
*** SUMMARY ***
Total pot 110 | No rake
Board: [2c 4d Ks]
Seat 1: 4LIA (big blind) won 110


Winamax Poker - Tournament "Expresso Nitro" buyIn: 0.93€ + 0.07€ level: 4 - HandId: #2692535240043266049-14-1674829544 - Holdem no limit (30/60) - 2023/01/27 14:25:44 UTC
Table: 'Expresso Nitro(626904713)#0' 3-max (real money) Seat #3 is the button
Seat 1: 4LIA (110)
Seat 2: _SKR (510)
Seat 3: Saykod (280)
*** ANTE/BLINDS ***
4LIA posts small blind 30
_SKR posts big blind 60
Dealt to _SKR [Kd Jd]
*** PRE-FLOP *** 
Saykod calls 60
4LIA raises 50 to 110 and is all-in
_SKR raises 400 to 510 and is all-in
Saykod folds
*** FLOP *** [Qc 8s 9s]
*** TURN *** [Qc 8s 9s][2d]
*** RIVER *** [Qc 8s 9s 2d][Jh]
*** SHOW DOWN ***
4LIA shows [Ks 8h] (One pair : 8)
_SKR shows [Kd Jd] (One pair : Jacks)
_SKR collected 680 from pot
*** SUMMARY ***
Total pot 680 | No rake
Board: [Qc 8s 9s 2d Jh]
Seat 1: 4LIA (small blind) showed [Ks 8h] and lost with One pair : 8
Seat 2: _SKR (big blind) showed [Kd Jd] and won 680 with One pair : Jacks


Winamax Poker - Tournament "Expresso Nitro" buyIn: 0.93€ + 0.07€ level: 4 - HandId: #2692535240043266049-15-1674829563 - Holdem no limit (30/60) - 2023/01/27 14:26:03 UTC
Table: 'Expresso Nitro(626904713)#0' 3-max (real money) Seat #2 is the button
Seat 2: _SKR (680)
Seat 3: Saykod (220)
*** ANTE/BLINDS ***
_SKR posts small blind 30
Saykod posts big blind 60
Dealt to _SKR [3d Ac]
*** PRE-FLOP *** 
_SKR raises 620 to 680 and is all-in
Saykod folds
_SKR collected 740 from pot
*** SUMMARY ***
Total pot 740 | No rake
Seat 2: _SKR (small blind) (button) won 740


Winamax Poker - Tournament "Expresso Nitro" buyIn: 0.93€ + 0.07€ level: 4 - HandId: #2692535240043266049-16-1674829569 - Holdem no limit (30/60) - 2023/01/27 14:26:09 UTC
Table: 'Expresso Nitro(626904713)#0' 3-max (real money) Seat #3 is the button
Seat 2: _SKR (740)
Seat 3: Saykod (160)
*** ANTE/BLINDS ***
Saykod posts small blind 30
_SKR posts big blind 60
Dealt to _SKR [4h Ac]
*** PRE-FLOP *** 
Saykod raises 100 to 160 and is all-in
_SKR calls 100
*** FLOP *** [Ks 8s 3s]
*** TURN *** [Ks 8s 3s][5h]
*** RIVER *** [Ks 8s 3s 5h][5s]
*** SHOW DOWN ***
_SKR shows [4h Ac] (One pair : 5)
Saykod shows [3d Kc] (Two pairs : Kings and 5)
Saykod collected 320 from pot
*** SUMMARY ***
Total pot 320 | No rake
Board: [Ks 8s 3s 5h 5s]
Seat 2: _SKR (big blind) showed [4h Ac] and lost with One pair : 5
Seat 3: Saykod (small blind) (button) showed [3d Kc] and won 320 with Two pairs : Kings and 5


Winamax Poker - Tournament "Expresso Nitro" buyIn: 0.93€ + 0.07€ level: 4 - HandId: #2692535240043266049-17-1674829584 - Holdem no limit (30/60) - 2023/01/27 14:26:24 UTC
Table: 'Expresso Nitro(626904713)#0' 3-max (real money) Seat #2 is the button
Seat 2: _SKR (580)
Seat 3: Saykod (320)
*** ANTE/BLINDS ***
_SKR posts small blind 30
Saykod posts big blind 60
Dealt to _SKR [Ts Ks]
*** PRE-FLOP *** 
_SKR raises 520 to 580 and is all-in
Saykod folds
_SKR collected 640 from pot
*** SUMMARY ***
Total pot 640 | No rake
Seat 2: _SKR (small blind) (button) won 640


Winamax Poker - Tournament "Expresso Nitro" buyIn: 0.93€ + 0.07€ level: 5 - HandId: #2692535240043266049-18-1674829597 - Holdem no limit (40/80) - 2023/01/27 14:26:37 UTC
Table: 'Expresso Nitro(626904713)#0' 3-max (real money) Seat #3 is the button
Seat 2: _SKR (640)
Seat 3: Saykod (260)
*** ANTE/BLINDS ***
Saykod posts small blind 40
_SKR posts big blind 80
Dealt to _SKR [7d Ks]
*** PRE-FLOP *** 
Saykod raises 180 to 260 and is all-in
_SKR calls 180
*** FLOP *** [9s 7c Qd]
*** TURN *** [9s 7c Qd][2c]
*** RIVER *** [9s 7c Qd 2c][6h]
*** SHOW DOWN ***
_SKR shows [7d Ks] (One pair : 7)
Saykod shows [8c Qh] (One pair : Queens)
Saykod collected 520 from pot
*** SUMMARY ***
Total pot 520 | No rake
Board: [9s 7c Qd 2c 6h]
Seat 2: _SKR (big blind) showed [7d Ks] and lost with One pair : 7
Seat 3: Saykod (small blind) (button) showed [8c Qh] and won 520 with One pair : Queens


Winamax Poker - Tournament "Expresso Nitro" buyIn: 0.93€ + 0.07€ level: 5 - HandId: #2692535240043266049-19-1674829612 - Holdem no limit (40/80) - 2023/01/27 14:26:52 UTC
Table: 'Expresso Nitro(626904713)#0' 3-max (real money) Seat #2 is the button
Seat 2: _SKR (380)
Seat 3: Saykod (520)
*** ANTE/BLINDS ***
_SKR posts small blind 40
Saykod posts big blind 80
Dealt to _SKR [Jh 4h]
*** PRE-FLOP *** 
_SKR raises 300 to 380 and is all-in
Saykod folds
_SKR collected 460 from pot
*** SUMMARY ***
Total pot 460 | No rake
Seat 2: _SKR (small blind) (button) won 460


Winamax Poker - Tournament "Expresso Nitro" buyIn: 0.93€ + 0.07€ level: 5 - HandId: #2692535240043266049-20-1674829619 - Holdem no limit (40/80) - 2023/01/27 14:26:59 UTC
Table: 'Expresso Nitro(626904713)#0' 3-max (real money) Seat #3 is the button
Seat 2: _SKR (460)
Seat 3: Saykod (440)
*** ANTE/BLINDS ***
Saykod posts small blind 40
_SKR posts big blind 80
Dealt to _SKR [6h Qc]
*** PRE-FLOP *** 
Saykod raises 360 to 440 and is all-in
_SKR folds
Saykod collected 520 from pot
*** SUMMARY ***
Total pot 520 | No rake
Seat 3: Saykod (small blind) (button) won 520


Winamax Poker - Tournament "Expresso Nitro" buyIn: 0.93€ + 0.07€ level: 5 - HandId: #2692535240043266049-21-1674829624 - Holdem no limit (40/80) - 2023/01/27 14:27:04 UTC
Table: 'Expresso Nitro(626904713)#0' 3-max (real money) Seat #2 is the button
Seat 2: _SKR (380)
Seat 3: Saykod (520)
*** ANTE/BLINDS ***
_SKR posts small blind 40
Saykod posts big blind 80
Dealt to _SKR [7h 9d]
*** PRE-FLOP *** 
_SKR raises 300 to 380 and is all-in
Saykod folds
_SKR collected 460 from pot
*** SUMMARY ***
Total pot 460 | No rake
Seat 2: _SKR (small blind) (button) won 460


Winamax Poker - Tournament "Expresso Nitro" buyIn: 0.93€ + 0.07€ level: 5 - HandId: #2692535240043266049-22-1674829635 - Holdem no limit (40/80) - 2023/01/27 14:27:15 UTC
Table: 'Expresso Nitro(626904713)#0' 3-max (real money) Seat #3 is the button
Seat 2: _SKR (460)
Seat 3: Saykod (440)
*** ANTE/BLINDS ***
Saykod posts small blind 40
_SKR posts big blind 80
Dealt to _SKR [Qd Jc]
*** PRE-FLOP *** 
Saykod folds
_SKR collected 120 from pot
*** SUMMARY ***
Total pot 120 | No rake
Seat 2: _SKR (big blind) won 120


Winamax Poker - Tournament "Expresso Nitro" buyIn: 0.93€ + 0.07€ level: 5 - HandId: #2692535240043266049-23-1674829639 - Holdem no limit (40/80) - 2023/01/27 14:27:19 UTC
Table: 'Expresso Nitro(626904713)#0' 3-max (real money) Seat #2 is the button
Seat 2: _SKR (500)
Seat 3: Saykod (400)
*** ANTE/BLINDS ***
_SKR posts small blind 40
Saykod posts big blind 80
Dealt to _SKR [Jh 5s]
*** PRE-FLOP *** 
_SKR folds
Saykod collected 120 from pot
*** SUMMARY ***
Total pot 120 | No rake
Seat 3: Saykod (big blind) won 120


Winamax Poker - Tournament "Expresso Nitro" buyIn: 0.93€ + 0.07€ level: 5 - HandId: #2692535240043266049-24-1674829642 - Holdem no limit (40/80) - 2023/01/27 14:27:22 UTC
Table: 'Expresso Nitro(626904713)#0' 3-max (real money) Seat #3 is the button
Seat 2: _SKR (460)
Seat 3: Saykod (440)
*** ANTE/BLINDS ***
Saykod posts small blind 40
_SKR posts big blind 80
Dealt to _SKR [Ad Kc]
*** PRE-FLOP *** 
Saykod raises 360 to 440 and is all-in
_SKR calls 360
*** FLOP *** [Qs 6s 4h]
*** TURN *** [Qs 6s 4h][8d]
*** RIVER *** [Qs 6s 4h 8d][9d]
*** SHOW DOWN ***
_SKR shows [Ad Kc] (High card : Ace)
Saykod shows [Jd Ts] (Straight Queen high)
Saykod collected 880 from pot
*** SUMMARY ***
Total pot 880 | No rake
Board: [Qs 6s 4h 8d 9d]
Seat 2: _SKR (big blind) showed [Ad Kc] and lost with High card : Ace
Seat 3: Saykod (small blind) (button) showed [Jd Ts] and won 880 with Straight Queen high


Winamax Poker - Tournament "Expresso Nitro" buyIn: 0.93€ + 0.07€ level: 6 - HandId: #2692535240043266049-25-1674829656 - Holdem no limit (50/100) - 2023/01/27 14:27:36 UTC
Table: 'Expresso Nitro(626904713)#0' 3-max (real money) Seat #2 is the button
Seat 2: _SKR (20)
Seat 3: Saykod (880)
*** ANTE/BLINDS ***
_SKR posts small blind 20 and is all-in
Saykod posts big blind 100
Dealt to _SKR [8d 2c]
*** PRE-FLOP *** 
*** FLOP *** [7s 3d Qd]
*** TURN *** [7s 3d Qd][9s]
*** RIVER *** [7s 3d Qd 9s][6c]
*** SHOW DOWN ***
_SKR shows [8d 2c] (High card : Queen)
Saykod shows [5c 3s] (One pair : 3)
Saykod collected 120 from pot
*** SUMMARY ***
Total pot 120 | No rake
Board: [7s 3d Qd 9s 6c]
Seat 2: _SKR (small blind) (button) showed [8d 2c] and lost with High card : Queen
Seat 3: Saykod (big blind) showed [5c 3s] and won 120 with One pair : 3


