Winamax Poker - Tournament "Expresso Nitro" buyIn: 0.93€ + 0.07€ level: 1 - HandId: #2689811457683488769-1-1674653373 - Holdem no limit (10/20) - 2023/01/25 13:29:33 UTC
Table: 'Expresso Nitro(626270533)#0' 3-max (real money) Seat #2 is the button
Seat 1: NonoElFamoso (300)
Seat 2: _SKR (300)
Seat 3: MalagaBam (300)
*** ANTE/BLINDS ***
MalagaBam posts small blind 10
NonoElFamoso posts big blind 20
Dealt to _SKR [Th 2c]
*** PRE-FLOP *** 
_SKR folds
MalagaBam raises 280 to 300 and is all-in
NonoElFamoso folds
MalagaBam collected 320 from pot
*** SUMMARY ***
Total pot 320 | No rake
Seat 3: MalagaBam (small blind) won 320


Winamax Poker - Tournament "Expresso Nitro" buyIn: 0.93€ + 0.07€ level: 1 - HandId: #2689811457683488769-2-1674653382 - Holdem no limit (10/20) - 2023/01/25 13:29:42 UTC
Table: 'Expresso Nitro(626270533)#0' 3-max (real money) Seat #3 is the button
Seat 1: NonoElFamoso (280)
Seat 2: _SKR (300)
Seat 3: MalagaBam (320)
*** ANTE/BLINDS ***
NonoElFamoso posts small blind 10
_SKR posts big blind 20
Dealt to _SKR [Jd 9h]
*** PRE-FLOP *** 
MalagaBam folds
NonoElFamoso raises 20 to 40
_SKR folds
NonoElFamoso collected 60 from pot
*** SUMMARY ***
Total pot 60 | No rake
Seat 1: NonoElFamoso (small blind) won 60


Winamax Poker - Tournament "Expresso Nitro" buyIn: 0.93€ + 0.07€ level: 1 - HandId: #2689811457683488769-3-1674653389 - Holdem no limit (10/20) - 2023/01/25 13:29:49 UTC
Table: 'Expresso Nitro(626270533)#0' 3-max (real money) Seat #1 is the button
Seat 1: NonoElFamoso (300)
Seat 2: _SKR (280)
Seat 3: MalagaBam (320)
*** ANTE/BLINDS ***
_SKR posts small blind 10
MalagaBam posts big blind 20
Dealt to _SKR [3d Ac]
*** PRE-FLOP *** 
NonoElFamoso folds
_SKR raises 260 to 280 and is all-in
MalagaBam folds
_SKR collected 300 from pot
*** SUMMARY ***
Total pot 300 | No rake
Seat 2: _SKR (small blind) won 300


Winamax Poker - Tournament "Expresso Nitro" buyIn: 0.93€ + 0.07€ level: 1 - HandId: #2689811457683488769-4-1674653399 - Holdem no limit (10/20) - 2023/01/25 13:29:59 UTC
Table: 'Expresso Nitro(626270533)#0' 3-max (real money) Seat #2 is the button
Seat 1: NonoElFamoso (300)
Seat 2: _SKR (300)
Seat 3: MalagaBam (300)
*** ANTE/BLINDS ***
MalagaBam posts small blind 10
NonoElFamoso posts big blind 20
Dealt to _SKR [Jh 3d]
*** PRE-FLOP *** 
_SKR folds
MalagaBam folds
NonoElFamoso collected 30 from pot
*** SUMMARY ***
Total pot 30 | No rake
Seat 1: NonoElFamoso (big blind) won 30


Winamax Poker - Tournament "Expresso Nitro" buyIn: 0.93€ + 0.07€ level: 1 - HandId: #2689811457683488769-5-1674653403 - Holdem no limit (10/20) - 2023/01/25 13:30:03 UTC
Table: 'Expresso Nitro(626270533)#0' 3-max (real money) Seat #3 is the button
Seat 1: NonoElFamoso (310)
Seat 2: _SKR (300)
Seat 3: MalagaBam (290)
*** ANTE/BLINDS ***
NonoElFamoso posts small blind 10
_SKR posts big blind 20
Dealt to _SKR [4h 2d]
*** PRE-FLOP *** 
MalagaBam folds
NonoElFamoso raises 20 to 40
_SKR folds
NonoElFamoso collected 60 from pot
*** SUMMARY ***
Total pot 60 | No rake
Seat 1: NonoElFamoso (small blind) won 60


Winamax Poker - Tournament "Expresso Nitro" buyIn: 0.93€ + 0.07€ level: 1 - HandId: #2689811457683488769-6-1674653411 - Holdem no limit (10/20) - 2023/01/25 13:30:11 UTC
Table: 'Expresso Nitro(626270533)#0' 3-max (real money) Seat #1 is the button
Seat 1: NonoElFamoso (330)
Seat 2: _SKR (280)
Seat 3: MalagaBam (290)
*** ANTE/BLINDS ***
_SKR posts small blind 10
MalagaBam posts big blind 20
Dealt to _SKR [3h Tc]
*** PRE-FLOP *** 
NonoElFamoso raises 20 to 40
_SKR folds
MalagaBam calls 20
*** FLOP *** [4s Jc 7s]
MalagaBam checks
NonoElFamoso bets 20
MalagaBam calls 20
*** TURN *** [4s Jc 7s][Kc]
MalagaBam checks
NonoElFamoso bets 75
MalagaBam calls 75
*** RIVER *** [4s Jc 7s Kc][7h]
MalagaBam checks
NonoElFamoso checks
*** SHOW DOWN ***
NonoElFamoso shows [Qh Ts] (One pair : 7)
MalagaBam shows [Qc Td] (One pair : 7)
MalagaBam collected 140 from pot
NonoElFamoso collected 140 from pot
*** SUMMARY ***
Total pot 280 | No rake
Board: [4s Jc 7s Kc 7h]
Seat 1: NonoElFamoso (button) showed [Qh Ts] and won 140 with One pair : 7
Seat 3: MalagaBam (big blind) showed [Qc Td] and won 140 with One pair : 7


Winamax Poker - Tournament "Expresso Nitro" buyIn: 0.93€ + 0.07€ level: 2 - HandId: #2689811457683488769-7-1674653449 - Holdem no limit (15/30) - 2023/01/25 13:30:49 UTC
Table: 'Expresso Nitro(626270533)#0' 3-max (real money) Seat #2 is the button
Seat 1: NonoElFamoso (335)
Seat 2: _SKR (270)
Seat 3: MalagaBam (295)
*** ANTE/BLINDS ***
MalagaBam posts small blind 15
NonoElFamoso posts big blind 30
Dealt to _SKR [Ad 5h]
*** PRE-FLOP *** 
_SKR raises 240 to 270 and is all-in
MalagaBam folds
NonoElFamoso folds
_SKR collected 315 from pot
*** SUMMARY ***
Total pot 315 | No rake
Seat 2: _SKR (button) won 315


Winamax Poker - Tournament "Expresso Nitro" buyIn: 0.93€ + 0.07€ level: 2 - HandId: #2689811457683488769-8-1674653457 - Holdem no limit (15/30) - 2023/01/25 13:30:57 UTC
Table: 'Expresso Nitro(626270533)#0' 3-max (real money) Seat #3 is the button
Seat 1: NonoElFamoso (305)
Seat 2: _SKR (315)
Seat 3: MalagaBam (280)
*** ANTE/BLINDS ***
NonoElFamoso posts small blind 15
_SKR posts big blind 30
Dealt to _SKR [Jh 4c]
*** PRE-FLOP *** 
MalagaBam folds
NonoElFamoso raises 30 to 60
_SKR folds
NonoElFamoso collected 90 from pot
*** SUMMARY ***
Total pot 90 | No rake
Seat 1: NonoElFamoso (small blind) won 90


Winamax Poker - Tournament "Expresso Nitro" buyIn: 0.93€ + 0.07€ level: 2 - HandId: #2689811457683488769-9-1674653466 - Holdem no limit (15/30) - 2023/01/25 13:31:06 UTC
Table: 'Expresso Nitro(626270533)#0' 3-max (real money) Seat #1 is the button
Seat 1: NonoElFamoso (335)
Seat 2: _SKR (285)
Seat 3: MalagaBam (280)
*** ANTE/BLINDS ***
_SKR posts small blind 15
MalagaBam posts big blind 30
Dealt to _SKR [Kc Ts]
*** PRE-FLOP *** 
NonoElFamoso folds
_SKR raises 255 to 285 and is all-in
MalagaBam folds
_SKR collected 315 from pot
*** SUMMARY ***
Total pot 315 | No rake
Seat 2: _SKR (small blind) won 315


Winamax Poker - Tournament "Expresso Nitro" buyIn: 0.93€ + 0.07€ level: 2 - HandId: #2689811457683488769-10-1674653473 - Holdem no limit (15/30) - 2023/01/25 13:31:13 UTC
Table: 'Expresso Nitro(626270533)#0' 3-max (real money) Seat #2 is the button
Seat 1: NonoElFamoso (335)
Seat 2: _SKR (315)
Seat 3: MalagaBam (250)
*** ANTE/BLINDS ***
MalagaBam posts small blind 15
NonoElFamoso posts big blind 30
Dealt to _SKR [Jd Kd]
*** PRE-FLOP *** 
_SKR raises 285 to 315 and is all-in
MalagaBam folds
NonoElFamoso folds
_SKR collected 360 from pot
*** SUMMARY ***
Total pot 360 | No rake
Seat 2: _SKR (button) won 360


Winamax Poker - Tournament "Expresso Nitro" buyIn: 0.93€ + 0.07€ level: 2 - HandId: #2689811457683488769-11-1674653483 - Holdem no limit (15/30) - 2023/01/25 13:31:23 UTC
Table: 'Expresso Nitro(626270533)#0' 3-max (real money) Seat #3 is the button
Seat 1: NonoElFamoso (305)
Seat 2: _SKR (360)
Seat 3: MalagaBam (235)
*** ANTE/BLINDS ***
NonoElFamoso posts small blind 15
_SKR posts big blind 30
Dealt to _SKR [Kh Qc]
*** PRE-FLOP *** 
MalagaBam folds
NonoElFamoso folds
_SKR collected 45 from pot
*** SUMMARY ***
Total pot 45 | No rake
Seat 2: _SKR (big blind) won 45


Winamax Poker - Tournament "Expresso Nitro" buyIn: 0.93€ + 0.07€ level: 2 - HandId: #2689811457683488769-12-1674653488 - Holdem no limit (15/30) - 2023/01/25 13:31:28 UTC
Table: 'Expresso Nitro(626270533)#0' 3-max (real money) Seat #1 is the button
Seat 1: NonoElFamoso (290)
Seat 2: _SKR (375)
Seat 3: MalagaBam (235)
*** ANTE/BLINDS ***
_SKR posts small blind 15
MalagaBam posts big blind 30
Dealt to _SKR [7s Qh]
*** PRE-FLOP *** 
NonoElFamoso folds
_SKR raises 345 to 375 and is all-in
MalagaBam folds
_SKR collected 405 from pot
*** SUMMARY ***
Total pot 405 | No rake
Seat 2: _SKR (small blind) won 405


Winamax Poker - Tournament "Expresso Nitro" buyIn: 0.93€ + 0.07€ level: 3 - HandId: #2689811457683488769-13-1674653495 - Holdem no limit (20/40) - 2023/01/25 13:31:35 UTC
Table: 'Expresso Nitro(626270533)#0' 3-max (real money) Seat #2 is the button
Seat 1: NonoElFamoso (290)
Seat 2: _SKR (405)
Seat 3: MalagaBam (205)
*** ANTE/BLINDS ***
MalagaBam posts small blind 20
NonoElFamoso posts big blind 40
Dealt to _SKR [8d 5s]
*** PRE-FLOP *** 
_SKR folds
MalagaBam folds
NonoElFamoso collected 60 from pot
*** SUMMARY ***
Total pot 60 | No rake
Seat 1: NonoElFamoso (big blind) won 60


Winamax Poker - Tournament "Expresso Nitro" buyIn: 0.93€ + 0.07€ level: 3 - HandId: #2689811457683488769-14-1674653500 - Holdem no limit (20/40) - 2023/01/25 13:31:40 UTC
Table: 'Expresso Nitro(626270533)#0' 3-max (real money) Seat #3 is the button
Seat 1: NonoElFamoso (310)
Seat 2: _SKR (405)
Seat 3: MalagaBam (185)
*** ANTE/BLINDS ***
NonoElFamoso posts small blind 20
_SKR posts big blind 40
Dealt to _SKR [6c Kc]
*** PRE-FLOP *** 
MalagaBam raises 145 to 185 and is all-in
NonoElFamoso folds
_SKR calls 145
*** FLOP *** [Js Th 6d]
*** TURN *** [Js Th 6d][3s]
*** RIVER *** [Js Th 6d 3s][As]
*** SHOW DOWN ***
_SKR shows [6c Kc] (One pair : 6)
MalagaBam shows [Td Jh] (Two pairs : Jacks and Tens)
MalagaBam collected 390 from pot
*** SUMMARY ***
Total pot 390 | No rake
Board: [Js Th 6d 3s As]
Seat 2: _SKR (big blind) showed [6c Kc] and lost with One pair : 6
Seat 3: MalagaBam (button) showed [Td Jh] and won 390 with Two pairs : Jacks and Tens


Winamax Poker - Tournament "Expresso Nitro" buyIn: 0.93€ + 0.07€ level: 3 - HandId: #2689811457683488769-15-1674653521 - Holdem no limit (20/40) - 2023/01/25 13:32:01 UTC
Table: 'Expresso Nitro(626270533)#0' 3-max (real money) Seat #1 is the button
Seat 1: NonoElFamoso (290)
Seat 2: _SKR (220)
Seat 3: MalagaBam (390)
*** ANTE/BLINDS ***
_SKR posts small blind 20
MalagaBam posts big blind 40
Dealt to _SKR [3h 3s]
*** PRE-FLOP *** 
NonoElFamoso raises 60 to 100
_SKR raises 120 to 220 and is all-in
MalagaBam folds
NonoElFamoso calls 120
*** FLOP *** [Td 2d 3c]
*** TURN *** [Td 2d 3c][3d]
*** RIVER *** [Td 2d 3c 3d][Qs]
*** SHOW DOWN ***
NonoElFamoso shows [9c 9s] (Two pairs : 9 and 3)
_SKR shows [3h 3s] (Quads of 3)
_SKR collected 480 from pot
*** SUMMARY ***
Total pot 480 | No rake
Board: [Td 2d 3c 3d Qs]
Seat 1: NonoElFamoso (button) showed [9c 9s] and lost with Two pairs : 9 and 3
Seat 2: _SKR (small blind) showed [3h 3s] and won 480 with Quads of 3


Winamax Poker - Tournament "Expresso Nitro" buyIn: 0.93€ + 0.07€ level: 3 - HandId: #2689811457683488769-16-1674653538 - Holdem no limit (20/40) - 2023/01/25 13:32:18 UTC
Table: 'Expresso Nitro(626270533)#0' 3-max (real money) Seat #2 is the button
Seat 1: NonoElFamoso (70)
Seat 2: _SKR (480)
Seat 3: MalagaBam (350)
*** ANTE/BLINDS ***
MalagaBam posts small blind 20
NonoElFamoso posts big blind 40
Dealt to _SKR [5d Qs]
*** PRE-FLOP *** 
_SKR folds
MalagaBam calls 20
NonoElFamoso checks
*** FLOP *** [Qh 8c Ad]
MalagaBam bets 40
NonoElFamoso calls 30 and is all-in
*** TURN *** [Qh 8c Ad][Kh]
*** RIVER *** [Qh 8c Ad Kh][5s]
*** SHOW DOWN ***
NonoElFamoso shows [6h 8d] (One pair : 8)
MalagaBam shows [Qc 2h] (One pair : Queens)
MalagaBam collected 150 from pot
*** SUMMARY ***
Total pot 150 | No rake
Board: [Qh 8c Ad Kh 5s]
Seat 1: NonoElFamoso (big blind) showed [6h 8d] and lost with One pair : 8
Seat 3: MalagaBam (small blind) showed [Qc 2h] and won 150 with One pair : Queens


Winamax Poker - Tournament "Expresso Nitro" buyIn: 0.93€ + 0.07€ level: 4 - HandId: #2689811457683488769-17-1674653558 - Holdem no limit (30/60) - 2023/01/25 13:32:38 UTC
Table: 'Expresso Nitro(626270533)#0' 3-max (real money) Seat #2 is the button
Seat 2: _SKR (480)
Seat 3: MalagaBam (420)
*** ANTE/BLINDS ***
_SKR posts small blind 30
MalagaBam posts big blind 60
Dealt to _SKR [3d Ah]
*** PRE-FLOP *** 
_SKR raises 420 to 480 and is all-in
MalagaBam folds
_SKR collected 540 from pot
*** SUMMARY ***
Total pot 540 | No rake
Seat 2: _SKR (small blind) (button) won 540


Winamax Poker - Tournament "Expresso Nitro" buyIn: 0.93€ + 0.07€ level: 4 - HandId: #2689811457683488769-18-1674653565 - Holdem no limit (30/60) - 2023/01/25 13:32:45 UTC
Table: 'Expresso Nitro(626270533)#0' 3-max (real money) Seat #3 is the button
Seat 2: _SKR (540)
Seat 3: MalagaBam (360)
*** ANTE/BLINDS ***
MalagaBam posts small blind 30
_SKR posts big blind 60
Dealt to _SKR [Jh Jc]
*** PRE-FLOP *** 
MalagaBam calls 30
_SKR raises 480 to 540 and is all-in
MalagaBam folds
_SKR collected 600 from pot
*** SUMMARY ***
Total pot 600 | No rake
Seat 2: _SKR (big blind) won 600


Winamax Poker - Tournament "Expresso Nitro" buyIn: 0.93€ + 0.07€ level: 4 - HandId: #2689811457683488769-19-1674653573 - Holdem no limit (30/60) - 2023/01/25 13:32:53 UTC
Table: 'Expresso Nitro(626270533)#0' 3-max (real money) Seat #2 is the button
Seat 2: _SKR (600)
Seat 3: MalagaBam (300)
*** ANTE/BLINDS ***
_SKR posts small blind 30
MalagaBam posts big blind 60
Dealt to _SKR [2c Kd]
*** PRE-FLOP *** 
_SKR raises 540 to 600 and is all-in
MalagaBam folds
_SKR collected 660 from pot
*** SUMMARY ***
Total pot 660 | No rake
Seat 2: _SKR (small blind) (button) won 660


Winamax Poker - Tournament "Expresso Nitro" buyIn: 0.93€ + 0.07€ level: 4 - HandId: #2689811457683488769-20-1674653579 - Holdem no limit (30/60) - 2023/01/25 13:32:59 UTC
Table: 'Expresso Nitro(626270533)#0' 3-max (real money) Seat #3 is the button
Seat 2: _SKR (660)
Seat 3: MalagaBam (240)
*** ANTE/BLINDS ***
MalagaBam posts small blind 30
_SKR posts big blind 60
Dealt to _SKR [Qh Tc]
*** PRE-FLOP *** 
MalagaBam raises 180 to 240 and is all-in
_SKR calls 180
*** FLOP *** [Jc Kh Ah]
*** TURN *** [Jc Kh Ah][Qs]
*** RIVER *** [Jc Kh Ah Qs][Ts]
*** SHOW DOWN ***
_SKR shows [Qh Tc] (Straight Ace high)
MalagaBam shows [2c 9c] (Straight Ace high)
MalagaBam collected 240 from pot
_SKR collected 240 from pot
*** SUMMARY ***
Total pot 480 | No rake
Board: [Jc Kh Ah Qs Ts]
Seat 2: _SKR (big blind) showed [Qh Tc] and won 240 with Straight Ace high
Seat 3: MalagaBam (small blind) (button) showed [2c 9c] and won 240 with Straight Ace high


Winamax Poker - Tournament "Expresso Nitro" buyIn: 0.93€ + 0.07€ level: 4 - HandId: #2689811457683488769-21-1674653594 - Holdem no limit (30/60) - 2023/01/25 13:33:14 UTC
Table: 'Expresso Nitro(626270533)#0' 3-max (real money) Seat #2 is the button
Seat 2: _SKR (660)
Seat 3: MalagaBam (240)
*** ANTE/BLINDS ***
_SKR posts small blind 30
MalagaBam posts big blind 60
Dealt to _SKR [Ac 5h]
*** PRE-FLOP *** 
_SKR raises 600 to 660 and is all-in
MalagaBam calls 180 and is all-in
*** FLOP *** [Kd 9h As]
*** TURN *** [Kd 9h As][7s]
*** RIVER *** [Kd 9h As 7s][2s]
*** SHOW DOWN ***
MalagaBam shows [6c 7h] (One pair : 7)
_SKR shows [Ac 5h] (One pair : Aces)
_SKR collected 900 from pot
*** SUMMARY ***
Total pot 900 | No rake
Board: [Kd 9h As 7s 2s]
Seat 2: _SKR (small blind) (button) showed [Ac 5h] and won 900 with One pair : Aces
Seat 3: MalagaBam (big blind) showed [6c 7h] and lost with One pair : 7


