Winamax Poker - Tournament "Expresso Nitro" buyIn: 0.93€ + 0.07€ level: 1 - HandId: #2729148161204420609-1-1676903033 - Holdem no limit (10/20) - 2023/02/20 14:23:53 UTC
Table: 'Expresso Nitro(635429323)#0' 3-max (real money) Seat #3 is the button
Seat 1: Bec 69 (300)
Seat 2: Quelplaiwsir (300)
Seat 3: _SKR (300)
*** ANTE/BLINDS ***
Bec 69 posts small blind 10
Quelplaiwsir posts big blind 20
Dealt to _SKR [Kc 8d]
*** PRE-FLOP *** 
_SKR folds
Bec 69 calls 10
Quelplaiwsir raises 40 to 60
Bec 69 folds
Quelplaiwsir collected 80 from pot
*** SUMMARY ***
Total pot 80 | No rake
Seat 2: Quelplaiwsir (big blind) won 80


Winamax Poker - Tournament "Expresso Nitro" buyIn: 0.93€ + 0.07€ level: 1 - HandId: #2729148161204420609-2-1676903042 - Holdem no limit (10/20) - 2023/02/20 14:24:02 UTC
Table: 'Expresso Nitro(635429323)#0' 3-max (real money) Seat #1 is the button
Seat 1: Bec 69 (280)
Seat 2: Quelplaiwsir (320)
Seat 3: _SKR (300)
*** ANTE/BLINDS ***
Quelplaiwsir posts small blind 10
_SKR posts big blind 20
Dealt to _SKR [7h Ad]
*** PRE-FLOP *** 
Bec 69 folds
Quelplaiwsir calls 10
_SKR raises 280 to 300 and is all-in
Quelplaiwsir folds
_SKR collected 320 from pot
*** SUMMARY ***
Total pot 320 | No rake
Seat 3: _SKR (big blind) won 320


Winamax Poker - Tournament "Expresso Nitro" buyIn: 0.93€ + 0.07€ level: 1 - HandId: #2729148161204420609-3-1676903056 - Holdem no limit (10/20) - 2023/02/20 14:24:16 UTC
Table: 'Expresso Nitro(635429323)#0' 3-max (real money) Seat #2 is the button
Seat 1: Bec 69 (280)
Seat 2: Quelplaiwsir (300)
Seat 3: _SKR (320)
*** ANTE/BLINDS ***
_SKR posts small blind 10
Bec 69 posts big blind 20
Dealt to _SKR [6s 8d]
*** PRE-FLOP *** 
Quelplaiwsir folds
_SKR folds
Bec 69 collected 30 from pot
*** SUMMARY ***
Total pot 30 | No rake
Seat 1: Bec 69 (big blind) won 30


Winamax Poker - Tournament "Expresso Nitro" buyIn: 0.93€ + 0.07€ level: 1 - HandId: #2729148161204420609-4-1676903067 - Holdem no limit (10/20) - 2023/02/20 14:24:27 UTC
Table: 'Expresso Nitro(635429323)#0' 3-max (real money) Seat #3 is the button
Seat 1: Bec 69 (290)
Seat 2: Quelplaiwsir (300)
Seat 3: _SKR (310)
*** ANTE/BLINDS ***
Bec 69 posts small blind 10
Quelplaiwsir posts big blind 20
Dealt to _SKR [Jd Qc]
*** PRE-FLOP *** 
_SKR raises 20 to 40
Bec 69 folds
Quelplaiwsir calls 20
*** FLOP *** [Tc Ts 4c]
Quelplaiwsir checks
_SKR bets 32
Quelplaiwsir raises 228 to 260 and is all-in
_SKR folds
Quelplaiwsir collected 382 from pot
*** SUMMARY ***
Total pot 382 | No rake
Board: [Tc Ts 4c]
Seat 2: Quelplaiwsir (big blind) won 382


Winamax Poker - Tournament "Expresso Nitro" buyIn: 0.93€ + 0.07€ level: 1 - HandId: #2729148161204420609-5-1676903087 - Holdem no limit (10/20) - 2023/02/20 14:24:47 UTC
Table: 'Expresso Nitro(635429323)#0' 3-max (real money) Seat #1 is the button
Seat 1: Bec 69 (280)
Seat 2: Quelplaiwsir (382)
Seat 3: _SKR (238)
*** ANTE/BLINDS ***
Quelplaiwsir posts small blind 10
_SKR posts big blind 20
Dealt to _SKR [Ks Th]
*** PRE-FLOP *** 
Bec 69 folds
Quelplaiwsir folds
_SKR collected 30 from pot
*** SUMMARY ***
Total pot 30 | No rake
Seat 3: _SKR (big blind) won 30


Winamax Poker - Tournament "Expresso Nitro" buyIn: 0.93€ + 0.07€ level: 2 - HandId: #2729148161204420609-6-1676903093 - Holdem no limit (15/30) - 2023/02/20 14:24:53 UTC
Table: 'Expresso Nitro(635429323)#0' 3-max (real money) Seat #2 is the button
Seat 1: Bec 69 (280)
Seat 2: Quelplaiwsir (372)
Seat 3: _SKR (248)
*** ANTE/BLINDS ***
_SKR posts small blind 15
Bec 69 posts big blind 30
Dealt to _SKR [6s 3d]
*** PRE-FLOP *** 
Quelplaiwsir folds
_SKR folds
Bec 69 collected 45 from pot
*** SUMMARY ***
Total pot 45 | No rake
Seat 1: Bec 69 (big blind) won 45


Winamax Poker - Tournament "Expresso Nitro" buyIn: 0.93€ + 0.07€ level: 2 - HandId: #2729148161204420609-7-1676903103 - Holdem no limit (15/30) - 2023/02/20 14:25:03 UTC
Table: 'Expresso Nitro(635429323)#0' 3-max (real money) Seat #3 is the button
Seat 1: Bec 69 (295)
Seat 2: Quelplaiwsir (372)
Seat 3: _SKR (233)
*** ANTE/BLINDS ***
Bec 69 posts small blind 15
Quelplaiwsir posts big blind 30
Dealt to _SKR [Jh Ac]
*** PRE-FLOP *** 
_SKR raises 203 to 233 and is all-in
Bec 69 folds
Quelplaiwsir folds
_SKR collected 278 from pot
*** SUMMARY ***
Total pot 278 | No rake
Seat 3: _SKR (button) won 278


Winamax Poker - Tournament "Expresso Nitro" buyIn: 0.93€ + 0.07€ level: 2 - HandId: #2729148161204420609-8-1676903124 - Holdem no limit (15/30) - 2023/02/20 14:25:24 UTC
Table: 'Expresso Nitro(635429323)#0' 3-max (real money) Seat #1 is the button
Seat 1: Bec 69 (280)
Seat 2: Quelplaiwsir (342)
Seat 3: _SKR (278)
*** ANTE/BLINDS ***
Quelplaiwsir posts small blind 15
_SKR posts big blind 30
Dealt to _SKR [Qd 6d]
*** PRE-FLOP *** 
Bec 69 folds
Quelplaiwsir raises 312 to 342 and is all-in
_SKR folds
Quelplaiwsir collected 372 from pot
*** SUMMARY ***
Total pot 372 | No rake
Seat 2: Quelplaiwsir (small blind) won 372


Winamax Poker - Tournament "Expresso Nitro" buyIn: 0.93€ + 0.07€ level: 2 - HandId: #2729148161204420609-9-1676903145 - Holdem no limit (15/30) - 2023/02/20 14:25:45 UTC
Table: 'Expresso Nitro(635429323)#0' 3-max (real money) Seat #2 is the button
Seat 1: Bec 69 (280)
Seat 2: Quelplaiwsir (372)
Seat 3: _SKR (248)
*** ANTE/BLINDS ***
_SKR posts small blind 15
Bec 69 posts big blind 30
Dealt to _SKR [7c 6h]
*** PRE-FLOP *** 
Quelplaiwsir raises 30 to 60
_SKR folds
Bec 69 calls 30
*** FLOP *** [Kd 8d Js]
Bec 69 checks
Quelplaiwsir bets 135
Bec 69 raises 85 to 220 and is all-in
Quelplaiwsir calls 85
*** TURN *** [Kd 8d Js][5d]
*** RIVER *** [Kd 8d Js 5d][As]
*** SHOW DOWN ***
Quelplaiwsir shows [Ks 6c] (One pair : Kings)
Bec 69 shows [Kh 8s] (Two pairs : Kings and 8)
Bec 69 collected 575 from pot
*** SUMMARY ***
Total pot 575 | No rake
Board: [Kd 8d Js 5d As]
Seat 1: Bec 69 (big blind) showed [Kh 8s] and won 575 with Two pairs : Kings and 8
Seat 2: Quelplaiwsir (button) showed [Ks 6c] and lost with One pair : Kings


Winamax Poker - Tournament "Expresso Nitro" buyIn: 0.93€ + 0.07€ level: 3 - HandId: #2729148161204420609-10-1676903166 - Holdem no limit (20/40) - 2023/02/20 14:26:06 UTC
Table: 'Expresso Nitro(635429323)#0' 3-max (real money) Seat #3 is the button
Seat 1: Bec 69 (575)
Seat 2: Quelplaiwsir (92)
Seat 3: _SKR (233)
*** ANTE/BLINDS ***
Bec 69 posts small blind 20
Quelplaiwsir posts big blind 40
Dealt to _SKR [Qc 8c]
*** PRE-FLOP *** 
_SKR raises 193 to 233 and is all-in
Bec 69 folds
Quelplaiwsir calls 52 and is all-in
*** FLOP *** [7d 3d 4c]
*** TURN *** [7d 3d 4c][9d]
*** RIVER *** [7d 3d 4c 9d][3h]
*** SHOW DOWN ***
Quelplaiwsir shows [Jh 4d] (Two pairs : 4 and 3)
_SKR shows [Qc 8c] (One pair : 3)
_SKR collected 141 from side pot 1
Quelplaiwsir collected 204 from main pot
*** SUMMARY ***
Total pot 345 | No rake
Board: [7d 3d 4c 9d 3h]
Seat 2: Quelplaiwsir (big blind) showed [Jh 4d] and won 204 with Two pairs : 4 and 3
Seat 3: _SKR (button) showed [Qc 8c] and won 141 with One pair : 3


Winamax Poker - Tournament "Expresso Nitro" buyIn: 0.93€ + 0.07€ level: 3 - HandId: #2729148161204420609-11-1676903198 - Holdem no limit (20/40) - 2023/02/20 14:26:38 UTC
Table: 'Expresso Nitro(635429323)#0' 3-max (real money) Seat #1 is the button
Seat 1: Bec 69 (555)
Seat 2: Quelplaiwsir (204)
Seat 3: _SKR (141)
*** ANTE/BLINDS ***
Quelplaiwsir posts small blind 20
_SKR posts big blind 40
Dealt to _SKR [6c 6h]
*** PRE-FLOP *** 
Bec 69 folds
Quelplaiwsir folds
_SKR collected 60 from pot
*** SUMMARY ***
Total pot 60 | No rake
Seat 3: _SKR (big blind) won 60


Winamax Poker - Tournament "Expresso Nitro" buyIn: 0.93€ + 0.07€ level: 4 - HandId: #2729148161204420609-12-1676903210 - Holdem no limit (30/60) - 2023/02/20 14:26:50 UTC
Table: 'Expresso Nitro(635429323)#0' 3-max (real money) Seat #2 is the button
Seat 1: Bec 69 (555)
Seat 2: Quelplaiwsir (184)
Seat 3: _SKR (161)
*** ANTE/BLINDS ***
_SKR posts small blind 30
Bec 69 posts big blind 60
Dealt to _SKR [Ad Ah]
*** PRE-FLOP *** 
Quelplaiwsir folds
_SKR raises 101 to 161 and is all-in
Bec 69 calls 101
*** FLOP *** [Td 8s Jh]
*** TURN *** [Td 8s Jh][As]
*** RIVER *** [Td 8s Jh As][4h]
*** SHOW DOWN ***
Bec 69 shows [Qh 5h] (High card : Ace)
_SKR shows [Ad Ah] (Trips of Aces)
_SKR collected 322 from pot
*** SUMMARY ***
Total pot 322 | No rake
Board: [Td 8s Jh As 4h]
Seat 1: Bec 69 (big blind) showed [Qh 5h] and lost with High card : Ace
Seat 3: _SKR (small blind) showed [Ad Ah] and won 322 with Trips of Aces


Winamax Poker - Tournament "Expresso Nitro" buyIn: 0.93€ + 0.07€ level: 4 - HandId: #2729148161204420609-13-1676903234 - Holdem no limit (30/60) - 2023/02/20 14:27:14 UTC
Table: 'Expresso Nitro(635429323)#0' 3-max (real money) Seat #3 is the button
Seat 1: Bec 69 (394)
Seat 2: Quelplaiwsir (184)
Seat 3: _SKR (322)
*** ANTE/BLINDS ***
Bec 69 posts small blind 30
Quelplaiwsir posts big blind 60
Dealt to _SKR [5d 6s]
*** PRE-FLOP *** 
_SKR folds
Bec 69 raises 334 to 394 and is all-in
Quelplaiwsir calls 124 and is all-in
*** FLOP *** [Qs 3c Ad]
*** TURN *** [Qs 3c Ad][Kh]
*** RIVER *** [Qs 3c Ad Kh][Qc]
*** SHOW DOWN ***
Quelplaiwsir shows [Ks 7c] (Two pairs : Kings and Queens)
Bec 69 shows [Ah 8s] (Two pairs : Aces and Queens)
Bec 69 collected 578 from pot
*** SUMMARY ***
Total pot 578 | No rake
Board: [Qs 3c Ad Kh Qc]
Seat 1: Bec 69 (small blind) showed [Ah 8s] and won 578 with Two pairs : Aces and Queens
Seat 2: Quelplaiwsir (big blind) showed [Ks 7c] and lost with Two pairs : Kings and Queens


Winamax Poker - Tournament "Expresso Nitro" buyIn: 0.93€ + 0.07€ level: 4 - HandId: #2729148161204420609-14-1676903251 - Holdem no limit (30/60) - 2023/02/20 14:27:31 UTC
Table: 'Expresso Nitro(635429323)#0' 3-max (real money) Seat #3 is the button
Seat 1: Bec 69 (578)
Seat 3: _SKR (322)
*** ANTE/BLINDS ***
_SKR posts small blind 30
Bec 69 posts big blind 60
Dealt to _SKR [Ac 8s]
*** PRE-FLOP *** 
_SKR raises 262 to 322 and is all-in
Bec 69 folds
_SKR collected 382 from pot
*** SUMMARY ***
Total pot 382 | No rake
Seat 3: _SKR (small blind) (button) won 382


Winamax Poker - Tournament "Expresso Nitro" buyIn: 0.93€ + 0.07€ level: 4 - HandId: #2729148161204420609-15-1676903257 - Holdem no limit (30/60) - 2023/02/20 14:27:37 UTC
Table: 'Expresso Nitro(635429323)#0' 3-max (real money) Seat #1 is the button
Seat 1: Bec 69 (518)
Seat 3: _SKR (382)
*** ANTE/BLINDS ***
Bec 69 posts small blind 30
_SKR posts big blind 60
Dealt to _SKR [4d Ts]
*** PRE-FLOP *** 
Bec 69 calls 30
_SKR checks
*** FLOP *** [Ac Qc 2d]
_SKR checks
Bec 69 bets 60
_SKR folds
Bec 69 collected 180 from pot
*** SUMMARY ***
Total pot 180 | No rake
Board: [Ac Qc 2d]
Seat 1: Bec 69 (small blind) (button) won 180


Winamax Poker - Tournament "Expresso Nitro" buyIn: 0.93€ + 0.07€ level: 5 - HandId: #2729148161204420609-16-1676903274 - Holdem no limit (40/80) - 2023/02/20 14:27:54 UTC
Table: 'Expresso Nitro(635429323)#0' 3-max (real money) Seat #3 is the button
Seat 1: Bec 69 (578)
Seat 3: _SKR (322)
*** ANTE/BLINDS ***
_SKR posts small blind 40
Bec 69 posts big blind 80
Dealt to _SKR [Ah Js]
*** PRE-FLOP *** 
_SKR raises 242 to 322 and is all-in
Bec 69 calls 242
*** FLOP *** [7d Kd Ad]
*** TURN *** [7d Kd Ad][3s]
*** RIVER *** [7d Kd Ad 3s][2c]
*** SHOW DOWN ***
Bec 69 shows [Ks 8d] (One pair : Kings)
_SKR shows [Ah Js] (One pair : Aces)
_SKR collected 644 from pot
*** SUMMARY ***
Total pot 644 | No rake
Board: [7d Kd Ad 3s 2c]
Seat 1: Bec 69 (big blind) showed [Ks 8d] and lost with One pair : Kings
Seat 3: _SKR (small blind) (button) showed [Ah Js] and won 644 with One pair : Aces


Winamax Poker - Tournament "Expresso Nitro" buyIn: 0.93€ + 0.07€ level: 5 - HandId: #2729148161204420609-17-1676903289 - Holdem no limit (40/80) - 2023/02/20 14:28:09 UTC
Table: 'Expresso Nitro(635429323)#0' 3-max (real money) Seat #1 is the button
Seat 1: Bec 69 (256)
Seat 3: _SKR (644)
*** ANTE/BLINDS ***
Bec 69 posts small blind 40
_SKR posts big blind 80
Dealt to _SKR [As 8d]
*** PRE-FLOP *** 
Bec 69 raises 176 to 256 and is all-in
_SKR calls 176
*** FLOP *** [7s Qh 9s]
*** TURN *** [7s Qh 9s][Js]
*** RIVER *** [7s Qh 9s Js][Qs]
*** SHOW DOWN ***
Bec 69 shows [3d 3c] (Two pairs : Queens and 3)
_SKR shows [As 8d] (Flush Ace high)
_SKR collected 512 from pot
*** SUMMARY ***
Total pot 512 | No rake
Board: [7s Qh 9s Js Qs]
Seat 1: Bec 69 (small blind) (button) showed [3d 3c] and lost with Two pairs : Queens and 3
Seat 3: _SKR (big blind) showed [As 8d] and won 512 with Flush Ace high


