Winamax Poker - Tournament "Expresso Nitro" buyIn: 1.86€ + 0.14€ level: 1 - HandId: #2698134094985822209-1-1675182296 - Holdem no limit (10/20) - 2023/01/31 16:24:56 UTC
Table: 'Expresso Nitro(628208298)#0' 3-max (real money) Seat #2 is the button
Seat 1: kevsrh (300)
Seat 2: _SKR (300)
Seat 3: Themax35 (300)
*** ANTE/BLINDS ***
Themax35 posts small blind 10
kevsrh posts big blind 20
Dealt to _SKR [9s Th]
*** PRE-FLOP *** 
_SKR folds
Themax35 folds
kevsrh collected 30 from pot
*** SUMMARY ***
Total pot 30 | No rake
Seat 1: kevsrh (big blind) won 30


Winamax Poker - Tournament "Expresso Nitro" buyIn: 1.86€ + 0.14€ level: 1 - HandId: #2698134094985822209-2-1675182303 - Holdem no limit (10/20) - 2023/01/31 16:25:03 UTC
Table: 'Expresso Nitro(628208298)#0' 3-max (real money) Seat #3 is the button
Seat 1: kevsrh (310)
Seat 2: _SKR (300)
Seat 3: Themax35 (290)
*** ANTE/BLINDS ***
kevsrh posts small blind 10
_SKR posts big blind 20
Dealt to _SKR [7d 9c]
*** PRE-FLOP *** 
Themax35 folds
kevsrh raises 20 to 40
_SKR folds
kevsrh collected 60 from pot
*** SUMMARY ***
Total pot 60 | No rake
Seat 1: kevsrh (small blind) won 60


Winamax Poker - Tournament "Expresso Nitro" buyIn: 1.86€ + 0.14€ level: 1 - HandId: #2698134094985822209-3-1675182310 - Holdem no limit (10/20) - 2023/01/31 16:25:10 UTC
Table: 'Expresso Nitro(628208298)#0' 3-max (real money) Seat #1 is the button
Seat 1: kevsrh (330)
Seat 2: _SKR (280)
Seat 3: Themax35 (290)
*** ANTE/BLINDS ***
_SKR posts small blind 10
Themax35 posts big blind 20
Dealt to _SKR [5c 7d]
*** PRE-FLOP *** 
kevsrh folds
_SKR folds
Themax35 collected 30 from pot
*** SUMMARY ***
Total pot 30 | No rake
Seat 3: Themax35 (big blind) won 30


Winamax Poker - Tournament "Expresso Nitro" buyIn: 1.86€ + 0.14€ level: 1 - HandId: #2698134094985822209-4-1675182315 - Holdem no limit (10/20) - 2023/01/31 16:25:15 UTC
Table: 'Expresso Nitro(628208298)#0' 3-max (real money) Seat #2 is the button
Seat 1: kevsrh (330)
Seat 2: _SKR (270)
Seat 3: Themax35 (300)
*** ANTE/BLINDS ***
Themax35 posts small blind 10
kevsrh posts big blind 20
Dealt to _SKR [9s Jd]
*** PRE-FLOP *** 
_SKR folds
Themax35 raises 40 to 60
kevsrh folds
Themax35 collected 80 from pot
*** SUMMARY ***
Total pot 80 | No rake
Seat 3: Themax35 (small blind) won 80


Winamax Poker - Tournament "Expresso Nitro" buyIn: 1.86€ + 0.14€ level: 1 - HandId: #2698134094985822209-5-1675182325 - Holdem no limit (10/20) - 2023/01/31 16:25:25 UTC
Table: 'Expresso Nitro(628208298)#0' 3-max (real money) Seat #3 is the button
Seat 1: kevsrh (310)
Seat 2: _SKR (270)
Seat 3: Themax35 (320)
*** ANTE/BLINDS ***
kevsrh posts small blind 10
_SKR posts big blind 20
Dealt to _SKR [4c 9h]
*** PRE-FLOP *** 
Themax35 raises 40 to 60
kevsrh raises 250 to 310 and is all-in
_SKR folds
Themax35 calls 250
*** FLOP *** [8s Jc 8c]
*** TURN *** [8s Jc 8c][3c]
*** RIVER *** [8s Jc 8c 3c][Tc]
*** SHOW DOWN ***
kevsrh shows [7s 7h] (Two pairs : 8 and 7)
Themax35 shows [As Ts] (Two pairs : Tens and 8)
Themax35 collected 640 from pot
*** SUMMARY ***
Total pot 640 | No rake
Board: [8s Jc 8c 3c Tc]
Seat 1: kevsrh (small blind) showed [7s 7h] and lost with Two pairs : 8 and 7
Seat 3: Themax35 (button) showed [As Ts] and won 640 with Two pairs : Tens and 8


Winamax Poker - Tournament "Expresso Nitro" buyIn: 1.86€ + 0.14€ level: 1 - HandId: #2698134094985822209-6-1675182343 - Holdem no limit (10/20) - 2023/01/31 16:25:43 UTC
Table: 'Expresso Nitro(628208298)#0' 3-max (real money) Seat #2 is the button
Seat 2: _SKR (250)
Seat 3: Themax35 (650)
*** ANTE/BLINDS ***
_SKR posts small blind 10
Themax35 posts big blind 20
Dealt to _SKR [4h 9s]
*** PRE-FLOP *** 
_SKR folds
Themax35 collected 30 from pot
*** SUMMARY ***
Total pot 30 | No rake
Seat 3: Themax35 (big blind) won 30


Winamax Poker - Tournament "Expresso Nitro" buyIn: 1.86€ + 0.14€ level: 2 - HandId: #2698134094985822209-7-1675182352 - Holdem no limit (15/30) - 2023/01/31 16:25:52 UTC
Table: 'Expresso Nitro(628208298)#0' 3-max (real money) Seat #3 is the button
Seat 2: _SKR (240)
Seat 3: Themax35 (660)
*** ANTE/BLINDS ***
Themax35 posts small blind 15
_SKR posts big blind 30
Dealt to _SKR [Jc Ts]
*** PRE-FLOP *** 
Themax35 folds
_SKR collected 45 from pot
*** SUMMARY ***
Total pot 45 | No rake
Seat 2: _SKR (big blind) won 45


Winamax Poker - Tournament "Expresso Nitro" buyIn: 1.86€ + 0.14€ level: 2 - HandId: #2698134094985822209-8-1675182357 - Holdem no limit (15/30) - 2023/01/31 16:25:57 UTC
Table: 'Expresso Nitro(628208298)#0' 3-max (real money) Seat #2 is the button
Seat 2: _SKR (255)
Seat 3: Themax35 (645)
*** ANTE/BLINDS ***
_SKR posts small blind 15
Themax35 posts big blind 30
Dealt to _SKR [9s 8h]
*** PRE-FLOP *** 
_SKR folds
Themax35 collected 45 from pot
*** SUMMARY ***
Total pot 45 | No rake
Seat 3: Themax35 (big blind) won 45


Winamax Poker - Tournament "Expresso Nitro" buyIn: 1.86€ + 0.14€ level: 2 - HandId: #2698134094985822209-9-1675182361 - Holdem no limit (15/30) - 2023/01/31 16:26:01 UTC
Table: 'Expresso Nitro(628208298)#0' 3-max (real money) Seat #3 is the button
Seat 2: _SKR (240)
Seat 3: Themax35 (660)
*** ANTE/BLINDS ***
Themax35 posts small blind 15
_SKR posts big blind 30
Dealt to _SKR [Qh Tc]
*** PRE-FLOP *** 
Themax35 folds
_SKR collected 45 from pot
*** SUMMARY ***
Total pot 45 | No rake
Seat 2: _SKR (big blind) won 45


Winamax Poker - Tournament "Expresso Nitro" buyIn: 1.86€ + 0.14€ level: 2 - HandId: #2698134094985822209-10-1675182365 - Holdem no limit (15/30) - 2023/01/31 16:26:05 UTC
Table: 'Expresso Nitro(628208298)#0' 3-max (real money) Seat #2 is the button
Seat 2: _SKR (255)
Seat 3: Themax35 (645)
*** ANTE/BLINDS ***
_SKR posts small blind 15
Themax35 posts big blind 30
Dealt to _SKR [5d Tc]
*** PRE-FLOP *** 
_SKR folds
Themax35 collected 45 from pot
*** SUMMARY ***
Total pot 45 | No rake
Seat 3: Themax35 (big blind) won 45


Winamax Poker - Tournament "Expresso Nitro" buyIn: 1.86€ + 0.14€ level: 2 - HandId: #2698134094985822209-11-1675182368 - Holdem no limit (15/30) - 2023/01/31 16:26:08 UTC
Table: 'Expresso Nitro(628208298)#0' 3-max (real money) Seat #3 is the button
Seat 2: _SKR (240)
Seat 3: Themax35 (660)
*** ANTE/BLINDS ***
Themax35 posts small blind 15
_SKR posts big blind 30
Dealt to _SKR [7d 4h]
*** PRE-FLOP *** 
Themax35 folds
_SKR collected 45 from pot
*** SUMMARY ***
Total pot 45 | No rake
Seat 2: _SKR (big blind) won 45


Winamax Poker - Tournament "Expresso Nitro" buyIn: 1.86€ + 0.14€ level: 2 - HandId: #2698134094985822209-12-1675182372 - Holdem no limit (15/30) - 2023/01/31 16:26:12 UTC
Table: 'Expresso Nitro(628208298)#0' 3-max (real money) Seat #2 is the button
Seat 2: _SKR (255)
Seat 3: Themax35 (645)
*** ANTE/BLINDS ***
_SKR posts small blind 15
Themax35 posts big blind 30
Dealt to _SKR [Js 8c]
*** PRE-FLOP *** 
_SKR raises 225 to 255 and is all-in
Themax35 folds
_SKR collected 285 from pot
*** SUMMARY ***
Total pot 285 | No rake
Seat 2: _SKR (small blind) (button) won 285


Winamax Poker - Tournament "Expresso Nitro" buyIn: 1.86€ + 0.14€ level: 2 - HandId: #2698134094985822209-13-1675182382 - Holdem no limit (15/30) - 2023/01/31 16:26:22 UTC
Table: 'Expresso Nitro(628208298)#0' 3-max (real money) Seat #3 is the button
Seat 2: _SKR (285)
Seat 3: Themax35 (615)
*** ANTE/BLINDS ***
Themax35 posts small blind 15
_SKR posts big blind 30
Dealt to _SKR [Jc 6h]
*** PRE-FLOP *** 
Themax35 raises 60 to 90
_SKR folds
Themax35 collected 120 from pot
*** SUMMARY ***
Total pot 120 | No rake
Seat 3: Themax35 (small blind) (button) won 120


Winamax Poker - Tournament "Expresso Nitro" buyIn: 1.86€ + 0.14€ level: 2 - HandId: #2698134094985822209-14-1675182389 - Holdem no limit (15/30) - 2023/01/31 16:26:29 UTC
Table: 'Expresso Nitro(628208298)#0' 3-max (real money) Seat #2 is the button
Seat 2: _SKR (255)
Seat 3: Themax35 (645)
*** ANTE/BLINDS ***
_SKR posts small blind 15
Themax35 posts big blind 30
Dealt to _SKR [5c 3c]
*** PRE-FLOP *** 
_SKR folds
Themax35 collected 45 from pot
*** SUMMARY ***
Total pot 45 | No rake
Seat 3: Themax35 (big blind) won 45


Winamax Poker - Tournament "Expresso Nitro" buyIn: 1.86€ + 0.14€ level: 2 - HandId: #2698134094985822209-15-1675182393 - Holdem no limit (15/30) - 2023/01/31 16:26:33 UTC
Table: 'Expresso Nitro(628208298)#0' 3-max (real money) Seat #3 is the button
Seat 2: _SKR (240)
Seat 3: Themax35 (660)
*** ANTE/BLINDS ***
Themax35 posts small blind 15
_SKR posts big blind 30
Dealt to _SKR [Kh Qh]
*** PRE-FLOP *** 
Themax35 folds
_SKR collected 45 from pot
*** SUMMARY ***
Total pot 45 | No rake
Seat 2: _SKR (big blind) won 45


Winamax Poker - Tournament "Expresso Nitro" buyIn: 1.86€ + 0.14€ level: 2 - HandId: #2698134094985822209-16-1675182400 - Holdem no limit (15/30) - 2023/01/31 16:26:40 UTC
Table: 'Expresso Nitro(628208298)#0' 3-max (real money) Seat #2 is the button
Seat 2: _SKR (255)
Seat 3: Themax35 (645)
*** ANTE/BLINDS ***
_SKR posts small blind 15
Themax35 posts big blind 30
Dealt to _SKR [Qh 7c]
*** PRE-FLOP *** 
_SKR raises 225 to 255 and is all-in
Themax35 folds
_SKR collected 285 from pot
*** SUMMARY ***
Total pot 285 | No rake
Seat 2: _SKR (small blind) (button) won 285


Winamax Poker - Tournament "Expresso Nitro" buyIn: 1.86€ + 0.14€ level: 2 - HandId: #2698134094985822209-17-1675182407 - Holdem no limit (15/30) - 2023/01/31 16:26:47 UTC
Table: 'Expresso Nitro(628208298)#0' 3-max (real money) Seat #3 is the button
Seat 2: _SKR (285)
Seat 3: Themax35 (615)
*** ANTE/BLINDS ***
Themax35 posts small blind 15
_SKR posts big blind 30
Dealt to _SKR [Ad 4s]
*** PRE-FLOP *** 
Themax35 folds
_SKR collected 45 from pot
*** SUMMARY ***
Total pot 45 | No rake
Seat 2: _SKR (big blind) won 45


Winamax Poker - Tournament "Expresso Nitro" buyIn: 1.86€ + 0.14€ level: 2 - HandId: #2698134094985822209-18-1675182411 - Holdem no limit (15/30) - 2023/01/31 16:26:51 UTC
Table: 'Expresso Nitro(628208298)#0' 3-max (real money) Seat #2 is the button
Seat 2: _SKR (300)
Seat 3: Themax35 (600)
*** ANTE/BLINDS ***
_SKR posts small blind 15
Themax35 posts big blind 30
Dealt to _SKR [8h Ks]
*** PRE-FLOP *** 
_SKR raises 270 to 300 and is all-in
Themax35 folds
_SKR collected 330 from pot
*** SUMMARY ***
Total pot 330 | No rake
Seat 2: _SKR (small blind) (button) won 330


Winamax Poker - Tournament "Expresso Nitro" buyIn: 1.86€ + 0.14€ level: 3 - HandId: #2698134094985822209-19-1675182420 - Holdem no limit (20/40) - 2023/01/31 16:27:00 UTC
Table: 'Expresso Nitro(628208298)#0' 3-max (real money) Seat #3 is the button
Seat 2: _SKR (330)
Seat 3: Themax35 (570)
*** ANTE/BLINDS ***
Themax35 posts small blind 20
_SKR posts big blind 40
Dealt to _SKR [3d 2d]
*** PRE-FLOP *** 
Themax35 raises 530 to 570 and is all-in
_SKR folds
Themax35 collected 610 from pot
*** SUMMARY ***
Total pot 610 | No rake
Seat 3: Themax35 (small blind) (button) won 610


Winamax Poker - Tournament "Expresso Nitro" buyIn: 1.86€ + 0.14€ level: 3 - HandId: #2698134094985822209-20-1675182429 - Holdem no limit (20/40) - 2023/01/31 16:27:09 UTC
Table: 'Expresso Nitro(628208298)#0' 3-max (real money) Seat #2 is the button
Seat 2: _SKR (290)
Seat 3: Themax35 (610)
*** ANTE/BLINDS ***
_SKR posts small blind 20
Themax35 posts big blind 40
Dealt to _SKR [7h Js]
*** PRE-FLOP *** 
_SKR raises 250 to 290 and is all-in
Themax35 calls 250
*** FLOP *** [6d Jd Jc]
*** TURN *** [6d Jd Jc][7s]
*** RIVER *** [6d Jd Jc 7s][9d]
*** SHOW DOWN ***
Themax35 shows [Kh 7c] (Two pairs : Jacks and 7)
_SKR shows [7h Js] (Full of Jacks and 7)
_SKR collected 580 from pot
*** SUMMARY ***
Total pot 580 | No rake
Board: [6d Jd Jc 7s 9d]
Seat 2: _SKR (small blind) (button) showed [7h Js] and won 580 with Full of Jacks and 7
Seat 3: Themax35 (big blind) showed [Kh 7c] and lost with Two pairs : Jacks and 7


Winamax Poker - Tournament "Expresso Nitro" buyIn: 1.86€ + 0.14€ level: 3 - HandId: #2698134094985822209-21-1675182443 - Holdem no limit (20/40) - 2023/01/31 16:27:23 UTC
Table: 'Expresso Nitro(628208298)#0' 3-max (real money) Seat #3 is the button
Seat 2: _SKR (580)
Seat 3: Themax35 (320)
*** ANTE/BLINDS ***
Themax35 posts small blind 20
_SKR posts big blind 40
Dealt to _SKR [7s Qh]
*** PRE-FLOP *** 
Themax35 raises 80 to 120
_SKR folds
Themax35 collected 160 from pot
*** SUMMARY ***
Total pot 160 | No rake
Seat 3: Themax35 (small blind) (button) won 160


Winamax Poker - Tournament "Expresso Nitro" buyIn: 1.86€ + 0.14€ level: 3 - HandId: #2698134094985822209-22-1675182450 - Holdem no limit (20/40) - 2023/01/31 16:27:30 UTC
Table: 'Expresso Nitro(628208298)#0' 3-max (real money) Seat #2 is the button
Seat 2: _SKR (540)
Seat 3: Themax35 (360)
*** ANTE/BLINDS ***
_SKR posts small blind 20
Themax35 posts big blind 40
Dealt to _SKR [Qh Kd]
*** PRE-FLOP *** 
_SKR raises 500 to 540 and is all-in
Themax35 calls 320 and is all-in
*** FLOP *** [Kc Ks 8c]
*** TURN *** [Kc Ks 8c][Ts]
*** RIVER *** [Kc Ks 8c Ts][2s]
*** SHOW DOWN ***
Themax35 shows [Qd 4h] (One pair : Kings)
_SKR shows [Qh Kd] (Trips of Kings)
_SKR collected 900 from pot
*** SUMMARY ***
Total pot 900 | No rake
Board: [Kc Ks 8c Ts 2s]
Seat 2: _SKR (small blind) (button) showed [Qh Kd] and won 900 with Trips of Kings
Seat 3: Themax35 (big blind) showed [Qd 4h] and lost with One pair : Kings


