Winamax Poker - Tournament "Expresso Nitro" buyIn: 0.93€ + 0.07€ level: 1 - HandId: #2730596170773561345-1-1676987705 - Holdem no limit (10/20) - 2023/02/21 13:55:05 UTC
Table: 'Expresso Nitro(635766464)#0' 3-max (real money) Seat #2 is the button
Seat 1: RAKTOUT974 (300)
Seat 2: _SKR (300)
Seat 3: BASDEMMM (300)
*** ANTE/BLINDS ***
BASDEMMM posts small blind 10
RAKTOUT974 posts big blind 20
Dealt to _SKR [Tc 5d]
*** PRE-FLOP *** 
_SKR folds
BASDEMMM calls 10
RAKTOUT974 checks
*** FLOP *** [6c 2h 4s]
BASDEMMM checks
RAKTOUT974 bets 20
BASDEMMM calls 20
*** TURN *** [6c 2h 4s][Qc]
BASDEMMM checks
RAKTOUT974 checks
*** RIVER *** [6c 2h 4s Qc][9d]
BASDEMMM bets 20
RAKTOUT974 folds
BASDEMMM collected 100 from pot
*** SUMMARY ***
Total pot 100 | No rake
Board: [6c 2h 4s Qc 9d]
Seat 3: BASDEMMM (small blind) won 100


Winamax Poker - Tournament "Expresso Nitro" buyIn: 0.93€ + 0.07€ level: 1 - HandId: #2730596170773561345-2-1676987745 - Holdem no limit (10/20) - 2023/02/21 13:55:45 UTC
Table: 'Expresso Nitro(635766464)#0' 3-max (real money) Seat #3 is the button
Seat 1: RAKTOUT974 (260)
Seat 2: _SKR (300)
Seat 3: BASDEMMM (340)
*** ANTE/BLINDS ***
RAKTOUT974 posts small blind 10
_SKR posts big blind 20
Dealt to _SKR [Jh 4s]
*** PRE-FLOP *** 
BASDEMMM calls 20
RAKTOUT974 raises 20 to 40
_SKR folds
BASDEMMM calls 20
*** FLOP *** [4h Kc 4c]
RAKTOUT974 bets 20
BASDEMMM folds
RAKTOUT974 collected 120 from pot
*** SUMMARY ***
Total pot 120 | No rake
Board: [4h Kc 4c]
Seat 1: RAKTOUT974 (small blind) won 120


Winamax Poker - Tournament "Expresso Nitro" buyIn: 0.93€ + 0.07€ level: 2 - HandId: #2730596170773561345-3-1676987765 - Holdem no limit (15/30) - 2023/02/21 13:56:05 UTC
Table: 'Expresso Nitro(635766464)#0' 3-max (real money) Seat #1 is the button
Seat 1: RAKTOUT974 (320)
Seat 2: _SKR (280)
Seat 3: BASDEMMM (300)
*** ANTE/BLINDS ***
_SKR posts small blind 15
BASDEMMM posts big blind 30
Dealt to _SKR [9s 6c]
*** PRE-FLOP *** 
RAKTOUT974 calls 30
_SKR folds
BASDEMMM checks
*** FLOP *** [Ks 7s Js]
BASDEMMM checks
RAKTOUT974 bets 30
BASDEMMM folds
RAKTOUT974 collected 105 from pot
*** SUMMARY ***
Total pot 105 | No rake
Board: [Ks 7s Js]
Seat 1: RAKTOUT974 (button) won 105


Winamax Poker - Tournament "Expresso Nitro" buyIn: 0.93€ + 0.07€ level: 2 - HandId: #2730596170773561345-4-1676987779 - Holdem no limit (15/30) - 2023/02/21 13:56:19 UTC
Table: 'Expresso Nitro(635766464)#0' 3-max (real money) Seat #2 is the button
Seat 1: RAKTOUT974 (365)
Seat 2: _SKR (265)
Seat 3: BASDEMMM (270)
*** ANTE/BLINDS ***
BASDEMMM posts small blind 15
RAKTOUT974 posts big blind 30
Dealt to _SKR [4s 2d]
*** PRE-FLOP *** 
_SKR folds
BASDEMMM calls 15
RAKTOUT974 checks
*** FLOP *** [9c Td 8d]
BASDEMMM checks
RAKTOUT974 checks
*** TURN *** [9c Td 8d][3c]
BASDEMMM bets 30
RAKTOUT974 calls 30
*** RIVER *** [9c Td 8d 3c][5s]
BASDEMMM bets 120
RAKTOUT974 folds
BASDEMMM collected 240 from pot
*** SUMMARY ***
Total pot 240 | No rake
Board: [9c Td 8d 3c 5s]
Seat 3: BASDEMMM (small blind) won 240


Winamax Poker - Tournament "Expresso Nitro" buyIn: 0.93€ + 0.07€ level: 2 - HandId: #2730596170773561345-5-1676987798 - Holdem no limit (15/30) - 2023/02/21 13:56:38 UTC
Table: 'Expresso Nitro(635766464)#0' 3-max (real money) Seat #3 is the button
Seat 1: RAKTOUT974 (305)
Seat 2: _SKR (265)
Seat 3: BASDEMMM (330)
*** ANTE/BLINDS ***
RAKTOUT974 posts small blind 15
_SKR posts big blind 30
Dealt to _SKR [7h Qs]
*** PRE-FLOP *** 
BASDEMMM calls 30
RAKTOUT974 calls 15
_SKR checks
*** FLOP *** [Ad 6s 6c]
RAKTOUT974 checks
_SKR checks
BASDEMMM bets 30
RAKTOUT974 folds
_SKR folds
BASDEMMM collected 120 from pot
*** SUMMARY ***
Total pot 120 | No rake
Board: [Ad 6s 6c]
Seat 3: BASDEMMM (button) won 120


Winamax Poker - Tournament "Expresso Nitro" buyIn: 0.93€ + 0.07€ level: 2 - HandId: #2730596170773561345-6-1676987816 - Holdem no limit (15/30) - 2023/02/21 13:56:56 UTC
Table: 'Expresso Nitro(635766464)#0' 3-max (real money) Seat #1 is the button
Seat 1: RAKTOUT974 (275)
Seat 2: _SKR (235)
Seat 3: BASDEMMM (390)
*** ANTE/BLINDS ***
_SKR posts small blind 15
BASDEMMM posts big blind 30
Dealt to _SKR [4c 7h]
*** PRE-FLOP *** 
RAKTOUT974 calls 30
_SKR folds
BASDEMMM checks
*** FLOP *** [8s Ts Tc]
BASDEMMM checks
RAKTOUT974 bets 30
BASDEMMM calls 30
*** TURN *** [8s Ts Tc][9s]
BASDEMMM checks
RAKTOUT974 checks
*** RIVER *** [8s Ts Tc 9s][4h]
BASDEMMM bets 135
RAKTOUT974 raises 80 to 215 and is all-in
BASDEMMM calls 80
*** SHOW DOWN ***
RAKTOUT974 shows [Qh Jc] (Straight Queen high)
BASDEMMM shows [As 6s] (Flush Ace high)
BASDEMMM collected 565 from pot
*** SUMMARY ***
Total pot 565 | No rake
Board: [8s Ts Tc 9s 4h]
Seat 1: RAKTOUT974 (button) showed [Qh Jc] and lost with Straight Queen high
Seat 3: BASDEMMM (big blind) showed [As 6s] and won 565 with Flush Ace high


Winamax Poker - Tournament "Expresso Nitro" buyIn: 0.93€ + 0.07€ level: 3 - HandId: #2730596170773561345-7-1676987844 - Holdem no limit (20/40) - 2023/02/21 13:57:24 UTC
Table: 'Expresso Nitro(635766464)#0' 3-max (real money) Seat #3 is the button
Seat 2: _SKR (220)
Seat 3: BASDEMMM (680)
*** ANTE/BLINDS ***
BASDEMMM posts small blind 20
_SKR posts big blind 40
Dealt to _SKR [2h Qs]
*** PRE-FLOP *** 
BASDEMMM calls 20
_SKR checks
*** FLOP *** [5c Ts 9c]
_SKR checks
BASDEMMM bets 40
_SKR folds
BASDEMMM collected 120 from pot
*** SUMMARY ***
Total pot 120 | No rake
Board: [5c Ts 9c]
Seat 3: BASDEMMM (small blind) (button) won 120


Winamax Poker - Tournament "Expresso Nitro" buyIn: 0.93€ + 0.07€ level: 3 - HandId: #2730596170773561345-8-1676987854 - Holdem no limit (20/40) - 2023/02/21 13:57:34 UTC
Table: 'Expresso Nitro(635766464)#0' 3-max (real money) Seat #2 is the button
Seat 2: _SKR (180)
Seat 3: BASDEMMM (720)
*** ANTE/BLINDS ***
_SKR posts small blind 20
BASDEMMM posts big blind 40
Dealt to _SKR [2c Qh]
*** PRE-FLOP *** 
_SKR raises 140 to 180 and is all-in
BASDEMMM folds
_SKR collected 220 from pot
*** SUMMARY ***
Total pot 220 | No rake
Seat 2: _SKR (small blind) (button) won 220


Winamax Poker - Tournament "Expresso Nitro" buyIn: 0.93€ + 0.07€ level: 3 - HandId: #2730596170773561345-9-1676987860 - Holdem no limit (20/40) - 2023/02/21 13:57:40 UTC
Table: 'Expresso Nitro(635766464)#0' 3-max (real money) Seat #3 is the button
Seat 2: _SKR (220)
Seat 3: BASDEMMM (680)
*** ANTE/BLINDS ***
BASDEMMM posts small blind 20
_SKR posts big blind 40
Dealt to _SKR [9s 6s]
*** PRE-FLOP *** 
BASDEMMM calls 20
_SKR checks
*** FLOP *** [4s As 3h]
_SKR checks
BASDEMMM checks
*** TURN *** [4s As 3h][6c]
_SKR bets 52
BASDEMMM folds
_SKR collected 132 from pot
*** SUMMARY ***
Total pot 132 | No rake
Board: [4s As 3h 6c]
Seat 2: _SKR (big blind) won 132


Winamax Poker - Tournament "Expresso Nitro" buyIn: 0.93€ + 0.07€ level: 3 - HandId: #2730596170773561345-10-1676987876 - Holdem no limit (20/40) - 2023/02/21 13:57:56 UTC
Table: 'Expresso Nitro(635766464)#0' 3-max (real money) Seat #2 is the button
Seat 2: _SKR (260)
Seat 3: BASDEMMM (640)
*** ANTE/BLINDS ***
_SKR posts small blind 20
BASDEMMM posts big blind 40
Dealt to _SKR [Kc 4d]
*** PRE-FLOP *** 
_SKR raises 220 to 260 and is all-in
BASDEMMM folds
_SKR collected 300 from pot
*** SUMMARY ***
Total pot 300 | No rake
Seat 2: _SKR (small blind) (button) won 300


Winamax Poker - Tournament "Expresso Nitro" buyIn: 0.93€ + 0.07€ level: 4 - HandId: #2730596170773561345-11-1676987884 - Holdem no limit (30/60) - 2023/02/21 13:58:04 UTC
Table: 'Expresso Nitro(635766464)#0' 3-max (real money) Seat #3 is the button
Seat 2: _SKR (300)
Seat 3: BASDEMMM (600)
*** ANTE/BLINDS ***
BASDEMMM posts small blind 30
_SKR posts big blind 60
Dealt to _SKR [3h 2s]
*** PRE-FLOP *** 
BASDEMMM calls 30
_SKR checks
*** FLOP *** [5c 7s As]
_SKR checks
BASDEMMM bets 60
_SKR folds
BASDEMMM collected 180 from pot
*** SUMMARY ***
Total pot 180 | No rake
Board: [5c 7s As]
Seat 3: BASDEMMM (small blind) (button) won 180


Winamax Poker - Tournament "Expresso Nitro" buyIn: 0.93€ + 0.07€ level: 4 - HandId: #2730596170773561345-12-1676987897 - Holdem no limit (30/60) - 2023/02/21 13:58:17 UTC
Table: 'Expresso Nitro(635766464)#0' 3-max (real money) Seat #2 is the button
Seat 2: _SKR (240)
Seat 3: BASDEMMM (660)
*** ANTE/BLINDS ***
_SKR posts small blind 30
BASDEMMM posts big blind 60
Dealt to _SKR [Ah 2s]
*** PRE-FLOP *** 
_SKR raises 180 to 240 and is all-in
BASDEMMM calls 180
*** FLOP *** [7s 2h Jh]
*** TURN *** [7s 2h Jh][8s]
*** RIVER *** [7s 2h Jh 8s][6s]
*** SHOW DOWN ***
_SKR shows [Ah 2s] (One pair : 2)
BASDEMMM shows [Qs 8c] (One pair : 8)
BASDEMMM collected 480 from pot
*** SUMMARY ***
Total pot 480 | No rake
Board: [7s 2h Jh 8s 6s]
Seat 2: _SKR (small blind) (button) showed [Ah 2s] and lost with One pair : 2
Seat 3: BASDEMMM (big blind) showed [Qs 8c] and won 480 with One pair : 8


