Winamax Poker - Tournament "Expresso Nitro" buyIn: 1.86€ + 0.14€ level: 1 - HandId: #2698195006212014081-1-1675185057 - Holdem no limit (10/20) - 2023/01/31 17:10:57 UTC
Table: 'Expresso Nitro(628222480)#0' 3-max (real money) Seat #3 is the button
Seat 1: Vavortatis (300)
Seat 2: _SKR (300)
Seat 3: Betiss (300)
*** ANTE/BLINDS ***
Vavortatis posts small blind 10
_SKR posts big blind 20
Dealt to _SKR [6h 7d]
*** PRE-FLOP *** 
Betiss calls 20
Vavortatis calls 10
_SKR checks
*** FLOP *** [Jd 6c 5h]
Vavortatis bets 21
_SKR calls 21
Betiss calls 21
*** TURN *** [Jd 6c 5h][4d]
Vavortatis bets 80
_SKR calls 80
Betiss calls 80
*** RIVER *** [Jd 6c 5h 4d][Ad]
Vavortatis bets 127
_SKR folds
Betiss raises 52 to 179 and is all-in
Vavortatis calls 52 and is all-in
*** SHOW DOWN ***
Vavortatis shows [3d Qh] (High card : Ace)
Betiss shows [Ts 6s] (One pair : 6)
Betiss collected 721 from pot
*** SUMMARY ***
Total pot 721 | No rake
Board: [Jd 6c 5h 4d Ad]
Seat 1: Vavortatis (small blind) showed [3d Qh] and lost with High card : Ace
Seat 3: Betiss (button) showed [Ts 6s] and won 721 with One pair : 6


Winamax Poker - Tournament "Expresso Nitro" buyIn: 1.86€ + 0.14€ level: 2 - HandId: #2698195006212014081-2-1675185126 - Holdem no limit (15/30) - 2023/01/31 17:12:06 UTC
Table: 'Expresso Nitro(628222480)#0' 3-max (real money) Seat #2 is the button
Seat 2: _SKR (179)
Seat 3: Betiss (721)
*** ANTE/BLINDS ***
_SKR posts small blind 15
Betiss posts big blind 30
Dealt to _SKR [8s Ac]
*** PRE-FLOP *** 
_SKR raises 149 to 179 and is all-in
Betiss calls 149
*** FLOP *** [7s 5c 9c]
*** TURN *** [7s 5c 9c][7d]
*** RIVER *** [7s 5c 9c 7d][Ah]
*** SHOW DOWN ***
Betiss shows [9d 8d] (Two pairs : 9 and 7)
_SKR shows [8s Ac] (Two pairs : Aces and 7)
_SKR collected 358 from pot
*** SUMMARY ***
Total pot 358 | No rake
Board: [7s 5c 9c 7d Ah]
Seat 2: _SKR (small blind) (button) showed [8s Ac] and won 358 with Two pairs : Aces and 7
Seat 3: Betiss (big blind) showed [9d 8d] and lost with Two pairs : 9 and 7


Winamax Poker - Tournament "Expresso Nitro" buyIn: 1.86€ + 0.14€ level: 2 - HandId: #2698195006212014081-3-1675185140 - Holdem no limit (15/30) - 2023/01/31 17:12:20 UTC
Table: 'Expresso Nitro(628222480)#0' 3-max (real money) Seat #3 is the button
Seat 2: _SKR (358)
Seat 3: Betiss (542)
*** ANTE/BLINDS ***
Betiss posts small blind 15
_SKR posts big blind 30
Dealt to _SKR [8d As]
*** PRE-FLOP *** 
Betiss folds
_SKR collected 45 from pot
*** SUMMARY ***
Total pot 45 | No rake
Seat 2: _SKR (big blind) won 45


Winamax Poker - Tournament "Expresso Nitro" buyIn: 1.86€ + 0.14€ level: 2 - HandId: #2698195006212014081-4-1675185149 - Holdem no limit (15/30) - 2023/01/31 17:12:29 UTC
Table: 'Expresso Nitro(628222480)#0' 3-max (real money) Seat #2 is the button
Seat 2: _SKR (373)
Seat 3: Betiss (527)
*** ANTE/BLINDS ***
_SKR posts small blind 15
Betiss posts big blind 30
Dealt to _SKR [5s Ah]
*** PRE-FLOP *** 
_SKR raises 343 to 373 and is all-in
Betiss folds
_SKR collected 403 from pot
*** SUMMARY ***
Total pot 403 | No rake
Seat 2: _SKR (small blind) (button) won 403


Winamax Poker - Tournament "Expresso Nitro" buyIn: 1.86€ + 0.14€ level: 2 - HandId: #2698195006212014081-5-1675185155 - Holdem no limit (15/30) - 2023/01/31 17:12:35 UTC
Table: 'Expresso Nitro(628222480)#0' 3-max (real money) Seat #3 is the button
Seat 2: _SKR (403)
Seat 3: Betiss (497)
*** ANTE/BLINDS ***
Betiss posts small blind 15
_SKR posts big blind 30
Dealt to _SKR [5c Jc]
*** PRE-FLOP *** 
Betiss calls 15
_SKR checks
*** FLOP *** [9d 3s 4d]
_SKR checks
Betiss bets 39
_SKR folds
Betiss collected 99 from pot
*** SUMMARY ***
Total pot 99 | No rake
Board: [9d 3s 4d]
Seat 3: Betiss (small blind) (button) won 99


Winamax Poker - Tournament "Expresso Nitro" buyIn: 1.86€ + 0.14€ level: 3 - HandId: #2698195006212014081-6-1675185176 - Holdem no limit (20/40) - 2023/01/31 17:12:56 UTC
Table: 'Expresso Nitro(628222480)#0' 3-max (real money) Seat #2 is the button
Seat 2: _SKR (373)
Seat 3: Betiss (527)
*** ANTE/BLINDS ***
_SKR posts small blind 20
Betiss posts big blind 40
Dealt to _SKR [Th 8c]
*** PRE-FLOP *** 
_SKR folds
Betiss collected 60 from pot
*** SUMMARY ***
Total pot 60 | No rake
Seat 3: Betiss (big blind) won 60


Winamax Poker - Tournament "Expresso Nitro" buyIn: 1.86€ + 0.14€ level: 3 - HandId: #2698195006212014081-7-1675185193 - Holdem no limit (20/40) - 2023/01/31 17:13:13 UTC
Table: 'Expresso Nitro(628222480)#0' 3-max (real money) Seat #3 is the button
Seat 2: _SKR (353)
Seat 3: Betiss (547)
*** ANTE/BLINDS ***
Betiss posts small blind 20
_SKR posts big blind 40
Dealt to _SKR [Qd Kc]
*** PRE-FLOP *** 
Betiss raises 60 to 100
_SKR raises 253 to 353 and is all-in
Betiss calls 253
*** FLOP *** [8s 9s 2c]
*** TURN *** [8s 9s 2c][4d]
*** RIVER *** [8s 9s 2c 4d][7s]
*** SHOW DOWN ***
_SKR shows [Qd Kc] (High card : King)
Betiss shows [5d As] (High card : Ace)
Betiss collected 706 from pot
*** SUMMARY ***
Total pot 706 | No rake
Board: [8s 9s 2c 4d 7s]
Seat 2: _SKR (big blind) showed [Qd Kc] and lost with High card : King
Seat 3: Betiss (small blind) (button) showed [5d As] and won 706 with High card : Ace


