Winamax Poker - Tournament "Expresso Nitro" buyIn: 1.86€ + 0.14€ level: 1 - HandId: #2698155647131713537-1-1675183279 - Holdem no limit (10/20) - 2023/01/31 16:41:19 UTC
Table: 'Expresso Nitro(628213316)#0' 3-max (real money) Seat #3 is the button
Seat 1: Poupsss53 (300)
Seat 2: _SKR (300)
Seat 3: Chei-Tane (300)
*** ANTE/BLINDS ***
Poupsss53 posts small blind 10
_SKR posts big blind 20
Dealt to _SKR [3d 8d]
*** PRE-FLOP *** 
Chei-Tane calls 20
Poupsss53 folds
_SKR checks
*** FLOP *** [7c Jd Kh]
_SKR checks
Chei-Tane bets 50
_SKR folds
Chei-Tane collected 100 from pot
*** SUMMARY ***
Total pot 100 | No rake
Board: [7c Jd Kh]
Seat 3: Chei-Tane (button) won 100


Winamax Poker - Tournament "Expresso Nitro" buyIn: 1.86€ + 0.14€ level: 1 - HandId: #2698155647131713537-2-1675183303 - Holdem no limit (10/20) - 2023/01/31 16:41:43 UTC
Table: 'Expresso Nitro(628213316)#0' 3-max (real money) Seat #1 is the button
Seat 1: Poupsss53 (290)
Seat 2: _SKR (280)
Seat 3: Chei-Tane (330)
*** ANTE/BLINDS ***
_SKR posts small blind 10
Chei-Tane posts big blind 20
Dealt to _SKR [6h 7s]
*** PRE-FLOP *** 
Poupsss53 folds
_SKR folds
Chei-Tane collected 30 from pot
*** SUMMARY ***
Total pot 30 | No rake
Seat 3: Chei-Tane (big blind) won 30


Winamax Poker - Tournament "Expresso Nitro" buyIn: 1.86€ + 0.14€ level: 1 - HandId: #2698155647131713537-3-1675183312 - Holdem no limit (10/20) - 2023/01/31 16:41:52 UTC
Table: 'Expresso Nitro(628213316)#0' 3-max (real money) Seat #2 is the button
Seat 1: Poupsss53 (290)
Seat 2: _SKR (270)
Seat 3: Chei-Tane (340)
*** ANTE/BLINDS ***
Chei-Tane posts small blind 10
Poupsss53 posts big blind 20
Dealt to _SKR [As 8c]
*** PRE-FLOP *** 
_SKR raises 250 to 270 and is all-in
Chei-Tane raises 70 to 340 and is all-in
Poupsss53 folds
*** FLOP *** [Ks Jc 2h]
*** TURN *** [Ks Jc 2h][6h]
*** RIVER *** [Ks Jc 2h 6h][7d]
*** SHOW DOWN ***
_SKR shows [As 8c] (High card : Ace)
Chei-Tane shows [Ah Kd] (One pair : Kings)
Chei-Tane collected 630 from pot
*** SUMMARY ***
Total pot 630 | No rake
Board: [Ks Jc 2h 6h 7d]
Seat 2: _SKR (button) showed [As 8c] and lost with High card : Ace
Seat 3: Chei-Tane (small blind) showed [Ah Kd] and won 630 with One pair : Kings


