Winamax Poker - Tournament "Expresso Nitro" buyIn: 0.93€ + 0.07€ level: 1 - HandId: #2717945829934497793-1-1676240801 - Holdem no limit (10/20) - 2023/02/12 22:26:41 UTC
Table: 'Expresso Nitro(632821077)#0' 3-max (real money) Seat #3 is the button
Seat 1: _SKR (300)
Seat 2: fizoune53 (300)
Seat 3: 4Budlight (300)
*** ANTE/BLINDS ***
_SKR posts small blind 10
fizoune53 posts big blind 20
Dealt to _SKR [Kc 8h]
*** PRE-FLOP *** 
4Budlight folds
_SKR raises 20 to 40
fizoune53 calls 20
*** FLOP *** [9c 2h Jd]
_SKR checks
fizoune53 checks
*** TURN *** [9c 2h Jd][Jh]
_SKR bets 28
fizoune53 folds
_SKR collected 108 from pot
*** SUMMARY ***
Total pot 108 | No rake
Board: [9c 2h Jd Jh]
Seat 1: _SKR (small blind) won 108


Winamax Poker - Tournament "Expresso Nitro" buyIn: 0.93€ + 0.07€ level: 1 - HandId: #2717945829934497793-2-1676240818 - Holdem no limit (10/20) - 2023/02/12 22:26:58 UTC
Table: 'Expresso Nitro(632821077)#0' 3-max (real money) Seat #1 is the button
Seat 1: _SKR (340)
Seat 2: fizoune53 (260)
Seat 3: 4Budlight (300)
*** ANTE/BLINDS ***
fizoune53 posts small blind 10
4Budlight posts big blind 20
Dealt to _SKR [8d 4s]
*** PRE-FLOP *** 
_SKR folds
fizoune53 calls 10
4Budlight checks
*** FLOP *** [6s 3c Tc]
fizoune53 checks
4Budlight checks
*** TURN *** [6s 3c Tc][3s]
fizoune53 checks
4Budlight checks
*** RIVER *** [6s 3c Tc 3s][3h]
fizoune53 checks
4Budlight checks
*** SHOW DOWN ***
4Budlight shows [7d 2h] (Trips of 3)
fizoune53 shows [Kh 4d] (Trips of 3)
fizoune53 collected 40 from pot
*** SUMMARY ***
Total pot 40 | No rake
Board: [6s 3c Tc 3s 3h]
Seat 2: fizoune53 (small blind) showed [Kh 4d] and won 40 with Trips of 3
Seat 3: 4Budlight (big blind) showed [7d 2h] and lost with Trips of 3


Winamax Poker - Tournament "Expresso Nitro" buyIn: 0.93€ + 0.07€ level: 1 - HandId: #2717945829934497793-3-1676240854 - Holdem no limit (10/20) - 2023/02/12 22:27:34 UTC
Table: 'Expresso Nitro(632821077)#0' 3-max (real money) Seat #2 is the button
Seat 1: _SKR (340)
Seat 2: fizoune53 (280)
Seat 3: 4Budlight (280)
*** ANTE/BLINDS ***
4Budlight posts small blind 10
_SKR posts big blind 20
Dealt to _SKR [Td Ts]
*** PRE-FLOP *** 
fizoune53 raises 40 to 60
4Budlight folds
_SKR raises 280 to 340 and is all-in
fizoune53 calls 220 and is all-in
*** FLOP *** [4h Qc 2c]
*** TURN *** [4h Qc 2c][Ah]
*** RIVER *** [4h Qc 2c Ah][7h]
*** SHOW DOWN ***
_SKR shows [Td Ts] (One pair : Tens)
fizoune53 shows [9c Ac] (One pair : Aces)
fizoune53 collected 570 from main pot
_SKR collected 60 from side pot 1
*** SUMMARY ***
Total pot 630 | No rake
Board: [4h Qc 2c Ah 7h]
Seat 1: _SKR (big blind) showed [Td Ts] and won 60 with One pair : Tens
Seat 2: fizoune53 (button) showed [9c Ac] and won 570 with One pair : Aces


Winamax Poker - Tournament "Expresso Nitro" buyIn: 0.93€ + 0.07€ level: 2 - HandId: #2717945829934497793-4-1676240871 - Holdem no limit (15/30) - 2023/02/12 22:27:51 UTC
Table: 'Expresso Nitro(632821077)#0' 3-max (real money) Seat #3 is the button
Seat 1: _SKR (60)
Seat 2: fizoune53 (570)
Seat 3: 4Budlight (270)
*** ANTE/BLINDS ***
_SKR posts small blind 15
fizoune53 posts big blind 30
Dealt to _SKR [Kc 7d]
*** PRE-FLOP *** 
4Budlight folds
_SKR raises 30 to 60 and is all-in
fizoune53 calls 30
*** FLOP *** [Jc 6d Qs]
*** TURN *** [Jc 6d Qs][Tc]
*** RIVER *** [Jc 6d Qs Tc][3s]
*** SHOW DOWN ***
fizoune53 shows [5s Kd] (High card : King)
_SKR shows [Kc 7d] (High card : King)
_SKR collected 120 from pot
*** SUMMARY ***
Total pot 120 | No rake
Board: [Jc 6d Qs Tc 3s]
Seat 1: _SKR (small blind) showed [Kc 7d] and won 120 with High card : King
Seat 2: fizoune53 (big blind) showed [5s Kd] and lost with High card : King


Winamax Poker - Tournament "Expresso Nitro" buyIn: 0.93€ + 0.07€ level: 2 - HandId: #2717945829934497793-5-1676240893 - Holdem no limit (15/30) - 2023/02/12 22:28:13 UTC
Table: 'Expresso Nitro(632821077)#0' 3-max (real money) Seat #1 is the button
Seat 1: _SKR (120)
Seat 2: fizoune53 (510)
Seat 3: 4Budlight (270)
*** ANTE/BLINDS ***
fizoune53 posts small blind 15
4Budlight posts big blind 30
Dealt to _SKR [5h 2h]
*** PRE-FLOP *** 
_SKR folds
fizoune53 calls 15
4Budlight checks
*** FLOP *** [4h 4d 7s]
fizoune53 checks
4Budlight checks
*** TURN *** [4h 4d 7s][9d]
fizoune53 checks
4Budlight checks
*** RIVER *** [4h 4d 7s 9d][Ac]
fizoune53 bets 30
4Budlight folds
fizoune53 collected 90 from pot
*** SUMMARY ***
Total pot 90 | No rake
Board: [4h 4d 7s 9d Ac]
Seat 2: fizoune53 (small blind) won 90


Winamax Poker - Tournament "Expresso Nitro" buyIn: 0.93€ + 0.07€ level: 3 - HandId: #2717945829934497793-6-1676240921 - Holdem no limit (20/40) - 2023/02/12 22:28:41 UTC
Table: 'Expresso Nitro(632821077)#0' 3-max (real money) Seat #2 is the button
Seat 1: _SKR (120)
Seat 2: fizoune53 (540)
Seat 3: 4Budlight (240)
*** ANTE/BLINDS ***
4Budlight posts small blind 20
_SKR posts big blind 40
Dealt to _SKR [4d 3h]
*** PRE-FLOP *** 
fizoune53 calls 40
4Budlight folds
_SKR checks
*** FLOP *** [Kc 5h 8c]
_SKR checks
fizoune53 checks
*** TURN *** [Kc 5h 8c][4h]
_SKR checks
fizoune53 checks
*** RIVER *** [Kc 5h 8c 4h][2d]
_SKR checks
fizoune53 checks
*** SHOW DOWN ***
fizoune53 shows [3d Qd] (High card : King)
_SKR shows [4d 3h] (One pair : 4)
_SKR collected 100 from pot
*** SUMMARY ***
Total pot 100 | No rake
Board: [Kc 5h 8c 4h 2d]
Seat 1: _SKR (big blind) showed [4d 3h] and won 100 with One pair : 4
Seat 2: fizoune53 (button) showed [3d Qd] and lost with High card : King


Winamax Poker - Tournament "Expresso Nitro" buyIn: 0.93€ + 0.07€ level: 3 - HandId: #2717945829934497793-7-1676240953 - Holdem no limit (20/40) - 2023/02/12 22:29:13 UTC
Table: 'Expresso Nitro(632821077)#0' 3-max (real money) Seat #3 is the button
Seat 1: _SKR (180)
Seat 2: fizoune53 (500)
Seat 3: 4Budlight (220)
*** ANTE/BLINDS ***
_SKR posts small blind 20
fizoune53 posts big blind 40
Dealt to _SKR [7s Ad]
*** PRE-FLOP *** 
4Budlight folds
_SKR raises 140 to 180 and is all-in
fizoune53 folds
_SKR collected 220 from pot
*** SUMMARY ***
Total pot 220 | No rake
Seat 1: _SKR (small blind) won 220


Winamax Poker - Tournament "Expresso Nitro" buyIn: 0.93€ + 0.07€ level: 3 - HandId: #2717945829934497793-8-1676240975 - Holdem no limit (20/40) - 2023/02/12 22:29:35 UTC
Table: 'Expresso Nitro(632821077)#0' 3-max (real money) Seat #1 is the button
Seat 1: _SKR (220)
Seat 2: fizoune53 (460)
Seat 3: 4Budlight (220)
*** ANTE/BLINDS ***
fizoune53 posts small blind 20
4Budlight posts big blind 40
Dealt to _SKR [Ks Jd]
*** PRE-FLOP *** 
_SKR raises 180 to 220 and is all-in
fizoune53 folds
4Budlight folds
_SKR collected 280 from pot
*** SUMMARY ***
Total pot 280 | No rake
Seat 1: _SKR (button) won 280


Winamax Poker - Tournament "Expresso Nitro" buyIn: 0.93€ + 0.07€ level: 4 - HandId: #2717945829934497793-9-1676240984 - Holdem no limit (30/60) - 2023/02/12 22:29:44 UTC
Table: 'Expresso Nitro(632821077)#0' 3-max (real money) Seat #2 is the button
Seat 1: _SKR (280)
Seat 2: fizoune53 (440)
Seat 3: 4Budlight (180)
*** ANTE/BLINDS ***
4Budlight posts small blind 30
_SKR posts big blind 60
Dealt to _SKR [2c 5h]
*** PRE-FLOP *** 
fizoune53 folds
4Budlight raises 120 to 180 and is all-in
_SKR folds
4Budlight collected 240 from pot
*** SUMMARY ***
Total pot 240 | No rake
Seat 3: 4Budlight (small blind) won 240


Winamax Poker - Tournament "Expresso Nitro" buyIn: 0.93€ + 0.07€ level: 4 - HandId: #2717945829934497793-10-1676240998 - Holdem no limit (30/60) - 2023/02/12 22:29:58 UTC
Table: 'Expresso Nitro(632821077)#0' 3-max (real money) Seat #3 is the button
Seat 1: _SKR (220)
Seat 2: fizoune53 (440)
Seat 3: 4Budlight (240)
*** ANTE/BLINDS ***
_SKR posts small blind 30
fizoune53 posts big blind 60
Dealt to _SKR [Kc 3c]
*** PRE-FLOP *** 
4Budlight raises 180 to 240 and is all-in
_SKR folds
fizoune53 folds
4Budlight collected 330 from pot
*** SUMMARY ***
Total pot 330 | No rake
Seat 3: 4Budlight (button) won 330


Winamax Poker - Tournament "Expresso Nitro" buyIn: 0.93€ + 0.07€ level: 4 - HandId: #2717945829934497793-11-1676241006 - Holdem no limit (30/60) - 2023/02/12 22:30:06 UTC
Table: 'Expresso Nitro(632821077)#0' 3-max (real money) Seat #1 is the button
Seat 1: _SKR (190)
Seat 2: fizoune53 (380)
Seat 3: 4Budlight (330)
*** ANTE/BLINDS ***
fizoune53 posts small blind 30
4Budlight posts big blind 60
Dealt to _SKR [9c 5d]
*** PRE-FLOP *** 
_SKR folds
fizoune53 folds
4Budlight collected 90 from pot
*** SUMMARY ***
Total pot 90 | No rake
Seat 3: 4Budlight (big blind) won 90


Winamax Poker - Tournament "Expresso Nitro" buyIn: 0.93€ + 0.07€ level: 4 - HandId: #2717945829934497793-12-1676241012 - Holdem no limit (30/60) - 2023/02/12 22:30:12 UTC
Table: 'Expresso Nitro(632821077)#0' 3-max (real money) Seat #2 is the button
Seat 1: _SKR (190)
Seat 2: fizoune53 (350)
Seat 3: 4Budlight (360)
*** ANTE/BLINDS ***
4Budlight posts small blind 30
_SKR posts big blind 60
Dealt to _SKR [3c Jd]
*** PRE-FLOP *** 
fizoune53 raises 120 to 180
4Budlight folds
_SKR raises 10 to 190 and is all-in
fizoune53 calls 10
*** FLOP *** [2h 5c 9h]
*** TURN *** [2h 5c 9h][Td]
*** RIVER *** [2h 5c 9h Td][4s]
*** SHOW DOWN ***
_SKR shows [3c Jd] (High card : Jack)
fizoune53 shows [Kd As] (High card : Ace)
fizoune53 collected 410 from pot
*** SUMMARY ***
Total pot 410 | No rake
Board: [2h 5c 9h Td 4s]
Seat 1: _SKR (big blind) showed [3c Jd] and lost with High card : Jack
Seat 2: fizoune53 (button) showed [Kd As] and won 410 with High card : Ace


