Winamax Poker - Tournament "Expresso Nitro" buyIn: 1.86€ + 0.14€ level: 1 - HandId: #2694608583965802497-1-1674947100 - Holdem no limit (10/20) - 2023/01/28 23:05:00 UTC
Table: 'Expresso Nitro(627387451)#0' 3-max (real money) Seat #1 is the button
Seat 1: _SKR (300)
Seat 2: Zizou93330 (300)
Seat 3: Willhood51 (300)
*** ANTE/BLINDS ***
Zizou93330 posts small blind 10
Willhood51 posts big blind 20
Dealt to _SKR [3s 6d]
*** PRE-FLOP *** 
_SKR folds
Zizou93330 calls 10
Willhood51 checks
*** FLOP *** [Tc Ah 9s]
Zizou93330 checks
Willhood51 checks
*** TURN *** [Tc Ah 9s][Kh]
Zizou93330 checks
Willhood51 bets 20
Zizou93330 calls 20
*** RIVER *** [Tc Ah 9s Kh][4d]
Zizou93330 checks
Willhood51 bets 20
Zizou93330 calls 20
*** SHOW DOWN ***
Zizou93330 shows [Qc 4c] (One pair : 4)
Willhood51 shows [5c Kc] (One pair : Kings)
Willhood51 collected 120 from pot
*** SUMMARY ***
Total pot 120 | No rake
Board: [Tc Ah 9s Kh 4d]
Seat 2: Zizou93330 (small blind) showed [Qc 4c] and lost with One pair : 4
Seat 3: Willhood51 (big blind) showed [5c Kc] and won 120 with One pair : Kings


Winamax Poker - Tournament "Expresso Nitro" buyIn: 1.86€ + 0.14€ level: 1 - HandId: #2694608583965802497-2-1674947124 - Holdem no limit (10/20) - 2023/01/28 23:05:24 UTC
Table: 'Expresso Nitro(627387451)#0' 3-max (real money) Seat #2 is the button
Seat 1: _SKR (300)
Seat 2: Zizou93330 (240)
Seat 3: Willhood51 (360)
*** ANTE/BLINDS ***
Willhood51 posts small blind 10
_SKR posts big blind 20
Dealt to _SKR [4h 6c]
*** PRE-FLOP *** 
Zizou93330 calls 20
Willhood51 raises 20 to 40
_SKR folds
Zizou93330 calls 20
*** FLOP *** [Qc 5d 2c]
Willhood51 checks
Zizou93330 checks
*** TURN *** [Qc 5d 2c][Th]
Willhood51 bets 20
Zizou93330 raises 20 to 40
Willhood51 calls 20
*** RIVER *** [Qc 5d 2c Th][Ac]
Willhood51 checks
Zizou93330 bets 117
Willhood51 folds
Zizou93330 collected 297 from pot
*** SUMMARY ***
Total pot 297 | No rake
Board: [Qc 5d 2c Th Ac]
Seat 2: Zizou93330 (button) won 297


Winamax Poker - Tournament "Expresso Nitro" buyIn: 1.86€ + 0.14€ level: 1 - HandId: #2694608583965802497-3-1674947154 - Holdem no limit (10/20) - 2023/01/28 23:05:54 UTC
Table: 'Expresso Nitro(627387451)#0' 3-max (real money) Seat #3 is the button
Seat 1: _SKR (280)
Seat 2: Zizou93330 (340)
Seat 3: Willhood51 (280)
*** ANTE/BLINDS ***
_SKR posts small blind 10
Zizou93330 posts big blind 20
Dealt to _SKR [8s 7h]
*** PRE-FLOP *** 
Willhood51 calls 20
_SKR folds
Zizou93330 checks
*** FLOP *** [5d 3h Kh]
Zizou93330 checks
Willhood51 checks
*** TURN *** [5d 3h Kh][8h]
Zizou93330 bets 50
Willhood51 folds
Zizou93330 collected 100 from pot
*** SUMMARY ***
Total pot 100 | No rake
Board: [5d 3h Kh 8h]
Seat 2: Zizou93330 (big blind) won 100


Winamax Poker - Tournament "Expresso Nitro" buyIn: 1.86€ + 0.14€ level: 2 - HandId: #2694608583965802497-4-1674947171 - Holdem no limit (15/30) - 2023/01/28 23:06:11 UTC
Table: 'Expresso Nitro(627387451)#0' 3-max (real money) Seat #1 is the button
Seat 1: _SKR (270)
Seat 2: Zizou93330 (370)
Seat 3: Willhood51 (260)
*** ANTE/BLINDS ***
Zizou93330 posts small blind 15
Willhood51 posts big blind 30
Dealt to _SKR [4s Qh]
*** PRE-FLOP *** 
_SKR folds
Zizou93330 folds
Willhood51 collected 45 from pot
*** SUMMARY ***
Total pot 45 | No rake
Seat 3: Willhood51 (big blind) won 45


Winamax Poker - Tournament "Expresso Nitro" buyIn: 1.86€ + 0.14€ level: 2 - HandId: #2694608583965802497-5-1674947177 - Holdem no limit (15/30) - 2023/01/28 23:06:17 UTC
Table: 'Expresso Nitro(627387451)#0' 3-max (real money) Seat #2 is the button
Seat 1: _SKR (270)
Seat 2: Zizou93330 (355)
Seat 3: Willhood51 (275)
*** ANTE/BLINDS ***
Willhood51 posts small blind 15
_SKR posts big blind 30
Dealt to _SKR [2s 3h]
*** PRE-FLOP *** 
Zizou93330 calls 30
Willhood51 calls 15
_SKR checks
*** FLOP *** [Qh 6c Ks]
Willhood51 bets 30
_SKR folds
Zizou93330 raises 33 to 63
Willhood51 calls 33
*** TURN *** [Qh 6c Ks][8c]
Willhood51 checks
Zizou93330 bets 76
Willhood51 calls 76
*** RIVER *** [Qh 6c Ks 8c][4h]
Willhood51 checks
Zizou93330 bets 129
Willhood51 calls 106 and is all-in
*** SHOW DOWN ***
Willhood51 shows [Qs Th] (One pair : Queens)
Zizou93330 shows [Kh Jh] (One pair : Kings)
Zizou93330 collected 603 from pot
*** SUMMARY ***
Total pot 603 | No rake
Board: [Qh 6c Ks 8c 4h]
Seat 2: Zizou93330 (button) showed [Kh Jh] and won 603 with One pair : Kings
Seat 3: Willhood51 (small blind) showed [Qs Th] and lost with One pair : Queens


Winamax Poker - Tournament "Expresso Nitro" buyIn: 1.86€ + 0.14€ level: 3 - HandId: #2694608583965802497-6-1674947226 - Holdem no limit (20/40) - 2023/01/28 23:07:06 UTC
Table: 'Expresso Nitro(627387451)#0' 3-max (real money) Seat #1 is the button
Seat 1: _SKR (240)
Seat 2: Zizou93330 (660)
*** ANTE/BLINDS ***
_SKR posts small blind 20
Zizou93330 posts big blind 40
Dealt to _SKR [4h 9d]
*** PRE-FLOP *** 
_SKR folds
Zizou93330 collected 60 from pot
*** SUMMARY ***
Total pot 60 | No rake
Seat 2: Zizou93330 (big blind) won 60


Winamax Poker - Tournament "Expresso Nitro" buyIn: 1.86€ + 0.14€ level: 3 - HandId: #2694608583965802497-7-1674947230 - Holdem no limit (20/40) - 2023/01/28 23:07:10 UTC
Table: 'Expresso Nitro(627387451)#0' 3-max (real money) Seat #2 is the button
Seat 1: _SKR (220)
Seat 2: Zizou93330 (680)
*** ANTE/BLINDS ***
Zizou93330 posts small blind 20
_SKR posts big blind 40
Dealt to _SKR [8d 5d]
*** PRE-FLOP *** 
Zizou93330 raises 80 to 120
_SKR folds
Zizou93330 collected 160 from pot
*** SUMMARY ***
Total pot 160 | No rake
Seat 2: Zizou93330 (small blind) (button) won 160


Winamax Poker - Tournament "Expresso Nitro" buyIn: 1.86€ + 0.14€ level: 3 - HandId: #2694608583965802497-8-1674947236 - Holdem no limit (20/40) - 2023/01/28 23:07:16 UTC
Table: 'Expresso Nitro(627387451)#0' 3-max (real money) Seat #1 is the button
Seat 1: _SKR (180)
Seat 2: Zizou93330 (720)
*** ANTE/BLINDS ***
_SKR posts small blind 20
Zizou93330 posts big blind 40
Dealt to _SKR [5s Qs]
*** PRE-FLOP *** 
_SKR raises 140 to 180 and is all-in
Zizou93330 calls 140
*** FLOP *** [4c 6h 4s]
*** TURN *** [4c 6h 4s][7h]
*** RIVER *** [4c 6h 4s 7h][5d]
*** SHOW DOWN ***
_SKR shows [5s Qs] (Two pairs : 5 and 4)
Zizou93330 shows [9s 9h] (Two pairs : 9 and 4)
Zizou93330 collected 360 from pot
*** SUMMARY ***
Total pot 360 | No rake
Board: [4c 6h 4s 7h 5d]
Seat 1: _SKR (small blind) (button) showed [5s Qs] and lost with Two pairs : 5 and 4
Seat 2: Zizou93330 (big blind) showed [9s 9h] and won 360 with Two pairs : 9 and 4


