Winamax Poker - Tournament "Expresso Nitro" buyIn: 1.86€ + 0.14€ level: 1 - HandId: #2697298852695769089-1-1675116793 - Holdem no limit (10/20) - 2023/01/30 22:13:13 UTC
Table: 'Expresso Nitro(628013828)#0' 3-max (real money) Seat #3 is the button
Seat 1: Lecalepied (300)
Seat 2: _SKR (300)
Seat 3: Pierolfou-13 (300)
*** ANTE/BLINDS ***
Lecalepied posts small blind 10
_SKR posts big blind 20
Dealt to _SKR [Ah 4d]
*** PRE-FLOP *** 
Pierolfou-13 folds
Lecalepied folds
_SKR collected 30 from pot
*** SUMMARY ***
Total pot 30 | No rake
Seat 2: _SKR (big blind) won 30


Winamax Poker - Tournament "Expresso Nitro" buyIn: 1.86€ + 0.14€ level: 1 - HandId: #2697298852695769089-2-1675116803 - Holdem no limit (10/20) - 2023/01/30 22:13:23 UTC
Table: 'Expresso Nitro(628013828)#0' 3-max (real money) Seat #1 is the button
Seat 1: Lecalepied (290)
Seat 2: _SKR (310)
Seat 3: Pierolfou-13 (300)
*** ANTE/BLINDS ***
_SKR posts small blind 10
Pierolfou-13 posts big blind 20
Dealt to _SKR [6h Ac]
*** PRE-FLOP *** 
Lecalepied raises 270 to 290 and is all-in
_SKR folds
Pierolfou-13 folds
Lecalepied collected 320 from pot
*** SUMMARY ***
Total pot 320 | No rake
Seat 1: Lecalepied (button) won 320


Winamax Poker - Tournament "Expresso Nitro" buyIn: 1.86€ + 0.14€ level: 1 - HandId: #2697298852695769089-3-1675116817 - Holdem no limit (10/20) - 2023/01/30 22:13:37 UTC
Table: 'Expresso Nitro(628013828)#0' 3-max (real money) Seat #2 is the button
Seat 1: Lecalepied (320)
Seat 2: _SKR (300)
Seat 3: Pierolfou-13 (280)
*** ANTE/BLINDS ***
Pierolfou-13 posts small blind 10
Lecalepied posts big blind 20
Dealt to _SKR [Qh 9h]
*** PRE-FLOP *** 
_SKR raises 20 to 40
Pierolfou-13 folds
Lecalepied calls 20
*** FLOP *** [2h 7s 6h]
Lecalepied checks
_SKR bets 45
Lecalepied folds
_SKR collected 135 from pot
*** SUMMARY ***
Total pot 135 | No rake
Board: [2h 7s 6h]
Seat 2: _SKR (button) won 135


Winamax Poker - Tournament "Expresso Nitro" buyIn: 1.86€ + 0.14€ level: 1 - HandId: #2697298852695769089-4-1675116836 - Holdem no limit (10/20) - 2023/01/30 22:13:56 UTC
Table: 'Expresso Nitro(628013828)#0' 3-max (real money) Seat #3 is the button
Seat 1: Lecalepied (280)
Seat 2: _SKR (350)
Seat 3: Pierolfou-13 (270)
*** ANTE/BLINDS ***
Lecalepied posts small blind 10
_SKR posts big blind 20
Dealt to _SKR [3s 4s]
*** PRE-FLOP *** 
Pierolfou-13 raises 250 to 270 and is all-in
Lecalepied raises 10 to 280 and is all-in
_SKR folds
*** FLOP *** [Td 6d Jd]
*** TURN *** [Td 6d Jd][7c]
*** RIVER *** [Td 6d Jd 7c][3d]
*** SHOW DOWN ***
Pierolfou-13 shows [8s 8d] (Flush Jack high)
Lecalepied shows [Qd Qh] (Flush Queen high)
Lecalepied collected 570 from pot
*** SUMMARY ***
Total pot 570 | No rake
Board: [Td 6d Jd 7c 3d]
Seat 1: Lecalepied (small blind) showed [Qd Qh] and won 570 with Flush Queen high
Seat 3: Pierolfou-13 (button) showed [8s 8d] and lost with Flush Jack high


Winamax Poker - Tournament "Expresso Nitro" buyIn: 1.86€ + 0.14€ level: 2 - HandId: #2697298852695769089-5-1675116854 - Holdem no limit (15/30) - 2023/01/30 22:14:14 UTC
Table: 'Expresso Nitro(628013828)#0' 3-max (real money) Seat #2 is the button
Seat 1: Lecalepied (570)
Seat 2: _SKR (330)
*** ANTE/BLINDS ***
_SKR posts small blind 15
Lecalepied posts big blind 30
Dealt to _SKR [Ad 8s]
*** PRE-FLOP *** 
_SKR raises 300 to 330 and is all-in
Lecalepied folds
_SKR collected 360 from pot
*** SUMMARY ***
Total pot 360 | No rake
Seat 2: _SKR (small blind) (button) won 360


Winamax Poker - Tournament "Expresso Nitro" buyIn: 1.86€ + 0.14€ level: 2 - HandId: #2697298852695769089-6-1675116873 - Holdem no limit (15/30) - 2023/01/30 22:14:33 UTC
Table: 'Expresso Nitro(628013828)#0' 3-max (real money) Seat #1 is the button
Seat 1: Lecalepied (540)
Seat 2: _SKR (360)
*** ANTE/BLINDS ***
Lecalepied posts small blind 15
_SKR posts big blind 30
Dealt to _SKR [Qs 3d]
*** PRE-FLOP *** 
Lecalepied raises 510 to 540 and is all-in
_SKR folds
Lecalepied collected 570 from pot
*** SUMMARY ***
Total pot 570 | No rake
Seat 1: Lecalepied (small blind) (button) won 570


Winamax Poker - Tournament "Expresso Nitro" buyIn: 1.86€ + 0.14€ level: 2 - HandId: #2697298852695769089-7-1675116888 - Holdem no limit (15/30) - 2023/01/30 22:14:48 UTC
Table: 'Expresso Nitro(628013828)#0' 3-max (real money) Seat #2 is the button
Seat 1: Lecalepied (570)
Seat 2: _SKR (330)
*** ANTE/BLINDS ***
_SKR posts small blind 15
Lecalepied posts big blind 30
Dealt to _SKR [8d As]
*** PRE-FLOP *** 
_SKR raises 300 to 330 and is all-in
Lecalepied calls 300
*** FLOP *** [2c Qd Qs]
*** TURN *** [2c Qd Qs][6s]
*** RIVER *** [2c Qd Qs 6s][Td]
*** SHOW DOWN ***
_SKR shows [8d As] (One pair : Queens)
Lecalepied shows [Ks Qc] (Trips of Queens)
Lecalepied collected 660 from pot
*** SUMMARY ***
Total pot 660 | No rake
Board: [2c Qd Qs 6s Td]
Seat 1: Lecalepied (big blind) showed [Ks Qc] and won 660 with Trips of Queens
Seat 2: _SKR (small blind) (button) showed [8d As] and lost with One pair : Queens


