Winamax Poker - Tournament "Expresso Nitro" buyIn: 1.86€ + 0.14€ level: 1 - HandId: #2696896921066274817-1-1675102457 - Holdem no limit (10/20) - 2023/01/30 18:14:17 UTC
Table: 'Expresso Nitro(627920246)#0' 3-max (real money) Seat #1 is the button
Seat 1: Arbasoen (300)
Seat 2: KyfZeDuke (300)
Seat 3: _SKR (300)
*** ANTE/BLINDS ***
KyfZeDuke posts small blind 10
_SKR posts big blind 20
Dealt to _SKR [3c Qd]
*** PRE-FLOP *** 
Arbasoen raises 280 to 300 and is all-in
KyfZeDuke calls 290 and is all-in
_SKR folds
*** FLOP *** [8s 2d 6h]
*** TURN *** [8s 2d 6h][4h]
*** RIVER *** [8s 2d 6h 4h][Kc]
*** SHOW DOWN ***
Arbasoen shows [7s Ad] (High card : Ace)
KyfZeDuke shows [7d Kd] (One pair : Kings)
KyfZeDuke collected 620 from pot
*** SUMMARY ***
Total pot 620 | No rake
Board: [8s 2d 6h 4h Kc]
Seat 1: Arbasoen (button) showed [7s Ad] and lost with High card : Ace
Seat 2: KyfZeDuke (small blind) showed [7d Kd] and won 620 with One pair : Kings


Winamax Poker - Tournament "Expresso Nitro" buyIn: 1.86€ + 0.14€ level: 1 - HandId: #2696896921066274817-2-1675102472 - Holdem no limit (10/20) - 2023/01/30 18:14:32 UTC
Table: 'Expresso Nitro(627920246)#0' 3-max (real money) Seat #3 is the button
Seat 2: KyfZeDuke (620)
Seat 3: _SKR (280)
*** ANTE/BLINDS ***
_SKR posts small blind 10
KyfZeDuke posts big blind 20
Dealt to _SKR [8c 5h]
*** PRE-FLOP *** 
_SKR folds
KyfZeDuke collected 30 from pot
*** SUMMARY ***
Total pot 30 | No rake
Seat 2: KyfZeDuke (big blind) won 30


Winamax Poker - Tournament "Expresso Nitro" buyIn: 1.86€ + 0.14€ level: 1 - HandId: #2696896921066274817-3-1675102477 - Holdem no limit (10/20) - 2023/01/30 18:14:37 UTC
Table: 'Expresso Nitro(627920246)#0' 3-max (real money) Seat #2 is the button
Seat 2: KyfZeDuke (630)
Seat 3: _SKR (270)
*** ANTE/BLINDS ***
KyfZeDuke posts small blind 10
_SKR posts big blind 20
Dealt to _SKR [Kc 5d]
*** PRE-FLOP *** 
KyfZeDuke calls 10
_SKR checks
*** FLOP *** [4d Jd 9h]
_SKR checks
KyfZeDuke bets 40
_SKR folds
KyfZeDuke collected 80 from pot
*** SUMMARY ***
Total pot 80 | No rake
Board: [4d Jd 9h]
Seat 2: KyfZeDuke (small blind) (button) won 80


Winamax Poker - Tournament "Expresso Nitro" buyIn: 1.86€ + 0.14€ level: 1 - HandId: #2696896921066274817-4-1675102502 - Holdem no limit (10/20) - 2023/01/30 18:15:02 UTC
Table: 'Expresso Nitro(627920246)#0' 3-max (real money) Seat #3 is the button
Seat 2: KyfZeDuke (650)
Seat 3: _SKR (250)
*** ANTE/BLINDS ***
_SKR posts small blind 10
KyfZeDuke posts big blind 20
Dealt to _SKR [Qc Tc]
*** PRE-FLOP *** 
_SKR raises 230 to 250 and is all-in
KyfZeDuke folds
_SKR collected 270 from pot
*** SUMMARY ***
Total pot 270 | No rake
Seat 3: _SKR (small blind) (button) won 270


Winamax Poker - Tournament "Expresso Nitro" buyIn: 1.86€ + 0.14€ level: 1 - HandId: #2696896921066274817-5-1675102509 - Holdem no limit (10/20) - 2023/01/30 18:15:09 UTC
Table: 'Expresso Nitro(627920246)#0' 3-max (real money) Seat #2 is the button
Seat 2: KyfZeDuke (630)
Seat 3: _SKR (270)
*** ANTE/BLINDS ***
KyfZeDuke posts small blind 10
_SKR posts big blind 20
Dealt to _SKR [5h Qh]
*** PRE-FLOP *** 
KyfZeDuke raises 20 to 40
_SKR folds
KyfZeDuke collected 60 from pot
*** SUMMARY ***
Total pot 60 | No rake
Seat 2: KyfZeDuke (small blind) (button) won 60


Winamax Poker - Tournament "Expresso Nitro" buyIn: 1.86€ + 0.14€ level: 2 - HandId: #2696896921066274817-6-1675102515 - Holdem no limit (15/30) - 2023/01/30 18:15:15 UTC
Table: 'Expresso Nitro(627920246)#0' 3-max (real money) Seat #3 is the button
Seat 2: KyfZeDuke (650)
Seat 3: _SKR (250)
*** ANTE/BLINDS ***
_SKR posts small blind 15
KyfZeDuke posts big blind 30
Dealt to _SKR [5c 4d]
*** PRE-FLOP *** 
_SKR folds
KyfZeDuke collected 45 from pot
*** SUMMARY ***
Total pot 45 | No rake
Seat 2: KyfZeDuke (big blind) won 45


Winamax Poker - Tournament "Expresso Nitro" buyIn: 1.86€ + 0.14€ level: 2 - HandId: #2696896921066274817-7-1675102519 - Holdem no limit (15/30) - 2023/01/30 18:15:19 UTC
Table: 'Expresso Nitro(627920246)#0' 3-max (real money) Seat #2 is the button
Seat 2: KyfZeDuke (665)
Seat 3: _SKR (235)
*** ANTE/BLINDS ***
KyfZeDuke posts small blind 15
_SKR posts big blind 30
Dealt to _SKR [Kh 5d]
*** PRE-FLOP *** 
KyfZeDuke folds
_SKR collected 45 from pot
*** SUMMARY ***
Total pot 45 | No rake
Seat 3: _SKR (big blind) won 45


Winamax Poker - Tournament "Expresso Nitro" buyIn: 1.86€ + 0.14€ level: 2 - HandId: #2696896921066274817-8-1675102522 - Holdem no limit (15/30) - 2023/01/30 18:15:22 UTC
Table: 'Expresso Nitro(627920246)#0' 3-max (real money) Seat #3 is the button
Seat 2: KyfZeDuke (650)
Seat 3: _SKR (250)
*** ANTE/BLINDS ***
_SKR posts small blind 15
KyfZeDuke posts big blind 30
Dealt to _SKR [9c 8h]
*** PRE-FLOP *** 
_SKR folds
KyfZeDuke collected 45 from pot
*** SUMMARY ***
Total pot 45 | No rake
Seat 2: KyfZeDuke (big blind) won 45


Winamax Poker - Tournament "Expresso Nitro" buyIn: 1.86€ + 0.14€ level: 2 - HandId: #2696896921066274817-9-1675102526 - Holdem no limit (15/30) - 2023/01/30 18:15:26 UTC
Table: 'Expresso Nitro(627920246)#0' 3-max (real money) Seat #2 is the button
Seat 2: KyfZeDuke (665)
Seat 3: _SKR (235)
*** ANTE/BLINDS ***
KyfZeDuke posts small blind 15
_SKR posts big blind 30
Dealt to _SKR [Th As]
*** PRE-FLOP *** 
KyfZeDuke calls 15
_SKR raises 205 to 235 and is all-in
KyfZeDuke calls 205
*** FLOP *** [9h Td 5h]
*** TURN *** [9h Td 5h][Qh]
*** RIVER *** [9h Td 5h Qh][Kh]
*** SHOW DOWN ***
KyfZeDuke shows [2c Ac] (High card : Ace)
_SKR shows [Th As] (Flush King high)
_SKR collected 470 from pot
*** SUMMARY ***
Total pot 470 | No rake
Board: [9h Td 5h Qh Kh]
Seat 2: KyfZeDuke (small blind) (button) showed [2c Ac] and lost with High card : Ace
Seat 3: _SKR (big blind) showed [Th As] and won 470 with Flush King high


Winamax Poker - Tournament "Expresso Nitro" buyIn: 1.86€ + 0.14€ level: 2 - HandId: #2696896921066274817-10-1675102554 - Holdem no limit (15/30) - 2023/01/30 18:15:54 UTC
Table: 'Expresso Nitro(627920246)#0' 3-max (real money) Seat #3 is the button
Seat 2: KyfZeDuke (430)
Seat 3: _SKR (470)
*** ANTE/BLINDS ***
_SKR posts small blind 15
KyfZeDuke posts big blind 30
Dealt to _SKR [As 2h]
*** PRE-FLOP *** 
_SKR raises 440 to 470 and is all-in
KyfZeDuke folds
_SKR collected 500 from pot
*** SUMMARY ***
Total pot 500 | No rake
Seat 3: _SKR (small blind) (button) won 500


Winamax Poker - Tournament "Expresso Nitro" buyIn: 1.86€ + 0.14€ level: 2 - HandId: #2696896921066274817-11-1675102566 - Holdem no limit (15/30) - 2023/01/30 18:16:06 UTC
Table: 'Expresso Nitro(627920246)#0' 3-max (real money) Seat #2 is the button
Seat 2: KyfZeDuke (400)
Seat 3: _SKR (500)
*** ANTE/BLINDS ***
KyfZeDuke posts small blind 15
_SKR posts big blind 30
Dealt to _SKR [4s 5c]
*** PRE-FLOP *** 
KyfZeDuke raises 370 to 400 and is all-in
_SKR folds
KyfZeDuke collected 430 from pot
*** SUMMARY ***
Total pot 430 | No rake
Seat 2: KyfZeDuke (small blind) (button) won 430


Winamax Poker - Tournament "Expresso Nitro" buyIn: 1.86€ + 0.14€ level: 3 - HandId: #2696896921066274817-12-1675102579 - Holdem no limit (20/40) - 2023/01/30 18:16:19 UTC
Table: 'Expresso Nitro(627920246)#0' 3-max (real money) Seat #3 is the button
Seat 2: KyfZeDuke (430)
Seat 3: _SKR (470)
*** ANTE/BLINDS ***
_SKR posts small blind 20
KyfZeDuke posts big blind 40
Dealt to _SKR [6s 8d]
*** PRE-FLOP *** 
_SKR folds
KyfZeDuke collected 60 from pot
*** SUMMARY ***
Total pot 60 | No rake
Seat 2: KyfZeDuke (big blind) won 60


Winamax Poker - Tournament "Expresso Nitro" buyIn: 1.86€ + 0.14€ level: 3 - HandId: #2696896921066274817-13-1675102583 - Holdem no limit (20/40) - 2023/01/30 18:16:23 UTC
Table: 'Expresso Nitro(627920246)#0' 3-max (real money) Seat #2 is the button
Seat 2: KyfZeDuke (450)
Seat 3: _SKR (450)
*** ANTE/BLINDS ***
KyfZeDuke posts small blind 20
_SKR posts big blind 40
Dealt to _SKR [Ah 6h]
*** PRE-FLOP *** 
KyfZeDuke folds
_SKR collected 60 from pot
*** SUMMARY ***
Total pot 60 | No rake
Seat 3: _SKR (big blind) won 60


Winamax Poker - Tournament "Expresso Nitro" buyIn: 1.86€ + 0.14€ level: 3 - HandId: #2696896921066274817-14-1675102593 - Holdem no limit (20/40) - 2023/01/30 18:16:33 UTC
Table: 'Expresso Nitro(627920246)#0' 3-max (real money) Seat #3 is the button
Seat 2: KyfZeDuke (430)
Seat 3: _SKR (470)
*** ANTE/BLINDS ***
_SKR posts small blind 20
KyfZeDuke posts big blind 40
Dealt to _SKR [9c 4s]
*** PRE-FLOP *** 
_SKR folds
KyfZeDuke collected 60 from pot
*** SUMMARY ***
Total pot 60 | No rake
Seat 2: KyfZeDuke (big blind) won 60


Winamax Poker - Tournament "Expresso Nitro" buyIn: 1.86€ + 0.14€ level: 3 - HandId: #2696896921066274817-15-1675102596 - Holdem no limit (20/40) - 2023/01/30 18:16:36 UTC
Table: 'Expresso Nitro(627920246)#0' 3-max (real money) Seat #2 is the button
Seat 2: KyfZeDuke (450)
Seat 3: _SKR (450)
*** ANTE/BLINDS ***
KyfZeDuke posts small blind 20
_SKR posts big blind 40
Dealt to _SKR [Ad 4c]
*** PRE-FLOP *** 
KyfZeDuke folds
_SKR collected 60 from pot
*** SUMMARY ***
Total pot 60 | No rake
Seat 3: _SKR (big blind) won 60


Winamax Poker - Tournament "Expresso Nitro" buyIn: 1.86€ + 0.14€ level: 3 - HandId: #2696896921066274817-16-1675102600 - Holdem no limit (20/40) - 2023/01/30 18:16:40 UTC
Table: 'Expresso Nitro(627920246)#0' 3-max (real money) Seat #3 is the button
Seat 2: KyfZeDuke (430)
Seat 3: _SKR (470)
*** ANTE/BLINDS ***
_SKR posts small blind 20
KyfZeDuke posts big blind 40
Dealt to _SKR [Kd Jh]
*** PRE-FLOP *** 
_SKR raises 430 to 470 and is all-in
KyfZeDuke folds
_SKR collected 510 from pot
*** SUMMARY ***
Total pot 510 | No rake
Seat 3: _SKR (small blind) (button) won 510


Winamax Poker - Tournament "Expresso Nitro" buyIn: 1.86€ + 0.14€ level: 3 - HandId: #2696896921066274817-17-1675102606 - Holdem no limit (20/40) - 2023/01/30 18:16:46 UTC
Table: 'Expresso Nitro(627920246)#0' 3-max (real money) Seat #2 is the button
Seat 2: KyfZeDuke (390)
Seat 3: _SKR (510)
*** ANTE/BLINDS ***
KyfZeDuke posts small blind 20
_SKR posts big blind 40
Dealt to _SKR [4s Ks]
*** PRE-FLOP *** 
KyfZeDuke raises 40 to 80
_SKR folds
KyfZeDuke collected 120 from pot
*** SUMMARY ***
Total pot 120 | No rake
Seat 2: KyfZeDuke (small blind) (button) won 120


Winamax Poker - Tournament "Expresso Nitro" buyIn: 1.86€ + 0.14€ level: 3 - HandId: #2696896921066274817-18-1675102623 - Holdem no limit (20/40) - 2023/01/30 18:17:03 UTC
Table: 'Expresso Nitro(627920246)#0' 3-max (real money) Seat #3 is the button
Seat 2: KyfZeDuke (430)
Seat 3: _SKR (470)
*** ANTE/BLINDS ***
_SKR posts small blind 20
KyfZeDuke posts big blind 40
Dealt to _SKR [2d 6s]
*** PRE-FLOP *** 
_SKR folds
KyfZeDuke collected 60 from pot
*** SUMMARY ***
Total pot 60 | No rake
Seat 2: KyfZeDuke (big blind) won 60


Winamax Poker - Tournament "Expresso Nitro" buyIn: 1.86€ + 0.14€ level: 3 - HandId: #2696896921066274817-19-1675102626 - Holdem no limit (20/40) - 2023/01/30 18:17:06 UTC
Table: 'Expresso Nitro(627920246)#0' 3-max (real money) Seat #2 is the button
Seat 2: KyfZeDuke (450)
Seat 3: _SKR (450)
*** ANTE/BLINDS ***
KyfZeDuke posts small blind 20
_SKR posts big blind 40
Dealt to _SKR [2d Qs]
*** PRE-FLOP *** 
KyfZeDuke raises 410 to 450 and is all-in
_SKR folds
KyfZeDuke collected 490 from pot
*** SUMMARY ***
Total pot 490 | No rake
Seat 2: KyfZeDuke (small blind) (button) won 490


Winamax Poker - Tournament "Expresso Nitro" buyIn: 1.86€ + 0.14€ level: 4 - HandId: #2696896921066274817-20-1675102636 - Holdem no limit (30/60) - 2023/01/30 18:17:16 UTC
Table: 'Expresso Nitro(627920246)#0' 3-max (real money) Seat #3 is the button
Seat 2: KyfZeDuke (490)
Seat 3: _SKR (410)
*** ANTE/BLINDS ***
_SKR posts small blind 30
KyfZeDuke posts big blind 60
Dealt to _SKR [5h 8s]
*** PRE-FLOP *** 
_SKR folds
KyfZeDuke collected 90 from pot
*** SUMMARY ***
Total pot 90 | No rake
Seat 2: KyfZeDuke (big blind) won 90


Winamax Poker - Tournament "Expresso Nitro" buyIn: 1.86€ + 0.14€ level: 4 - HandId: #2696896921066274817-21-1675102640 - Holdem no limit (30/60) - 2023/01/30 18:17:20 UTC
Table: 'Expresso Nitro(627920246)#0' 3-max (real money) Seat #2 is the button
Seat 2: KyfZeDuke (520)
Seat 3: _SKR (380)
*** ANTE/BLINDS ***
KyfZeDuke posts small blind 30
_SKR posts big blind 60
Dealt to _SKR [Kc 6h]
*** PRE-FLOP *** 
KyfZeDuke folds
_SKR collected 90 from pot
*** SUMMARY ***
Total pot 90 | No rake
Seat 3: _SKR (big blind) won 90


Winamax Poker - Tournament "Expresso Nitro" buyIn: 1.86€ + 0.14€ level: 4 - HandId: #2696896921066274817-22-1675102644 - Holdem no limit (30/60) - 2023/01/30 18:17:24 UTC
Table: 'Expresso Nitro(627920246)#0' 3-max (real money) Seat #3 is the button
Seat 2: KyfZeDuke (490)
Seat 3: _SKR (410)
*** ANTE/BLINDS ***
_SKR posts small blind 30
KyfZeDuke posts big blind 60
Dealt to _SKR [6c 3h]
*** PRE-FLOP *** 
_SKR folds
KyfZeDuke collected 90 from pot
*** SUMMARY ***
Total pot 90 | No rake
Seat 2: KyfZeDuke (big blind) won 90


Winamax Poker - Tournament "Expresso Nitro" buyIn: 1.86€ + 0.14€ level: 4 - HandId: #2696896921066274817-23-1675102648 - Holdem no limit (30/60) - 2023/01/30 18:17:28 UTC
Table: 'Expresso Nitro(627920246)#0' 3-max (real money) Seat #2 is the button
Seat 2: KyfZeDuke (520)
Seat 3: _SKR (380)
*** ANTE/BLINDS ***
KyfZeDuke posts small blind 30
_SKR posts big blind 60
Dealt to _SKR [5c Jd]
*** PRE-FLOP *** 
KyfZeDuke raises 60 to 120
_SKR folds
KyfZeDuke collected 180 from pot
*** SUMMARY ***
Total pot 180 | No rake
Seat 2: KyfZeDuke (small blind) (button) won 180


Winamax Poker - Tournament "Expresso Nitro" buyIn: 1.86€ + 0.14€ level: 4 - HandId: #2696896921066274817-24-1675102654 - Holdem no limit (30/60) - 2023/01/30 18:17:34 UTC
Table: 'Expresso Nitro(627920246)#0' 3-max (real money) Seat #3 is the button
Seat 2: KyfZeDuke (580)
Seat 3: _SKR (320)
*** ANTE/BLINDS ***
_SKR posts small blind 30
KyfZeDuke posts big blind 60
Dealt to _SKR [4d 2c]
*** PRE-FLOP *** 
_SKR folds
KyfZeDuke collected 90 from pot
*** SUMMARY ***
Total pot 90 | No rake
Seat 2: KyfZeDuke (big blind) won 90


Winamax Poker - Tournament "Expresso Nitro" buyIn: 1.86€ + 0.14€ level: 4 - HandId: #2696896921066274817-25-1675102657 - Holdem no limit (30/60) - 2023/01/30 18:17:37 UTC
Table: 'Expresso Nitro(627920246)#0' 3-max (real money) Seat #2 is the button
Seat 2: KyfZeDuke (610)
Seat 3: _SKR (290)
*** ANTE/BLINDS ***
KyfZeDuke posts small blind 30
_SKR posts big blind 60
Dealt to _SKR [9d Jd]
*** PRE-FLOP *** 
KyfZeDuke raises 60 to 120
_SKR raises 170 to 290 and is all-in
KyfZeDuke calls 170
*** FLOP *** [7s 2c As]
*** TURN *** [7s 2c As][6c]
*** RIVER *** [7s 2c As 6c][5d]
*** SHOW DOWN ***
_SKR shows [9d Jd] (High card : Ace)
KyfZeDuke shows [8c Ah] (One pair : Aces)
KyfZeDuke collected 580 from pot
*** SUMMARY ***
Total pot 580 | No rake
Board: [7s 2c As 6c 5d]
Seat 2: KyfZeDuke (small blind) (button) showed [8c Ah] and won 580 with One pair : Aces
Seat 3: _SKR (big blind) showed [9d Jd] and lost with High card : Ace


