Winamax Poker - Tournament "Expresso Nitro" buyIn: 0.93€ + 0.07€ level: 1 - HandId: #2717690330919993345-1-1676231744 - Holdem no limit (10/20) - 2023/02/12 19:55:44 UTC
Table: 'Expresso Nitro(632761589)#0' 3-max (real money) Seat #3 is the button
Seat 1: Demon59156 (300)
Seat 2: MOC69Minigan (300)
Seat 3: _SKR (300)
*** ANTE/BLINDS ***
Demon59156 posts small blind 10
MOC69Minigan posts big blind 20
Dealt to _SKR [Td 3h]
*** PRE-FLOP *** 
_SKR folds
Demon59156 folds
MOC69Minigan collected 30 from pot
*** SUMMARY ***
Total pot 30 | No rake
Seat 2: MOC69Minigan (big blind) won 30


Winamax Poker - Tournament "Expresso Nitro" buyIn: 0.93€ + 0.07€ level: 1 - HandId: #2717690330919993345-2-1676231753 - Holdem no limit (10/20) - 2023/02/12 19:55:53 UTC
Table: 'Expresso Nitro(632761589)#0' 3-max (real money) Seat #1 is the button
Seat 1: Demon59156 (290)
Seat 2: MOC69Minigan (310)
Seat 3: _SKR (300)
*** ANTE/BLINDS ***
MOC69Minigan posts small blind 10
_SKR posts big blind 20
Dealt to _SKR [3d 2c]
*** PRE-FLOP *** 
Demon59156 folds
MOC69Minigan raises 290 to 310 and is all-in
_SKR folds
MOC69Minigan collected 330 from pot
*** SUMMARY ***
Total pot 330 | No rake
Seat 2: MOC69Minigan (small blind) won 330


Winamax Poker - Tournament "Expresso Nitro" buyIn: 0.93€ + 0.07€ level: 1 - HandId: #2717690330919993345-3-1676231766 - Holdem no limit (10/20) - 2023/02/12 19:56:06 UTC
Table: 'Expresso Nitro(632761589)#0' 3-max (real money) Seat #2 is the button
Seat 1: Demon59156 (290)
Seat 2: MOC69Minigan (330)
Seat 3: _SKR (280)
*** ANTE/BLINDS ***
_SKR posts small blind 10
Demon59156 posts big blind 20
Dealt to _SKR [2h As]
*** PRE-FLOP *** 
MOC69Minigan folds
_SKR raises 260 to 280 and is all-in
Demon59156 folds
_SKR collected 300 from pot
*** SUMMARY ***
Total pot 300 | No rake
Seat 3: _SKR (small blind) won 300


Winamax Poker - Tournament "Expresso Nitro" buyIn: 0.93€ + 0.07€ level: 1 - HandId: #2717690330919993345-4-1676231775 - Holdem no limit (10/20) - 2023/02/12 19:56:15 UTC
Table: 'Expresso Nitro(632761589)#0' 3-max (real money) Seat #3 is the button
Seat 1: Demon59156 (270)
Seat 2: MOC69Minigan (330)
Seat 3: _SKR (300)
*** ANTE/BLINDS ***
Demon59156 posts small blind 10
MOC69Minigan posts big blind 20
Dealt to _SKR [Jd 3h]
*** PRE-FLOP *** 
_SKR folds
Demon59156 folds
MOC69Minigan collected 30 from pot
*** SUMMARY ***
Total pot 30 | No rake
Seat 2: MOC69Minigan (big blind) won 30


Winamax Poker - Tournament "Expresso Nitro" buyIn: 0.93€ + 0.07€ level: 1 - HandId: #2717690330919993345-5-1676231784 - Holdem no limit (10/20) - 2023/02/12 19:56:24 UTC
Table: 'Expresso Nitro(632761589)#0' 3-max (real money) Seat #1 is the button
Seat 1: Demon59156 (260)
Seat 2: MOC69Minigan (340)
Seat 3: _SKR (300)
*** ANTE/BLINDS ***
MOC69Minigan posts small blind 10
_SKR posts big blind 20
Dealt to _SKR [5s 3c]
*** PRE-FLOP *** 
Demon59156 folds
MOC69Minigan folds
_SKR collected 30 from pot
*** SUMMARY ***
Total pot 30 | No rake
Seat 3: _SKR (big blind) won 30


Winamax Poker - Tournament "Expresso Nitro" buyIn: 0.93€ + 0.07€ level: 1 - HandId: #2717690330919993345-6-1676231788 - Holdem no limit (10/20) - 2023/02/12 19:56:28 UTC
Table: 'Expresso Nitro(632761589)#0' 3-max (real money) Seat #2 is the button
Seat 1: Demon59156 (260)
Seat 2: MOC69Minigan (330)
Seat 3: _SKR (310)
*** ANTE/BLINDS ***
_SKR posts small blind 10
Demon59156 posts big blind 20
Dealt to _SKR [6c Js]
*** PRE-FLOP *** 
MOC69Minigan raises 30 to 50
_SKR folds
Demon59156 calls 30
*** FLOP *** [6s Tc 7d]
Demon59156 bets 210 and is all-in
MOC69Minigan calls 210
*** TURN *** [6s Tc 7d][4h]
*** RIVER *** [6s Tc 7d 4h][Jh]
*** SHOW DOWN ***
MOC69Minigan shows [Ac Ks] (High card : Ace)
Demon59156 shows [Th 2h] (One pair : Tens)
Demon59156 collected 530 from pot
*** SUMMARY ***
Total pot 530 | No rake
Board: [6s Tc 7d 4h Jh]
Seat 1: Demon59156 (big blind) showed [Th 2h] and won 530 with One pair : Tens
Seat 2: MOC69Minigan (button) showed [Ac Ks] and lost with High card : Ace


Winamax Poker - Tournament "Expresso Nitro" buyIn: 0.93€ + 0.07€ level: 2 - HandId: #2717690330919993345-7-1676231810 - Holdem no limit (15/30) - 2023/02/12 19:56:50 UTC
Table: 'Expresso Nitro(632761589)#0' 3-max (real money) Seat #3 is the button
Seat 1: Demon59156 (530)
Seat 2: MOC69Minigan (70)
Seat 3: _SKR (300)
*** ANTE/BLINDS ***
Demon59156 posts small blind 15
MOC69Minigan posts big blind 30
Dealt to _SKR [Qd 3s]
*** PRE-FLOP *** 
_SKR folds
Demon59156 calls 15
MOC69Minigan raises 40 to 70 and is all-in
Demon59156 calls 40
*** FLOP *** [Qs Ad Kd]
*** TURN *** [Qs Ad Kd][3d]
*** RIVER *** [Qs Ad Kd 3d][5s]
*** SHOW DOWN ***
MOC69Minigan shows [Td Ac] (One pair : Aces)
Demon59156 shows [Ts Jc] (Straight Ace high)
Demon59156 collected 140 from pot
*** SUMMARY ***
Total pot 140 | No rake
Board: [Qs Ad Kd 3d 5s]
Seat 1: Demon59156 (small blind) showed [Ts Jc] and won 140 with Straight Ace high
Seat 2: MOC69Minigan (big blind) showed [Td Ac] and lost with One pair : Aces


Winamax Poker - Tournament "Expresso Nitro" buyIn: 0.93€ + 0.07€ level: 2 - HandId: #2717690330919993345-8-1676231826 - Holdem no limit (15/30) - 2023/02/12 19:57:06 UTC
Table: 'Expresso Nitro(632761589)#0' 3-max (real money) Seat #3 is the button
Seat 1: Demon59156 (600)
Seat 3: _SKR (300)
*** ANTE/BLINDS ***
_SKR posts small blind 15
Demon59156 posts big blind 30
Dealt to _SKR [4c 9s]
*** PRE-FLOP *** 
_SKR folds
Demon59156 collected 45 from pot
*** SUMMARY ***
Total pot 45 | No rake
Seat 1: Demon59156 (big blind) won 45


Winamax Poker - Tournament "Expresso Nitro" buyIn: 0.93€ + 0.07€ level: 2 - HandId: #2717690330919993345-9-1676231832 - Holdem no limit (15/30) - 2023/02/12 19:57:12 UTC
Table: 'Expresso Nitro(632761589)#0' 3-max (real money) Seat #1 is the button
Seat 1: Demon59156 (615)
Seat 3: _SKR (285)
*** ANTE/BLINDS ***
Demon59156 posts small blind 15
_SKR posts big blind 30
Dealt to _SKR [6c 2c]
*** PRE-FLOP *** 
Demon59156 folds
_SKR collected 45 from pot
*** SUMMARY ***
Total pot 45 | No rake
Seat 3: _SKR (big blind) won 45


Winamax Poker - Tournament "Expresso Nitro" buyIn: 0.93€ + 0.07€ level: 2 - HandId: #2717690330919993345-10-1676231835 - Holdem no limit (15/30) - 2023/02/12 19:57:15 UTC
Table: 'Expresso Nitro(632761589)#0' 3-max (real money) Seat #3 is the button
Seat 1: Demon59156 (600)
Seat 3: _SKR (300)
*** ANTE/BLINDS ***
_SKR posts small blind 15
Demon59156 posts big blind 30
Dealt to _SKR [3c 8c]
*** PRE-FLOP *** 
_SKR folds
Demon59156 collected 45 from pot
*** SUMMARY ***
Total pot 45 | No rake
Seat 1: Demon59156 (big blind) won 45


Winamax Poker - Tournament "Expresso Nitro" buyIn: 0.93€ + 0.07€ level: 2 - HandId: #2717690330919993345-11-1676231840 - Holdem no limit (15/30) - 2023/02/12 19:57:20 UTC
Table: 'Expresso Nitro(632761589)#0' 3-max (real money) Seat #1 is the button
Seat 1: Demon59156 (615)
Seat 3: _SKR (285)
*** ANTE/BLINDS ***
Demon59156 posts small blind 15
_SKR posts big blind 30
Dealt to _SKR [9s Qc]
*** PRE-FLOP *** 
Demon59156 calls 15
_SKR raises 255 to 285 and is all-in
Demon59156 folds
_SKR collected 315 from pot
*** SUMMARY ***
Total pot 315 | No rake
Seat 3: _SKR (big blind) won 315


Winamax Poker - Tournament "Expresso Nitro" buyIn: 0.93€ + 0.07€ level: 2 - HandId: #2717690330919993345-12-1676231847 - Holdem no limit (15/30) - 2023/02/12 19:57:27 UTC
Table: 'Expresso Nitro(632761589)#0' 3-max (real money) Seat #3 is the button
Seat 1: Demon59156 (585)
Seat 3: _SKR (315)
*** ANTE/BLINDS ***
_SKR posts small blind 15
Demon59156 posts big blind 30
Dealt to _SKR [Tc 9d]
*** PRE-FLOP *** 
_SKR folds
Demon59156 collected 45 from pot
*** SUMMARY ***
Total pot 45 | No rake
Seat 1: Demon59156 (big blind) won 45


Winamax Poker - Tournament "Expresso Nitro" buyIn: 0.93€ + 0.07€ level: 2 - HandId: #2717690330919993345-13-1676231854 - Holdem no limit (15/30) - 2023/02/12 19:57:34 UTC
Table: 'Expresso Nitro(632761589)#0' 3-max (real money) Seat #1 is the button
Seat 1: Demon59156 (600)
Seat 3: _SKR (300)
*** ANTE/BLINDS ***
Demon59156 posts small blind 15
_SKR posts big blind 30
Dealt to _SKR [8s 3c]
*** PRE-FLOP *** 
Demon59156 folds
_SKR collected 45 from pot
*** SUMMARY ***
Total pot 45 | No rake
Seat 3: _SKR (big blind) won 45


Winamax Poker - Tournament "Expresso Nitro" buyIn: 0.93€ + 0.07€ level: 2 - HandId: #2717690330919993345-14-1676231858 - Holdem no limit (15/30) - 2023/02/12 19:57:38 UTC
Table: 'Expresso Nitro(632761589)#0' 3-max (real money) Seat #3 is the button
Seat 1: Demon59156 (585)
Seat 3: _SKR (315)
*** ANTE/BLINDS ***
_SKR posts small blind 15
Demon59156 posts big blind 30
Dealt to _SKR [3h 6h]
*** PRE-FLOP *** 
_SKR folds
Demon59156 collected 45 from pot
*** SUMMARY ***
Total pot 45 | No rake
Seat 1: Demon59156 (big blind) won 45


Winamax Poker - Tournament "Expresso Nitro" buyIn: 0.93€ + 0.07€ level: 3 - HandId: #2717690330919993345-15-1676231864 - Holdem no limit (20/40) - 2023/02/12 19:57:44 UTC
Table: 'Expresso Nitro(632761589)#0' 3-max (real money) Seat #1 is the button
Seat 1: Demon59156 (600)
Seat 3: _SKR (300)
*** ANTE/BLINDS ***
Demon59156 posts small blind 20
_SKR posts big blind 40
Dealt to _SKR [6c 3c]
*** PRE-FLOP *** 
Demon59156 calls 20
_SKR checks
*** FLOP *** [7s 4h Kh]
_SKR checks
Demon59156 bets 80
_SKR folds
Demon59156 collected 160 from pot
*** SUMMARY ***
Total pot 160 | No rake
Board: [7s 4h Kh]
Seat 1: Demon59156 (small blind) (button) won 160


Winamax Poker - Tournament "Expresso Nitro" buyIn: 0.93€ + 0.07€ level: 3 - HandId: #2717690330919993345-16-1676231891 - Holdem no limit (20/40) - 2023/02/12 19:58:11 UTC
Table: 'Expresso Nitro(632761589)#0' 3-max (real money) Seat #3 is the button
Seat 1: Demon59156 (640)
Seat 3: _SKR (260)
*** ANTE/BLINDS ***
_SKR posts small blind 20
Demon59156 posts big blind 40
Dealt to _SKR [Qd 6d]
*** PRE-FLOP *** 
_SKR raises 220 to 260 and is all-in
Demon59156 folds
_SKR collected 300 from pot
*** SUMMARY ***
Total pot 300 | No rake
Seat 3: _SKR (small blind) (button) won 300


Winamax Poker - Tournament "Expresso Nitro" buyIn: 0.93€ + 0.07€ level: 3 - HandId: #2717690330919993345-17-1676231898 - Holdem no limit (20/40) - 2023/02/12 19:58:18 UTC
Table: 'Expresso Nitro(632761589)#0' 3-max (real money) Seat #1 is the button
Seat 1: Demon59156 (600)
Seat 3: _SKR (300)
*** ANTE/BLINDS ***
Demon59156 posts small blind 20
_SKR posts big blind 40
Dealt to _SKR [8h 7d]
*** PRE-FLOP *** 
Demon59156 folds
_SKR collected 60 from pot
*** SUMMARY ***
Total pot 60 | No rake
Seat 3: _SKR (big blind) won 60


Winamax Poker - Tournament "Expresso Nitro" buyIn: 0.93€ + 0.07€ level: 3 - HandId: #2717690330919993345-18-1676231901 - Holdem no limit (20/40) - 2023/02/12 19:58:21 UTC
Table: 'Expresso Nitro(632761589)#0' 3-max (real money) Seat #3 is the button
Seat 1: Demon59156 (580)
Seat 3: _SKR (320)
*** ANTE/BLINDS ***
_SKR posts small blind 20
Demon59156 posts big blind 40
Dealt to _SKR [8d Qh]
*** PRE-FLOP *** 
_SKR raises 280 to 320 and is all-in
Demon59156 calls 280
*** FLOP *** [6s Kh Jh]
*** TURN *** [6s Kh Jh][7h]
*** RIVER *** [6s Kh Jh 7h][4h]
*** SHOW DOWN ***
Demon59156 shows [Ks 3h] (Flush King high)
_SKR shows [8d Qh] (Flush King high)
_SKR collected 640 from pot
*** SUMMARY ***
Total pot 640 | No rake
Board: [6s Kh Jh 7h 4h]
Seat 1: Demon59156 (big blind) showed [Ks 3h] and lost with Flush King high
Seat 3: _SKR (small blind) (button) showed [8d Qh] and won 640 with Flush King high


Winamax Poker - Tournament "Expresso Nitro" buyIn: 0.93€ + 0.07€ level: 3 - HandId: #2717690330919993345-19-1676231916 - Holdem no limit (20/40) - 2023/02/12 19:58:36 UTC
Table: 'Expresso Nitro(632761589)#0' 3-max (real money) Seat #1 is the button
Seat 1: Demon59156 (260)
Seat 3: _SKR (640)
*** ANTE/BLINDS ***
Demon59156 posts small blind 20
_SKR posts big blind 40
Dealt to _SKR [9d Ad]
*** PRE-FLOP *** 
Demon59156 raises 220 to 260 and is all-in
_SKR calls 220
*** FLOP *** [Jd Qc Ks]
*** TURN *** [Jd Qc Ks][7c]
*** RIVER *** [Jd Qc Ks 7c][6c]
*** SHOW DOWN ***
_SKR shows [9d Ad] (High card : Ace)
Demon59156 shows [7d Kh] (Two pairs : Kings and 7)
Demon59156 collected 520 from pot
*** SUMMARY ***
Total pot 520 | No rake
Board: [Jd Qc Ks 7c 6c]
Seat 1: Demon59156 (small blind) (button) showed [7d Kh] and won 520 with Two pairs : Kings and 7
Seat 3: _SKR (big blind) showed [9d Ad] and lost with High card : Ace


Winamax Poker - Tournament "Expresso Nitro" buyIn: 0.93€ + 0.07€ level: 4 - HandId: #2717690330919993345-20-1676231929 - Holdem no limit (30/60) - 2023/02/12 19:58:49 UTC
Table: 'Expresso Nitro(632761589)#0' 3-max (real money) Seat #3 is the button
Seat 1: Demon59156 (520)
Seat 3: _SKR (380)
*** ANTE/BLINDS ***
_SKR posts small blind 30
Demon59156 posts big blind 60
Dealt to _SKR [Kd Ah]
*** PRE-FLOP *** 
_SKR raises 320 to 380 and is all-in
Demon59156 calls 320
*** FLOP *** [Qd 4d 2c]
*** TURN *** [Qd 4d 2c][5c]
*** RIVER *** [Qd 4d 2c 5c][5d]
*** SHOW DOWN ***
_SKR shows [Kd Ah] (One pair : 5)
Demon59156 shows [Ad 9d] (Flush Ace high)
Demon59156 collected 760 from pot
*** SUMMARY ***
Total pot 760 | No rake
Board: [Qd 4d 2c 5c 5d]
Seat 1: Demon59156 (big blind) showed [Ad 9d] and won 760 with Flush Ace high
Seat 3: _SKR (small blind) (button) showed [Kd Ah] and lost with One pair : 5


