Winamax Poker - Tournament "Expresso Nitro" buyIn: 0.93€ + 0.07€ level: 1 - HandId: #2717568053201076225-1-1676227256 - Holdem no limit (10/20) - 2023/02/12 18:40:56 UTC
Table: 'Expresso Nitro(632733119)#0' 3-max (real money) Seat #2 is the button
Seat 1: Lbbonne (300)
Seat 2: RagnarBros (300)
Seat 3: _SKR (300)
*** ANTE/BLINDS ***
_SKR posts small blind 10
Lbbonne posts big blind 20
Dealt to _SKR [8s 4h]
*** PRE-FLOP *** 
RagnarBros folds
_SKR folds
Lbbonne collected 30 from pot
*** SUMMARY ***
Total pot 30 | No rake
Seat 1: Lbbonne (big blind) won 30


Winamax Poker - Tournament "Expresso Nitro" buyIn: 0.93€ + 0.07€ level: 1 - HandId: #2717568053201076225-2-1676227262 - Holdem no limit (10/20) - 2023/02/12 18:41:02 UTC
Table: 'Expresso Nitro(632733119)#0' 3-max (real money) Seat #3 is the button
Seat 1: Lbbonne (310)
Seat 2: RagnarBros (300)
Seat 3: _SKR (290)
*** ANTE/BLINDS ***
Lbbonne posts small blind 10
RagnarBros posts big blind 20
Dealt to _SKR [5c 7d]
*** PRE-FLOP *** 
_SKR folds
Lbbonne folds
RagnarBros collected 30 from pot
*** SUMMARY ***
Total pot 30 | No rake
Seat 2: RagnarBros (big blind) won 30


Winamax Poker - Tournament "Expresso Nitro" buyIn: 0.93€ + 0.07€ level: 1 - HandId: #2717568053201076225-3-1676227267 - Holdem no limit (10/20) - 2023/02/12 18:41:07 UTC
Table: 'Expresso Nitro(632733119)#0' 3-max (real money) Seat #1 is the button
Seat 1: Lbbonne (300)
Seat 2: RagnarBros (310)
Seat 3: _SKR (290)
*** ANTE/BLINDS ***
RagnarBros posts small blind 10
_SKR posts big blind 20
Dealt to _SKR [6c Ad]
*** PRE-FLOP *** 
Lbbonne raises 280 to 300 and is all-in
RagnarBros calls 290
_SKR folds
*** FLOP *** [6d 9s 3c]
*** TURN *** [6d 9s 3c][Ac]
*** RIVER *** [6d 9s 3c Ac][7d]
*** SHOW DOWN ***
RagnarBros shows [Kh Qs] (High card : Ace)
Lbbonne shows [As 5d] (One pair : Aces)
Lbbonne collected 620 from pot
*** SUMMARY ***
Total pot 620 | No rake
Board: [6d 9s 3c Ac 7d]
Seat 1: Lbbonne (button) showed [As 5d] and won 620 with One pair : Aces
Seat 2: RagnarBros (small blind) showed [Kh Qs] and lost with High card : Ace


Winamax Poker - Tournament "Expresso Nitro" buyIn: 0.93€ + 0.07€ level: 1 - HandId: #2717568053201076225-4-1676227289 - Holdem no limit (10/20) - 2023/02/12 18:41:29 UTC
Table: 'Expresso Nitro(632733119)#0' 3-max (real money) Seat #2 is the button
Seat 1: Lbbonne (620)
Seat 2: RagnarBros (10)
Seat 3: _SKR (270)
*** ANTE/BLINDS ***
_SKR posts small blind 10
Lbbonne posts big blind 20
Dealt to _SKR [Qc 7s]
*** PRE-FLOP *** 
RagnarBros calls 10 and is all-in
_SKR folds
*** FLOP *** [6s Ad Jd]
*** TURN *** [6s Ad Jd][2c]
*** RIVER *** [6s Ad Jd 2c][2s]
*** SHOW DOWN ***
RagnarBros shows [Th 6d] (Two pairs : 6 and 2)
Lbbonne shows [Kd 2h] (Trips of 2)
Lbbonne collected 40 from pot
*** SUMMARY ***
Total pot 40 | No rake
Board: [6s Ad Jd 2c 2s]
Seat 1: Lbbonne (big blind) showed [Kd 2h] and won 40 with Trips of 2
Seat 2: RagnarBros (button) showed [Th 6d] and lost with Two pairs : 6 and 2


Winamax Poker - Tournament "Expresso Nitro" buyIn: 0.93€ + 0.07€ level: 1 - HandId: #2717568053201076225-5-1676227304 - Holdem no limit (10/20) - 2023/02/12 18:41:44 UTC
Table: 'Expresso Nitro(632733119)#0' 3-max (real money) Seat #1 is the button
Seat 1: Lbbonne (640)
Seat 3: _SKR (260)
*** ANTE/BLINDS ***
Lbbonne posts small blind 10
_SKR posts big blind 20
Dealt to _SKR [9c 5h]
*** PRE-FLOP *** 
Lbbonne raises 40 to 60
_SKR folds
Lbbonne collected 80 from pot
*** SUMMARY ***
Total pot 80 | No rake
Seat 1: Lbbonne (small blind) (button) won 80


Winamax Poker - Tournament "Expresso Nitro" buyIn: 0.93€ + 0.07€ level: 2 - HandId: #2717568053201076225-6-1676227315 - Holdem no limit (15/30) - 2023/02/12 18:41:55 UTC
Table: 'Expresso Nitro(632733119)#0' 3-max (real money) Seat #3 is the button
Seat 1: Lbbonne (660)
Seat 3: _SKR (240)
*** ANTE/BLINDS ***
_SKR posts small blind 15
Lbbonne posts big blind 30
Dealt to _SKR [Kh 6s]
*** PRE-FLOP *** 
_SKR raises 210 to 240 and is all-in
Lbbonne folds
_SKR collected 270 from pot
*** SUMMARY ***
Total pot 270 | No rake
Seat 3: _SKR (small blind) (button) won 270


Winamax Poker - Tournament "Expresso Nitro" buyIn: 0.93€ + 0.07€ level: 2 - HandId: #2717568053201076225-7-1676227320 - Holdem no limit (15/30) - 2023/02/12 18:42:00 UTC
Table: 'Expresso Nitro(632733119)#0' 3-max (real money) Seat #1 is the button
Seat 1: Lbbonne (630)
Seat 3: _SKR (270)
*** ANTE/BLINDS ***
Lbbonne posts small blind 15
_SKR posts big blind 30
Dealt to _SKR [Ad Ts]
*** PRE-FLOP *** 
Lbbonne calls 15
_SKR raises 240 to 270 and is all-in
Lbbonne folds
_SKR collected 300 from pot
*** SUMMARY ***
Total pot 300 | No rake
Seat 3: _SKR (big blind) won 300


Winamax Poker - Tournament "Expresso Nitro" buyIn: 0.93€ + 0.07€ level: 2 - HandId: #2717568053201076225-8-1676227333 - Holdem no limit (15/30) - 2023/02/12 18:42:13 UTC
Table: 'Expresso Nitro(632733119)#0' 3-max (real money) Seat #3 is the button
Seat 1: Lbbonne (600)
Seat 3: _SKR (300)
*** ANTE/BLINDS ***
_SKR posts small blind 15
Lbbonne posts big blind 30
Dealt to _SKR [Td Jd]
*** PRE-FLOP *** 
_SKR calls 15
Lbbonne raises 570 to 600 and is all-in
_SKR folds
Lbbonne collected 630 from pot
*** SUMMARY ***
Total pot 630 | No rake
Seat 1: Lbbonne (big blind) won 630


Winamax Poker - Tournament "Expresso Nitro" buyIn: 0.93€ + 0.07€ level: 2 - HandId: #2717568053201076225-9-1676227341 - Holdem no limit (15/30) - 2023/02/12 18:42:21 UTC
Table: 'Expresso Nitro(632733119)#0' 3-max (real money) Seat #1 is the button
Seat 1: Lbbonne (630)
Seat 3: _SKR (270)
*** ANTE/BLINDS ***
Lbbonne posts small blind 15
_SKR posts big blind 30
Dealt to _SKR [Ac 3d]
*** PRE-FLOP *** 
Lbbonne folds
_SKR collected 45 from pot
*** SUMMARY ***
Total pot 45 | No rake
Seat 3: _SKR (big blind) won 45


Winamax Poker - Tournament "Expresso Nitro" buyIn: 0.93€ + 0.07€ level: 2 - HandId: #2717568053201076225-10-1676227344 - Holdem no limit (15/30) - 2023/02/12 18:42:24 UTC
Table: 'Expresso Nitro(632733119)#0' 3-max (real money) Seat #3 is the button
Seat 1: Lbbonne (615)
Seat 3: _SKR (285)
*** ANTE/BLINDS ***
_SKR posts small blind 15
Lbbonne posts big blind 30
Dealt to _SKR [8h Ah]
*** PRE-FLOP *** 
_SKR raises 255 to 285 and is all-in
Lbbonne folds
_SKR collected 315 from pot
*** SUMMARY ***
Total pot 315 | No rake
Seat 3: _SKR (small blind) (button) won 315


Winamax Poker - Tournament "Expresso Nitro" buyIn: 0.93€ + 0.07€ level: 2 - HandId: #2717568053201076225-11-1676227351 - Holdem no limit (15/30) - 2023/02/12 18:42:31 UTC
Table: 'Expresso Nitro(632733119)#0' 3-max (real money) Seat #1 is the button
Seat 1: Lbbonne (585)
Seat 3: _SKR (315)
*** ANTE/BLINDS ***
Lbbonne posts small blind 15
_SKR posts big blind 30
Dealt to _SKR [3s 9s]
*** PRE-FLOP *** 
Lbbonne folds
_SKR collected 45 from pot
*** SUMMARY ***
Total pot 45 | No rake
Seat 3: _SKR (big blind) won 45


Winamax Poker - Tournament "Expresso Nitro" buyIn: 0.93€ + 0.07€ level: 2 - HandId: #2717568053201076225-12-1676227354 - Holdem no limit (15/30) - 2023/02/12 18:42:34 UTC
Table: 'Expresso Nitro(632733119)#0' 3-max (real money) Seat #3 is the button
Seat 1: Lbbonne (570)
Seat 3: _SKR (330)
*** ANTE/BLINDS ***
_SKR posts small blind 15
Lbbonne posts big blind 30
Dealt to _SKR [9s Jc]
*** PRE-FLOP *** 
_SKR raises 300 to 330 and is all-in
Lbbonne folds
_SKR collected 360 from pot
*** SUMMARY ***
Total pot 360 | No rake
Seat 3: _SKR (small blind) (button) won 360


Winamax Poker - Tournament "Expresso Nitro" buyIn: 0.93€ + 0.07€ level: 2 - HandId: #2717568053201076225-13-1676227360 - Holdem no limit (15/30) - 2023/02/12 18:42:40 UTC
Table: 'Expresso Nitro(632733119)#0' 3-max (real money) Seat #1 is the button
Seat 1: Lbbonne (540)
Seat 3: _SKR (360)
*** ANTE/BLINDS ***
Lbbonne posts small blind 15
_SKR posts big blind 30
Dealt to _SKR [7h 6d]
*** PRE-FLOP *** 
Lbbonne folds
_SKR collected 45 from pot
*** SUMMARY ***
Total pot 45 | No rake
Seat 3: _SKR (big blind) won 45


Winamax Poker - Tournament "Expresso Nitro" buyIn: 0.93€ + 0.07€ level: 2 - HandId: #2717568053201076225-14-1676227363 - Holdem no limit (15/30) - 2023/02/12 18:42:43 UTC
Table: 'Expresso Nitro(632733119)#0' 3-max (real money) Seat #3 is the button
Seat 1: Lbbonne (525)
Seat 3: _SKR (375)
*** ANTE/BLINDS ***
_SKR posts small blind 15
Lbbonne posts big blind 30
Dealt to _SKR [Th 3c]
*** PRE-FLOP *** 
_SKR folds
Lbbonne collected 45 from pot
*** SUMMARY ***
Total pot 45 | No rake
Seat 1: Lbbonne (big blind) won 45


Winamax Poker - Tournament "Expresso Nitro" buyIn: 0.93€ + 0.07€ level: 2 - HandId: #2717568053201076225-15-1676227372 - Holdem no limit (15/30) - 2023/02/12 18:42:52 UTC
Table: 'Expresso Nitro(632733119)#0' 3-max (real money) Seat #1 is the button
Seat 1: Lbbonne (540)
Seat 3: _SKR (360)
*** ANTE/BLINDS ***
Lbbonne posts small blind 15
_SKR posts big blind 30
Dealt to _SKR [Ts 7s]
*** PRE-FLOP *** 
Lbbonne folds
_SKR collected 45 from pot
*** SUMMARY ***
Total pot 45 | No rake
Seat 3: _SKR (big blind) won 45


Winamax Poker - Tournament "Expresso Nitro" buyIn: 0.93€ + 0.07€ level: 3 - HandId: #2717568053201076225-16-1676227375 - Holdem no limit (20/40) - 2023/02/12 18:42:55 UTC
Table: 'Expresso Nitro(632733119)#0' 3-max (real money) Seat #3 is the button
Seat 1: Lbbonne (525)
Seat 3: _SKR (375)
*** ANTE/BLINDS ***
_SKR posts small blind 20
Lbbonne posts big blind 40
Dealt to _SKR [8c Ks]
*** PRE-FLOP *** 
_SKR raises 335 to 375 and is all-in
Lbbonne folds
_SKR collected 415 from pot
*** SUMMARY ***
Total pot 415 | No rake
Seat 3: _SKR (small blind) (button) won 415


Winamax Poker - Tournament "Expresso Nitro" buyIn: 0.93€ + 0.07€ level: 3 - HandId: #2717568053201076225-17-1676227380 - Holdem no limit (20/40) - 2023/02/12 18:43:00 UTC
Table: 'Expresso Nitro(632733119)#0' 3-max (real money) Seat #1 is the button
Seat 1: Lbbonne (485)
Seat 3: _SKR (415)
*** ANTE/BLINDS ***
Lbbonne posts small blind 20
_SKR posts big blind 40
Dealt to _SKR [9c Qs]
*** PRE-FLOP *** 
Lbbonne folds
_SKR collected 60 from pot
*** SUMMARY ***
Total pot 60 | No rake
Seat 3: _SKR (big blind) won 60


Winamax Poker - Tournament "Expresso Nitro" buyIn: 0.93€ + 0.07€ level: 3 - HandId: #2717568053201076225-18-1676227383 - Holdem no limit (20/40) - 2023/02/12 18:43:03 UTC
Table: 'Expresso Nitro(632733119)#0' 3-max (real money) Seat #3 is the button
Seat 1: Lbbonne (465)
Seat 3: _SKR (435)
*** ANTE/BLINDS ***
_SKR posts small blind 20
Lbbonne posts big blind 40
Dealt to _SKR [9d 3h]
*** PRE-FLOP *** 
_SKR folds
Lbbonne collected 60 from pot
*** SUMMARY ***
Total pot 60 | No rake
Seat 1: Lbbonne (big blind) won 60


Winamax Poker - Tournament "Expresso Nitro" buyIn: 0.93€ + 0.07€ level: 3 - HandId: #2717568053201076225-19-1676227386 - Holdem no limit (20/40) - 2023/02/12 18:43:06 UTC
Table: 'Expresso Nitro(632733119)#0' 3-max (real money) Seat #1 is the button
Seat 1: Lbbonne (485)
Seat 3: _SKR (415)
*** ANTE/BLINDS ***
Lbbonne posts small blind 20
_SKR posts big blind 40
Dealt to _SKR [Jh Qh]
*** PRE-FLOP *** 
Lbbonne raises 445 to 485 and is all-in
_SKR calls 375 and is all-in
*** FLOP *** [Qd Kd 6c]
*** TURN *** [Qd Kd 6c][3s]
*** RIVER *** [Qd Kd 6c 3s][Td]
*** SHOW DOWN ***
Lbbonne shows [Ah 4h] (High card : Ace)
_SKR shows [Jh Qh] (One pair : Queens)
_SKR collected 830 from main pot
Lbbonne collected 70 from side pot 1
*** SUMMARY ***
Total pot 900 | No rake
Board: [Qd Kd 6c 3s Td]
Seat 1: Lbbonne (small blind) (button) showed [Ah 4h] and won 70 with High card : Ace
Seat 3: _SKR (big blind) showed [Jh Qh] and won 830 with One pair : Queens


Winamax Poker - Tournament "Expresso Nitro" buyIn: 0.93€ + 0.07€ level: 3 - HandId: #2717568053201076225-20-1676227398 - Holdem no limit (20/40) - 2023/02/12 18:43:18 UTC
Table: 'Expresso Nitro(632733119)#0' 3-max (real money) Seat #3 is the button
Seat 1: Lbbonne (70)
Seat 3: _SKR (830)
*** ANTE/BLINDS ***
_SKR posts small blind 20
Lbbonne posts big blind 40
Dealt to _SKR [Jc Qd]
*** PRE-FLOP *** 
_SKR raises 40 to 80
Lbbonne calls 30 and is all-in
*** FLOP *** [2d 7h Ts]
*** TURN *** [2d 7h Ts][5h]
*** RIVER *** [2d 7h Ts 5h][Kc]
*** SHOW DOWN ***
Lbbonne shows [Kh 4c] (One pair : Kings)
_SKR shows [Jc Qd] (High card : King)
_SKR collected 10 from side pot 1
Lbbonne collected 140 from main pot
*** SUMMARY ***
Total pot 150 | No rake
Board: [2d 7h Ts 5h Kc]
Seat 1: Lbbonne (big blind) showed [Kh 4c] and won 140 with One pair : Kings
Seat 3: _SKR (small blind) (button) showed [Jc Qd] and won 10 with High card : King


Winamax Poker - Tournament "Expresso Nitro" buyIn: 0.93€ + 0.07€ level: 3 - HandId: #2717568053201076225-21-1676227409 - Holdem no limit (20/40) - 2023/02/12 18:43:29 UTC
Table: 'Expresso Nitro(632733119)#0' 3-max (real money) Seat #1 is the button
Seat 1: Lbbonne (140)
Seat 3: _SKR (760)
*** ANTE/BLINDS ***
Lbbonne posts small blind 20
_SKR posts big blind 40
Dealt to _SKR [Tc Ad]
*** PRE-FLOP *** 
Lbbonne folds
_SKR collected 60 from pot
*** SUMMARY ***
Total pot 60 | No rake
Seat 3: _SKR (big blind) won 60


Winamax Poker - Tournament "Expresso Nitro" buyIn: 0.93€ + 0.07€ level: 3 - HandId: #2717568053201076225-22-1676227412 - Holdem no limit (20/40) - 2023/02/12 18:43:32 UTC
Table: 'Expresso Nitro(632733119)#0' 3-max (real money) Seat #3 is the button
Seat 1: Lbbonne (120)
Seat 3: _SKR (780)
*** ANTE/BLINDS ***
_SKR posts small blind 20
Lbbonne posts big blind 40
Dealt to _SKR [9h Kh]
*** PRE-FLOP *** 
_SKR raises 740 to 780 and is all-in
Lbbonne folds
_SKR collected 820 from pot
*** SUMMARY ***
Total pot 820 | No rake
Seat 3: _SKR (small blind) (button) won 820


Winamax Poker - Tournament "Expresso Nitro" buyIn: 0.93€ + 0.07€ level: 3 - HandId: #2717568053201076225-23-1676227418 - Holdem no limit (20/40) - 2023/02/12 18:43:38 UTC
Table: 'Expresso Nitro(632733119)#0' 3-max (real money) Seat #1 is the button
Seat 1: Lbbonne (80)
Seat 3: _SKR (820)
*** ANTE/BLINDS ***
Lbbonne posts small blind 20
_SKR posts big blind 40
Dealt to _SKR [Jh 5c]
*** PRE-FLOP *** 
Lbbonne raises 40 to 80 and is all-in
_SKR calls 40
*** FLOP *** [4d Th 8s]
*** TURN *** [4d Th 8s][9h]
*** RIVER *** [4d Th 8s 9h][3d]
*** SHOW DOWN ***
_SKR shows [Jh 5c] (High card : Jack)
Lbbonne shows [3s Td] (Two pairs : Tens and 3)
Lbbonne collected 160 from pot
*** SUMMARY ***
Total pot 160 | No rake
Board: [4d Th 8s 9h 3d]
Seat 1: Lbbonne (small blind) (button) showed [3s Td] and won 160 with Two pairs : Tens and 3
Seat 3: _SKR (big blind) showed [Jh 5c] and lost with High card : Jack


Winamax Poker - Tournament "Expresso Nitro" buyIn: 0.93€ + 0.07€ level: 3 - HandId: #2717568053201076225-24-1676227431 - Holdem no limit (20/40) - 2023/02/12 18:43:51 UTC
Table: 'Expresso Nitro(632733119)#0' 3-max (real money) Seat #3 is the button
Seat 1: Lbbonne (160)
Seat 3: _SKR (740)
*** ANTE/BLINDS ***
_SKR posts small blind 20
Lbbonne posts big blind 40
Dealt to _SKR [Jd 9d]
*** PRE-FLOP *** 
_SKR raises 700 to 740 and is all-in
Lbbonne calls 120 and is all-in
*** FLOP *** [7h Ah 4c]
*** TURN *** [7h Ah 4c][Ts]
*** RIVER *** [7h Ah 4c Ts][Kd]
*** SHOW DOWN ***
Lbbonne shows [4d Qd] (One pair : 4)
_SKR shows [Jd 9d] (High card : Ace)
_SKR collected 580 from side pot 1
Lbbonne collected 320 from main pot
*** SUMMARY ***
Total pot 900 | No rake
Board: [7h Ah 4c Ts Kd]
Seat 1: Lbbonne (big blind) showed [4d Qd] and won 320 with One pair : 4
Seat 3: _SKR (small blind) (button) showed [Jd 9d] and won 580 with High card : Ace


Winamax Poker - Tournament "Expresso Nitro" buyIn: 0.93€ + 0.07€ level: 4 - HandId: #2717568053201076225-25-1676227442 - Holdem no limit (30/60) - 2023/02/12 18:44:02 UTC
Table: 'Expresso Nitro(632733119)#0' 3-max (real money) Seat #1 is the button
Seat 1: Lbbonne (320)
Seat 3: _SKR (580)
*** ANTE/BLINDS ***
Lbbonne posts small blind 30
_SKR posts big blind 60
Dealt to _SKR [4s Kd]
*** PRE-FLOP *** 
Lbbonne folds
_SKR collected 90 from pot
*** SUMMARY ***
Total pot 90 | No rake
Seat 3: _SKR (big blind) won 90


Winamax Poker - Tournament "Expresso Nitro" buyIn: 0.93€ + 0.07€ level: 4 - HandId: #2717568053201076225-26-1676227445 - Holdem no limit (30/60) - 2023/02/12 18:44:05 UTC
Table: 'Expresso Nitro(632733119)#0' 3-max (real money) Seat #3 is the button
Seat 1: Lbbonne (290)
Seat 3: _SKR (610)
*** ANTE/BLINDS ***
_SKR posts small blind 30
Lbbonne posts big blind 60
Dealt to _SKR [Ad 3d]
*** PRE-FLOP *** 
_SKR raises 550 to 610 and is all-in
Lbbonne folds
_SKR collected 670 from pot
*** SUMMARY ***
Total pot 670 | No rake
Seat 3: _SKR (small blind) (button) won 670


Winamax Poker - Tournament "Expresso Nitro" buyIn: 0.93€ + 0.07€ level: 4 - HandId: #2717568053201076225-27-1676227450 - Holdem no limit (30/60) - 2023/02/12 18:44:10 UTC
Table: 'Expresso Nitro(632733119)#0' 3-max (real money) Seat #1 is the button
Seat 1: Lbbonne (230)
Seat 3: _SKR (670)
*** ANTE/BLINDS ***
Lbbonne posts small blind 30
_SKR posts big blind 60
Dealt to _SKR [Qs Qh]
*** PRE-FLOP *** 
Lbbonne raises 170 to 230 and is all-in
_SKR calls 170
*** FLOP *** [5h Ts Kd]
*** TURN *** [5h Ts Kd][6c]
*** RIVER *** [5h Ts Kd 6c][8d]
*** SHOW DOWN ***
_SKR shows [Qs Qh] (One pair : Queens)
Lbbonne shows [Kc 6s] (Two pairs : Kings and 6)
Lbbonne collected 460 from pot
*** SUMMARY ***
Total pot 460 | No rake
Board: [5h Ts Kd 6c 8d]
Seat 1: Lbbonne (small blind) (button) showed [Kc 6s] and won 460 with Two pairs : Kings and 6
Seat 3: _SKR (big blind) showed [Qs Qh] and lost with One pair : Queens


Winamax Poker - Tournament "Expresso Nitro" buyIn: 0.93€ + 0.07€ level: 4 - HandId: #2717568053201076225-28-1676227462 - Holdem no limit (30/60) - 2023/02/12 18:44:22 UTC
Table: 'Expresso Nitro(632733119)#0' 3-max (real money) Seat #3 is the button
Seat 1: Lbbonne (460)
Seat 3: _SKR (440)
*** ANTE/BLINDS ***
_SKR posts small blind 30
Lbbonne posts big blind 60
Dealt to _SKR [Qh Qc]
*** PRE-FLOP *** 
_SKR raises 380 to 440 and is all-in
Lbbonne folds
_SKR collected 500 from pot
*** SUMMARY ***
Total pot 500 | No rake
Seat 3: _SKR (small blind) (button) won 500


Winamax Poker - Tournament "Expresso Nitro" buyIn: 0.93€ + 0.07€ level: 4 - HandId: #2717568053201076225-29-1676227467 - Holdem no limit (30/60) - 2023/02/12 18:44:27 UTC
Table: 'Expresso Nitro(632733119)#0' 3-max (real money) Seat #1 is the button
Seat 1: Lbbonne (400)
Seat 3: _SKR (500)
*** ANTE/BLINDS ***
Lbbonne posts small blind 30
_SKR posts big blind 60
Dealt to _SKR [Tc Jh]
*** PRE-FLOP *** 
Lbbonne folds
_SKR collected 90 from pot
*** SUMMARY ***
Total pot 90 | No rake
Seat 3: _SKR (big blind) won 90


Winamax Poker - Tournament "Expresso Nitro" buyIn: 0.93€ + 0.07€ level: 4 - HandId: #2717568053201076225-30-1676227471 - Holdem no limit (30/60) - 2023/02/12 18:44:31 UTC
Table: 'Expresso Nitro(632733119)#0' 3-max (real money) Seat #3 is the button
Seat 1: Lbbonne (370)
Seat 3: _SKR (530)
*** ANTE/BLINDS ***
_SKR posts small blind 30
Lbbonne posts big blind 60
Dealt to _SKR [6c Jd]
*** PRE-FLOP *** 
_SKR raises 470 to 530 and is all-in
Lbbonne calls 310 and is all-in
*** FLOP *** [2s 8c 2c]
*** TURN *** [2s 8c 2c][Tc]
*** RIVER *** [2s 8c 2c Tc][Kc]
*** SHOW DOWN ***
Lbbonne shows [Qh 7h] (One pair : 2)
_SKR shows [6c Jd] (Flush King high)
_SKR collected 900 from pot
*** SUMMARY ***
Total pot 900 | No rake
Board: [2s 8c 2c Tc Kc]
Seat 1: Lbbonne (big blind) showed [Qh 7h] and lost with One pair : 2
Seat 3: _SKR (small blind) (button) showed [6c Jd] and won 900 with Flush King high


