Winamax Poker - Tournament "Expresso Nitro" buyIn: 1.86€ + 0.14€ level: 1 - HandId: #2696894193762041857-1-1675102347 - Holdem no limit (10/20) - 2023/01/30 18:12:27 UTC
Table: 'Expresso Nitro(627919611)#0' 3-max (real money) Seat #3 is the button
Seat 1: kent1_azn (300)
Seat 2: Portosamg33 (300)
Seat 3: _SKR (300)
*** ANTE/BLINDS ***
kent1_azn posts small blind 10
Portosamg33 posts big blind 20
Dealt to _SKR [6d Qh]
*** PRE-FLOP *** 
_SKR folds
kent1_azn calls 10
Portosamg33 checks
*** FLOP *** [2d Kc Jd]
kent1_azn bets 32
Portosamg33 calls 32
*** TURN *** [2d Kc Jd][6h]
kent1_azn bets 20
Portosamg33 folds
kent1_azn collected 124 from pot
*** SUMMARY ***
Total pot 124 | No rake
Board: [2d Kc Jd 6h]
Seat 1: kent1_azn (small blind) won 124


Winamax Poker - Tournament "Expresso Nitro" buyIn: 1.86€ + 0.14€ level: 1 - HandId: #2696894193762041857-2-1675102392 - Holdem no limit (10/20) - 2023/01/30 18:13:12 UTC
Table: 'Expresso Nitro(627919611)#0' 3-max (real money) Seat #1 is the button
Seat 1: kent1_azn (352)
Seat 2: Portosamg33 (248)
Seat 3: _SKR (300)
*** ANTE/BLINDS ***
Portosamg33 posts small blind 10
_SKR posts big blind 20
Dealt to _SKR [3h 9c]
*** PRE-FLOP *** 
kent1_azn folds
Portosamg33 calls 10
_SKR checks
*** FLOP *** [6h Js 8d]
Portosamg33 checks
_SKR checks
*** TURN *** [6h Js 8d][2s]
Portosamg33 bets 20
_SKR folds
Portosamg33 collected 60 from pot
*** SUMMARY ***
Total pot 60 | No rake
Board: [6h Js 8d 2s]
Seat 2: Portosamg33 (small blind) won 60


Winamax Poker - Tournament "Expresso Nitro" buyIn: 1.86€ + 0.14€ level: 2 - HandId: #2696894193762041857-3-1675102428 - Holdem no limit (15/30) - 2023/01/30 18:13:48 UTC
Table: 'Expresso Nitro(627919611)#0' 3-max (real money) Seat #2 is the button
Seat 1: kent1_azn (352)
Seat 2: Portosamg33 (268)
Seat 3: _SKR (280)
*** ANTE/BLINDS ***
_SKR posts small blind 15
kent1_azn posts big blind 30
Dealt to _SKR [5s 2d]
*** PRE-FLOP *** 
Portosamg33 folds
_SKR folds
kent1_azn collected 45 from pot
*** SUMMARY ***
Total pot 45 | No rake
Seat 1: kent1_azn (big blind) won 45


Winamax Poker - Tournament "Expresso Nitro" buyIn: 1.86€ + 0.14€ level: 2 - HandId: #2696894193762041857-4-1675102436 - Holdem no limit (15/30) - 2023/01/30 18:13:56 UTC
Table: 'Expresso Nitro(627919611)#0' 3-max (real money) Seat #3 is the button
Seat 1: kent1_azn (367)
Seat 2: Portosamg33 (268)
Seat 3: _SKR (265)
*** ANTE/BLINDS ***
kent1_azn posts small blind 15
Portosamg33 posts big blind 30
Dealt to _SKR [3c 2c]
*** PRE-FLOP *** 
_SKR folds
kent1_azn folds
Portosamg33 collected 45 from pot
*** SUMMARY ***
Total pot 45 | No rake
Seat 2: Portosamg33 (big blind) won 45


Winamax Poker - Tournament "Expresso Nitro" buyIn: 1.86€ + 0.14€ level: 2 - HandId: #2696894193762041857-5-1675102443 - Holdem no limit (15/30) - 2023/01/30 18:14:03 UTC
Table: 'Expresso Nitro(627919611)#0' 3-max (real money) Seat #1 is the button
Seat 1: kent1_azn (352)
Seat 2: Portosamg33 (283)
Seat 3: _SKR (265)
*** ANTE/BLINDS ***
Portosamg33 posts small blind 15
_SKR posts big blind 30
Dealt to _SKR [7c Tc]
*** PRE-FLOP *** 
kent1_azn folds
Portosamg33 folds
_SKR collected 45 from pot
*** SUMMARY ***
Total pot 45 | No rake
Seat 3: _SKR (big blind) won 45


Winamax Poker - Tournament "Expresso Nitro" buyIn: 1.86€ + 0.14€ level: 2 - HandId: #2696894193762041857-6-1675102457 - Holdem no limit (15/30) - 2023/01/30 18:14:17 UTC
Table: 'Expresso Nitro(627919611)#0' 3-max (real money) Seat #2 is the button
Seat 1: kent1_azn (352)
Seat 2: Portosamg33 (268)
Seat 3: _SKR (280)
*** ANTE/BLINDS ***
_SKR posts small blind 15
kent1_azn posts big blind 30
Dealt to _SKR [Ts 3h]
*** PRE-FLOP *** 
Portosamg33 folds
_SKR folds
kent1_azn collected 45 from pot
*** SUMMARY ***
Total pot 45 | No rake
Seat 1: kent1_azn (big blind) won 45


Winamax Poker - Tournament "Expresso Nitro" buyIn: 1.86€ + 0.14€ level: 3 - HandId: #2696894193762041857-7-1675102466 - Holdem no limit (20/40) - 2023/01/30 18:14:26 UTC
Table: 'Expresso Nitro(627919611)#0' 3-max (real money) Seat #3 is the button
Seat 1: kent1_azn (367)
Seat 2: Portosamg33 (268)
Seat 3: _SKR (265)
*** ANTE/BLINDS ***
kent1_azn posts small blind 20
Portosamg33 posts big blind 40
Dealt to _SKR [7s Th]
*** PRE-FLOP *** 
_SKR folds
kent1_azn calls 20
Portosamg33 checks
*** FLOP *** [3s Kh Jd]
kent1_azn bets 64
Portosamg33 calls 64
*** TURN *** [3s Kh Jd][9c]
kent1_azn bets 40
Portosamg33 raises 40 to 80
kent1_azn calls 40
*** RIVER *** [3s Kh Jd 9c][7h]
kent1_azn checks
Portosamg33 bets 84 and is all-in
kent1_azn folds
Portosamg33 collected 452 from pot
*** SUMMARY ***
Total pot 452 | No rake
Board: [3s Kh Jd 9c 7h]
Seat 2: Portosamg33 (big blind) won 452


Winamax Poker - Tournament "Expresso Nitro" buyIn: 1.86€ + 0.14€ level: 3 - HandId: #2696894193762041857-8-1675102500 - Holdem no limit (20/40) - 2023/01/30 18:15:00 UTC
Table: 'Expresso Nitro(627919611)#0' 3-max (real money) Seat #1 is the button
Seat 1: kent1_azn (183)
Seat 2: Portosamg33 (452)
Seat 3: _SKR (265)
*** ANTE/BLINDS ***
Portosamg33 posts small blind 20
_SKR posts big blind 40
Dealt to _SKR [5d Td]
*** PRE-FLOP *** 
kent1_azn folds
Portosamg33 calls 20
_SKR checks
*** FLOP *** [7d Jd Jh]
Portosamg33 bets 40
_SKR raises 185 to 225 and is all-in
Portosamg33 folds
_SKR collected 345 from pot
*** SUMMARY ***
Total pot 345 | No rake
Board: [7d Jd Jh]
Seat 3: _SKR (big blind) won 345


Winamax Poker - Tournament "Expresso Nitro" buyIn: 1.86€ + 0.14€ level: 3 - HandId: #2696894193762041857-9-1675102522 - Holdem no limit (20/40) - 2023/01/30 18:15:22 UTC
Table: 'Expresso Nitro(627919611)#0' 3-max (real money) Seat #2 is the button
Seat 1: kent1_azn (183)
Seat 2: Portosamg33 (372)
Seat 3: _SKR (345)
*** ANTE/BLINDS ***
_SKR posts small blind 20
kent1_azn posts big blind 40
Dealt to _SKR [Jc Th]
*** PRE-FLOP *** 
Portosamg33 folds
_SKR raises 305 to 345 and is all-in
kent1_azn calls 143 and is all-in
*** FLOP *** [7h 2d 6h]
*** TURN *** [7h 2d 6h][Td]
*** RIVER *** [7h 2d 6h Td][2c]
*** SHOW DOWN ***
kent1_azn shows [5h 5d] (Two pairs : 5 and 2)
_SKR shows [Jc Th] (Two pairs : Tens and 2)
_SKR collected 528 from pot
*** SUMMARY ***
Total pot 528 | No rake
Board: [7h 2d 6h Td 2c]
Seat 1: kent1_azn (big blind) showed [5h 5d] and lost with Two pairs : 5 and 2
Seat 3: _SKR (small blind) showed [Jc Th] and won 528 with Two pairs : Tens and 2


Winamax Poker - Tournament "Expresso Nitro" buyIn: 1.86€ + 0.14€ level: 4 - HandId: #2696894193762041857-10-1675102539 - Holdem no limit (30/60) - 2023/01/30 18:15:39 UTC
Table: 'Expresso Nitro(627919611)#0' 3-max (real money) Seat #2 is the button
Seat 2: Portosamg33 (372)
Seat 3: _SKR (528)
*** ANTE/BLINDS ***
Portosamg33 posts small blind 30
_SKR posts big blind 60
Dealt to _SKR [8c 6d]
*** PRE-FLOP *** 
Portosamg33 calls 30
_SKR checks
*** FLOP *** [3d 6h 8d]
_SKR checks
Portosamg33 checks
*** TURN *** [3d 6h 8d][6c]
_SKR bets 78
Portosamg33 folds
_SKR collected 198 from pot
*** SUMMARY ***
Total pot 198 | No rake
Board: [3d 6h 8d 6c]
Seat 3: _SKR (big blind) won 198


Winamax Poker - Tournament "Expresso Nitro" buyIn: 1.86€ + 0.14€ level: 4 - HandId: #2696894193762041857-11-1675102561 - Holdem no limit (30/60) - 2023/01/30 18:16:01 UTC
Table: 'Expresso Nitro(627919611)#0' 3-max (real money) Seat #3 is the button
Seat 2: Portosamg33 (312)
Seat 3: _SKR (588)
*** ANTE/BLINDS ***
_SKR posts small blind 30
Portosamg33 posts big blind 60
Dealt to _SKR [7c 9s]
*** PRE-FLOP *** 
_SKR raises 528 to 588 and is all-in
Portosamg33 calls 252 and is all-in
*** FLOP *** [Qc 9h 5d]
*** TURN *** [Qc 9h 5d][6d]
*** RIVER *** [Qc 9h 5d 6d][Kd]
*** SHOW DOWN ***
Portosamg33 shows [7h Qd] (One pair : Queens)
_SKR shows [7c 9s] (One pair : 9)
_SKR collected 276 from side pot 1
Portosamg33 collected 624 from main pot
*** SUMMARY ***
Total pot 900 | No rake
Board: [Qc 9h 5d 6d Kd]
Seat 2: Portosamg33 (big blind) showed [7h Qd] and won 624 with One pair : Queens
Seat 3: _SKR (small blind) (button) showed [7c 9s] and won 276 with One pair : 9


Winamax Poker - Tournament "Expresso Nitro" buyIn: 1.86€ + 0.14€ level: 4 - HandId: #2696894193762041857-12-1675102575 - Holdem no limit (30/60) - 2023/01/30 18:16:15 UTC
Table: 'Expresso Nitro(627919611)#0' 3-max (real money) Seat #2 is the button
Seat 2: Portosamg33 (624)
Seat 3: _SKR (276)
*** ANTE/BLINDS ***
Portosamg33 posts small blind 30
_SKR posts big blind 60
Dealt to _SKR [Kd Kh]
*** PRE-FLOP *** 
Portosamg33 raises 564 to 624 and is all-in
_SKR calls 216 and is all-in
*** FLOP *** [7s Ac Td]
*** TURN *** [7s Ac Td][2c]
*** RIVER *** [7s Ac Td 2c][Tc]
*** SHOW DOWN ***
Portosamg33 shows [4d 4s] (Two pairs : Tens and 4)
_SKR shows [Kd Kh] (Two pairs : Kings and Tens)
_SKR collected 552 from main pot
Portosamg33 collected 348 from side pot 1
*** SUMMARY ***
Total pot 900 | No rake
Board: [7s Ac Td 2c Tc]
Seat 2: Portosamg33 (small blind) (button) showed [4d 4s] and won 348 with Two pairs : Tens and 4
Seat 3: _SKR (big blind) showed [Kd Kh] and won 552 with Two pairs : Kings and Tens


Winamax Poker - Tournament "Expresso Nitro" buyIn: 1.86€ + 0.14€ level: 5 - HandId: #2696894193762041857-13-1675102590 - Holdem no limit (40/80) - 2023/01/30 18:16:30 UTC
Table: 'Expresso Nitro(627919611)#0' 3-max (real money) Seat #3 is the button
Seat 2: Portosamg33 (348)
Seat 3: _SKR (552)
*** ANTE/BLINDS ***
_SKR posts small blind 40
Portosamg33 posts big blind 80
Dealt to _SKR [Kc 2s]
*** PRE-FLOP *** 
_SKR folds
Portosamg33 collected 120 from pot
*** SUMMARY ***
Total pot 120 | No rake
Seat 2: Portosamg33 (big blind) won 120


Winamax Poker - Tournament "Expresso Nitro" buyIn: 1.86€ + 0.14€ level: 5 - HandId: #2696894193762041857-14-1675102595 - Holdem no limit (40/80) - 2023/01/30 18:16:35 UTC
Table: 'Expresso Nitro(627919611)#0' 3-max (real money) Seat #2 is the button
Seat 2: Portosamg33 (388)
Seat 3: _SKR (512)
*** ANTE/BLINDS ***
Portosamg33 posts small blind 40
_SKR posts big blind 80
Dealt to _SKR [2h 6d]
*** PRE-FLOP *** 
Portosamg33 folds
_SKR collected 120 from pot
*** SUMMARY ***
Total pot 120 | No rake
Seat 3: _SKR (big blind) won 120


Winamax Poker - Tournament "Expresso Nitro" buyIn: 1.86€ + 0.14€ level: 5 - HandId: #2696894193762041857-15-1675102599 - Holdem no limit (40/80) - 2023/01/30 18:16:39 UTC
Table: 'Expresso Nitro(627919611)#0' 3-max (real money) Seat #3 is the button
Seat 2: Portosamg33 (348)
Seat 3: _SKR (552)
*** ANTE/BLINDS ***
_SKR posts small blind 40
Portosamg33 posts big blind 80
Dealt to _SKR [Ts Js]
*** PRE-FLOP *** 
_SKR raises 472 to 552 and is all-in
Portosamg33 folds
_SKR collected 632 from pot
*** SUMMARY ***
Total pot 632 | No rake
Seat 3: _SKR (small blind) (button) won 632


Winamax Poker - Tournament "Expresso Nitro" buyIn: 1.86€ + 0.14€ level: 5 - HandId: #2696894193762041857-16-1675102605 - Holdem no limit (40/80) - 2023/01/30 18:16:45 UTC
Table: 'Expresso Nitro(627919611)#0' 3-max (real money) Seat #2 is the button
Seat 2: Portosamg33 (268)
Seat 3: _SKR (632)
*** ANTE/BLINDS ***
Portosamg33 posts small blind 40
_SKR posts big blind 80
Dealt to _SKR [Th Ts]
*** PRE-FLOP *** 
Portosamg33 raises 188 to 268 and is all-in
_SKR raises 188 to 456
*** FLOP *** [9c 9h 6d]
*** TURN *** [9c 9h 6d][3d]
*** RIVER *** [9c 9h 6d 3d][3h]
*** SHOW DOWN ***
Portosamg33 shows [7s Ks] (Two pairs : 9 and 3)
_SKR shows [Th Ts] (Two pairs : Tens and 9)
_SKR collected 724 from pot
*** SUMMARY ***
Total pot 724 | No rake
Board: [9c 9h 6d 3d 3h]
Seat 2: Portosamg33 (small blind) (button) showed [7s Ks] and lost with Two pairs : 9 and 3
Seat 3: _SKR (big blind) showed [Th Ts] and won 724 with Two pairs : Tens and 9


