Winamax Poker - Tournament "Expresso Nitro" buyIn: 1.86€ + 0.14€ level: 1 - HandId: #2677080822430826497-1-1673876231 - Holdem no limit (10/20) - 2023/01/16 13:37:11 UTC
Table: 'Expresso Nitro(623306451)#0' 3-max (real money) Seat #2 is the button
Seat 1: _SKR (300)
Seat 2: Momomima (300)
Seat 3: LVAVMV (300)
*** ANTE/BLINDS ***
LVAVMV posts small blind 10
_SKR posts big blind 20
Dealt to _SKR [Js 3d]
*** PRE-FLOP *** 
Momomima folds
LVAVMV raises 40 to 60
_SKR folds
LVAVMV collected 80 from pot
*** SUMMARY ***
Total pot 80 | No rake
Seat 3: LVAVMV (small blind) won 80


Winamax Poker - Tournament "Expresso Nitro" buyIn: 1.86€ + 0.14€ level: 1 - HandId: #2677080822430826497-2-1673876240 - Holdem no limit (10/20) - 2023/01/16 13:37:20 UTC
Table: 'Expresso Nitro(623306451)#0' 3-max (real money) Seat #3 is the button
Seat 1: _SKR (280)
Seat 2: Momomima (300)
Seat 3: LVAVMV (320)
*** ANTE/BLINDS ***
_SKR posts small blind 10
Momomima posts big blind 20
Dealt to _SKR [2h Qs]
*** PRE-FLOP *** 
LVAVMV raises 30 to 50
_SKR folds
Momomima folds
LVAVMV collected 80 from pot
*** SUMMARY ***
Total pot 80 | No rake
Seat 3: LVAVMV (button) won 80


Winamax Poker - Tournament "Expresso Nitro" buyIn: 1.86€ + 0.14€ level: 1 - HandId: #2677080822430826497-3-1673876247 - Holdem no limit (10/20) - 2023/01/16 13:37:27 UTC
Table: 'Expresso Nitro(623306451)#0' 3-max (real money) Seat #1 is the button
Seat 1: _SKR (270)
Seat 2: Momomima (280)
Seat 3: LVAVMV (350)
*** ANTE/BLINDS ***
Momomima posts small blind 10
LVAVMV posts big blind 20
Dealt to _SKR [8c 4h]
*** PRE-FLOP *** 
_SKR folds
Momomima folds
LVAVMV collected 30 from pot
*** SUMMARY ***
Total pot 30 | No rake
Seat 3: LVAVMV (big blind) won 30


Winamax Poker - Tournament "Expresso Nitro" buyIn: 1.86€ + 0.14€ level: 1 - HandId: #2677080822430826497-4-1673876253 - Holdem no limit (10/20) - 2023/01/16 13:37:33 UTC
Table: 'Expresso Nitro(623306451)#0' 3-max (real money) Seat #2 is the button
Seat 1: _SKR (270)
Seat 2: Momomima (270)
Seat 3: LVAVMV (360)
*** ANTE/BLINDS ***
LVAVMV posts small blind 10
_SKR posts big blind 20
Dealt to _SKR [2c Qd]
*** PRE-FLOP *** 
Momomima folds
LVAVMV calls 10
_SKR checks
*** FLOP *** [Kh 9c 2d]
LVAVMV checks
_SKR checks
*** TURN *** [Kh 9c 2d][3d]
LVAVMV checks
_SKR checks
*** RIVER *** [Kh 9c 2d 3d][Ah]
LVAVMV bets 26
_SKR folds
LVAVMV collected 66 from pot
*** SUMMARY ***
Total pot 66 | No rake
Board: [Kh 9c 2d 3d Ah]
Seat 3: LVAVMV (small blind) won 66


Winamax Poker - Tournament "Expresso Nitro" buyIn: 1.86€ + 0.14€ level: 2 - HandId: #2677080822430826497-5-1673876288 - Holdem no limit (15/30) - 2023/01/16 13:38:08 UTC
Table: 'Expresso Nitro(623306451)#0' 3-max (real money) Seat #3 is the button
Seat 1: _SKR (250)
Seat 2: Momomima (270)
Seat 3: LVAVMV (380)
*** ANTE/BLINDS ***
_SKR posts small blind 15
Momomima posts big blind 30
Dealt to _SKR [5c Jh]
*** PRE-FLOP *** 
LVAVMV folds
_SKR folds
Momomima collected 45 from pot
*** SUMMARY ***
Total pot 45 | No rake
Seat 2: Momomima (big blind) won 45


Winamax Poker - Tournament "Expresso Nitro" buyIn: 1.86€ + 0.14€ level: 2 - HandId: #2677080822430826497-6-1673876302 - Holdem no limit (15/30) - 2023/01/16 13:38:22 UTC
Table: 'Expresso Nitro(623306451)#0' 3-max (real money) Seat #1 is the button
Seat 1: _SKR (235)
Seat 2: Momomima (285)
Seat 3: LVAVMV (380)
*** ANTE/BLINDS ***
Momomima posts small blind 15
LVAVMV posts big blind 30
Dealt to _SKR [3c Jd]
*** PRE-FLOP *** 
_SKR folds
Momomima calls 15
LVAVMV checks
*** FLOP *** [Tc 5d Kd]
Momomima bets 30
LVAVMV raises 30 to 60
Momomima raises 96 to 156
LVAVMV folds
Momomima collected 276 from pot
*** SUMMARY ***
Total pot 276 | No rake
Board: [Tc 5d Kd]
Seat 2: Momomima (small blind) won 276


Winamax Poker - Tournament "Expresso Nitro" buyIn: 1.86€ + 0.14€ level: 2 - HandId: #2677080822430826497-7-1673876324 - Holdem no limit (15/30) - 2023/01/16 13:38:44 UTC
Table: 'Expresso Nitro(623306451)#0' 3-max (real money) Seat #2 is the button
Seat 1: _SKR (235)
Seat 2: Momomima (375)
Seat 3: LVAVMV (290)
*** ANTE/BLINDS ***
LVAVMV posts small blind 15
_SKR posts big blind 30
Dealt to _SKR [As Jh]
*** PRE-FLOP *** 
Momomima raises 345 to 375 and is all-in
LVAVMV folds
_SKR calls 205 and is all-in
*** FLOP *** [3c 4h 6s]
*** TURN *** [3c 4h 6s][2s]
*** RIVER *** [3c 4h 6s 2s][5d]
*** SHOW DOWN ***
_SKR shows [As Jh] (Straight 6 high)
Momomima shows [4d Kd] (Straight 6 high)
Momomima collected 383 from side pot 1
_SKR collected 242 from main pot
*** SUMMARY ***
Total pot 625 | No rake
Board: [3c 4h 6s 2s 5d]
Seat 1: _SKR (big blind) showed [As Jh] and won 242 with Straight 6 high
Seat 2: Momomima (button) showed [4d Kd] and won 383 with Straight 6 high


Winamax Poker - Tournament "Expresso Nitro" buyIn: 1.86€ + 0.14€ level: 2 - HandId: #2677080822430826497-8-1673876339 - Holdem no limit (15/30) - 2023/01/16 13:38:59 UTC
Table: 'Expresso Nitro(623306451)#0' 3-max (real money) Seat #3 is the button
Seat 1: _SKR (242)
Seat 2: Momomima (383)
Seat 3: LVAVMV (275)
*** ANTE/BLINDS ***
_SKR posts small blind 15
Momomima posts big blind 30
Dealt to _SKR [Th Ks]
*** PRE-FLOP *** 
LVAVMV folds
_SKR raises 212 to 242 and is all-in
Momomima folds
_SKR collected 272 from pot
*** SUMMARY ***
Total pot 272 | No rake
Seat 1: _SKR (small blind) won 272


Winamax Poker - Tournament "Expresso Nitro" buyIn: 1.86€ + 0.14€ level: 3 - HandId: #2677080822430826497-9-1673876347 - Holdem no limit (20/40) - 2023/01/16 13:39:07 UTC
Table: 'Expresso Nitro(623306451)#0' 3-max (real money) Seat #1 is the button
Seat 1: _SKR (272)
Seat 2: Momomima (353)
Seat 3: LVAVMV (275)
*** ANTE/BLINDS ***
Momomima posts small blind 20
LVAVMV posts big blind 40
Dealt to _SKR [7d 6s]
*** PRE-FLOP *** 
_SKR folds
Momomima raises 313 to 353 and is all-in
LVAVMV folds
Momomima collected 393 from pot
*** SUMMARY ***
Total pot 393 | No rake
Seat 2: Momomima (small blind) won 393


Winamax Poker - Tournament "Expresso Nitro" buyIn: 1.86€ + 0.14€ level: 3 - HandId: #2677080822430826497-10-1673876365 - Holdem no limit (20/40) - 2023/01/16 13:39:25 UTC
Table: 'Expresso Nitro(623306451)#0' 3-max (real money) Seat #2 is the button
Seat 1: _SKR (272)
Seat 2: Momomima (393)
Seat 3: LVAVMV (235)
*** ANTE/BLINDS ***
LVAVMV posts small blind 20
_SKR posts big blind 40
Dealt to _SKR [Qh 4h]
*** PRE-FLOP *** 
Momomima folds
LVAVMV raises 60 to 100
_SKR folds
LVAVMV collected 140 from pot
*** SUMMARY ***
Total pot 140 | No rake
Seat 3: LVAVMV (small blind) won 140


Winamax Poker - Tournament "Expresso Nitro" buyIn: 1.86€ + 0.14€ level: 3 - HandId: #2677080822430826497-11-1673876394 - Holdem no limit (20/40) - 2023/01/16 13:39:54 UTC
Table: 'Expresso Nitro(623306451)#0' 3-max (real money) Seat #3 is the button
Seat 1: _SKR (232)
Seat 2: Momomima (393)
Seat 3: LVAVMV (275)
*** ANTE/BLINDS ***
_SKR posts small blind 20
Momomima posts big blind 40
Dealt to _SKR [5h 5c]
*** PRE-FLOP *** 
LVAVMV folds
_SKR raises 192 to 232 and is all-in
Momomima calls 192
*** FLOP *** [Kh 4h Tc]
*** TURN *** [Kh 4h Tc][Kc]
*** RIVER *** [Kh 4h Tc Kc][Ac]
*** SHOW DOWN ***
_SKR shows [5h 5c] (Two pairs : Kings and 5)
Momomima shows [Kd Ah] (Full of Kings and Aces)
Momomima collected 464 from pot
*** SUMMARY ***
Total pot 464 | No rake
Board: [Kh 4h Tc Kc Ac]
Seat 1: _SKR (small blind) showed [5h 5c] and lost with Two pairs : Kings and 5
Seat 2: Momomima (big blind) showed [Kd Ah] and won 464 with Full of Kings and Aces


