Winamax Poker - Tournament "Expresso Nitro" buyIn: 0.93€ + 0.07€ level: 1 - HandId: #2721189926107348993-1-1676418900 - Holdem no limit (10/20) - 2023/02/14 23:55:00 UTC
Table: 'Expresso Nitro(633576402)#0' 3-max (real money) Seat #3 is the button
Seat 1: _SKR (300)
Seat 2: X3a26J23i54 (300)
Seat 3: ultrasmurcia (300)
*** ANTE/BLINDS ***
_SKR posts small blind 10
X3a26J23i54 posts big blind 20
Dealt to _SKR [2s Qh]
*** PRE-FLOP *** 
ultrasmurcia folds
_SKR folds
X3a26J23i54 collected 30 from pot
*** SUMMARY ***
Total pot 30 | No rake
Seat 2: X3a26J23i54 (big blind) won 30


Winamax Poker - Tournament "Expresso Nitro" buyIn: 0.93€ + 0.07€ level: 1 - HandId: #2721189926107348993-2-1676418911 - Holdem no limit (10/20) - 2023/02/14 23:55:11 UTC
Table: 'Expresso Nitro(633576402)#0' 3-max (real money) Seat #1 is the button
Seat 1: _SKR (290)
Seat 2: X3a26J23i54 (310)
Seat 3: ultrasmurcia (300)
*** ANTE/BLINDS ***
X3a26J23i54 posts small blind 10
ultrasmurcia posts big blind 20
Dealt to _SKR [7d Th]
*** PRE-FLOP *** 
_SKR folds
X3a26J23i54 calls 10
ultrasmurcia raises 40 to 60
X3a26J23i54 calls 40
*** FLOP *** [3s 5c 7c]
X3a26J23i54 checks
ultrasmurcia bets 240 and is all-in
X3a26J23i54 folds
ultrasmurcia collected 360 from pot
*** SUMMARY ***
Total pot 360 | No rake
Board: [3s 5c 7c]
Seat 3: ultrasmurcia (big blind) won 360


Winamax Poker - Tournament "Expresso Nitro" buyIn: 0.93€ + 0.07€ level: 1 - HandId: #2721189926107348993-3-1676418929 - Holdem no limit (10/20) - 2023/02/14 23:55:29 UTC
Table: 'Expresso Nitro(633576402)#0' 3-max (real money) Seat #2 is the button
Seat 1: _SKR (290)
Seat 2: X3a26J23i54 (250)
Seat 3: ultrasmurcia (360)
*** ANTE/BLINDS ***
ultrasmurcia posts small blind 10
_SKR posts big blind 20
Dealt to _SKR [2s 3c]
*** PRE-FLOP *** 
X3a26J23i54 raises 230 to 250 and is all-in
ultrasmurcia folds
_SKR folds
X3a26J23i54 collected 280 from pot
*** SUMMARY ***
Total pot 280 | No rake
Seat 2: X3a26J23i54 (button) won 280


Winamax Poker - Tournament "Expresso Nitro" buyIn: 0.93€ + 0.07€ level: 1 - HandId: #2721189926107348993-4-1676418937 - Holdem no limit (10/20) - 2023/02/14 23:55:37 UTC
Table: 'Expresso Nitro(633576402)#0' 3-max (real money) Seat #3 is the button
Seat 1: _SKR (270)
Seat 2: X3a26J23i54 (280)
Seat 3: ultrasmurcia (350)
*** ANTE/BLINDS ***
_SKR posts small blind 10
X3a26J23i54 posts big blind 20
Dealt to _SKR [5s 2h]
*** PRE-FLOP *** 
ultrasmurcia folds
_SKR folds
X3a26J23i54 collected 30 from pot
*** SUMMARY ***
Total pot 30 | No rake
Seat 2: X3a26J23i54 (big blind) won 30


Winamax Poker - Tournament "Expresso Nitro" buyIn: 0.93€ + 0.07€ level: 1 - HandId: #2721189926107348993-5-1676418942 - Holdem no limit (10/20) - 2023/02/14 23:55:42 UTC
Table: 'Expresso Nitro(633576402)#0' 3-max (real money) Seat #1 is the button
Seat 1: _SKR (260)
Seat 2: X3a26J23i54 (290)
Seat 3: ultrasmurcia (350)
*** ANTE/BLINDS ***
X3a26J23i54 posts small blind 10
ultrasmurcia posts big blind 20
Dealt to _SKR [6h 4h]
*** PRE-FLOP *** 
_SKR folds
X3a26J23i54 calls 10
ultrasmurcia raises 330 to 350 and is all-in
X3a26J23i54 folds
ultrasmurcia collected 370 from pot
*** SUMMARY ***
Total pot 370 | No rake
Seat 3: ultrasmurcia (big blind) won 370


Winamax Poker - Tournament "Expresso Nitro" buyIn: 0.93€ + 0.07€ level: 1 - HandId: #2721189926107348993-6-1676418954 - Holdem no limit (10/20) - 2023/02/14 23:55:54 UTC
Table: 'Expresso Nitro(633576402)#0' 3-max (real money) Seat #2 is the button
Seat 1: _SKR (260)
Seat 2: X3a26J23i54 (270)
Seat 3: ultrasmurcia (370)
*** ANTE/BLINDS ***
ultrasmurcia posts small blind 10
_SKR posts big blind 20
Dealt to _SKR [Kd Qd]
*** PRE-FLOP *** 
X3a26J23i54 calls 20
ultrasmurcia calls 10
_SKR raises 240 to 260 and is all-in
X3a26J23i54 raises 10 to 270 and is all-in
ultrasmurcia folds
*** FLOP *** [4h 7s 9h]
*** TURN *** [4h 7s 9h][2s]
*** RIVER *** [4h 7s 9h 2s][8h]
*** SHOW DOWN ***
_SKR shows [Kd Qd] (High card : King)
X3a26J23i54 shows [3c Jc] (High card : Jack)
X3a26J23i54 collected 10 from side pot 1
_SKR collected 540 from main pot
*** SUMMARY ***
Total pot 550 | No rake
Board: [4h 7s 9h 2s 8h]
Seat 1: _SKR (big blind) showed [Kd Qd] and won 540 with High card : King
Seat 2: X3a26J23i54 (button) showed [3c Jc] and won 10 with High card : Jack


Winamax Poker - Tournament "Expresso Nitro" buyIn: 0.93€ + 0.07€ level: 2 - HandId: #2721189926107348993-7-1676418991 - Holdem no limit (15/30) - 2023/02/14 23:56:31 UTC
Table: 'Expresso Nitro(633576402)#0' 3-max (real money) Seat #3 is the button
Seat 1: _SKR (540)
Seat 2: X3a26J23i54 (10)
Seat 3: ultrasmurcia (350)
*** ANTE/BLINDS ***
_SKR posts small blind 15
X3a26J23i54 posts big blind 10 and is all-in
Dealt to _SKR [Td 2s]
*** PRE-FLOP *** 
ultrasmurcia folds
*** FLOP *** [4c 6c Tc]
*** TURN *** [4c 6c Tc][Jh]
*** RIVER *** [4c 6c Tc Jh][2c]
*** SHOW DOWN ***
_SKR shows [Td 2s] (Two pairs : Tens and 2)
X3a26J23i54 shows [7c Kh] (Flush Ten high)
X3a26J23i54 collected 20 from main pot
_SKR collected 5 from side pot 1
*** SUMMARY ***
Total pot 25 | No rake
Board: [4c 6c Tc Jh 2c]
Seat 1: _SKR (small blind) showed [Td 2s] and won 5 with Two pairs : Tens and 2
Seat 2: X3a26J23i54 (big blind) showed [7c Kh] and won 20 with Flush Ten high


Winamax Poker - Tournament "Expresso Nitro" buyIn: 0.93€ + 0.07€ level: 2 - HandId: #2721189926107348993-8-1676419011 - Holdem no limit (15/30) - 2023/02/14 23:56:51 UTC
Table: 'Expresso Nitro(633576402)#0' 3-max (real money) Seat #1 is the button
Seat 1: _SKR (530)
Seat 2: X3a26J23i54 (20)
Seat 3: ultrasmurcia (350)
*** ANTE/BLINDS ***
X3a26J23i54 posts small blind 15
ultrasmurcia posts big blind 30
Dealt to _SKR [3s Ks]
*** PRE-FLOP *** 
_SKR folds
X3a26J23i54 calls 5 and is all-in
*** FLOP *** [4s Td 7d]
*** TURN *** [4s Td 7d][6h]
*** RIVER *** [4s Td 7d 6h][9s]
*** SHOW DOWN ***
X3a26J23i54 shows [2s 8c] (Straight Ten high)
ultrasmurcia shows [3c Js] (High card : Jack)
ultrasmurcia collected 10 from side pot 1
X3a26J23i54 collected 40 from main pot
*** SUMMARY ***
Total pot 50 | No rake
Board: [4s Td 7d 6h 9s]
Seat 2: X3a26J23i54 (small blind) showed [2s 8c] and won 40 with Straight Ten high
Seat 3: ultrasmurcia (big blind) showed [3c Js] and won 10 with High card : Jack


Winamax Poker - Tournament "Expresso Nitro" buyIn: 0.93€ + 0.07€ level: 3 - HandId: #2721189926107348993-9-1676419026 - Holdem no limit (20/40) - 2023/02/14 23:57:06 UTC
Table: 'Expresso Nitro(633576402)#0' 3-max (real money) Seat #2 is the button
Seat 1: _SKR (530)
Seat 2: X3a26J23i54 (40)
Seat 3: ultrasmurcia (330)
*** ANTE/BLINDS ***
ultrasmurcia posts small blind 20
_SKR posts big blind 40
Dealt to _SKR [4s Kh]
*** PRE-FLOP *** 
X3a26J23i54 calls 40 and is all-in
ultrasmurcia raises 290 to 330 and is all-in
_SKR folds
*** FLOP *** [Kc Qh Ah]
*** TURN *** [Kc Qh Ah][7h]
*** RIVER *** [Kc Qh Ah 7h][6h]
*** SHOW DOWN ***
X3a26J23i54 shows [Kd 2h] (Flush Ace high)
ultrasmurcia shows [7d Qc] (Two pairs : Queens and 7)
ultrasmurcia collected 290 from side pot 1
X3a26J23i54 collected 120 from main pot
*** SUMMARY ***
Total pot 410 | No rake
Board: [Kc Qh Ah 7h 6h]
Seat 2: X3a26J23i54 (button) showed [Kd 2h] and won 120 with Flush Ace high
Seat 3: ultrasmurcia (small blind) showed [7d Qc] and won 290 with Two pairs : Queens and 7


Winamax Poker - Tournament "Expresso Nitro" buyIn: 0.93€ + 0.07€ level: 3 - HandId: #2721189926107348993-10-1676419044 - Holdem no limit (20/40) - 2023/02/14 23:57:24 UTC
Table: 'Expresso Nitro(633576402)#0' 3-max (real money) Seat #3 is the button
Seat 1: _SKR (490)
Seat 2: X3a26J23i54 (120)
Seat 3: ultrasmurcia (290)
*** ANTE/BLINDS ***
_SKR posts small blind 20
X3a26J23i54 posts big blind 40
Dealt to _SKR [Ac 9c]
*** PRE-FLOP *** 
ultrasmurcia folds
_SKR raises 450 to 490 and is all-in
X3a26J23i54 calls 80 and is all-in
*** FLOP *** [3c 6s 3h]
*** TURN *** [3c 6s 3h][5s]
*** RIVER *** [3c 6s 3h 5s][2c]
*** SHOW DOWN ***
X3a26J23i54 shows [Ks Qc] (One pair : 3)
_SKR shows [Ac 9c] (One pair : 3)
_SKR collected 610 from pot
*** SUMMARY ***
Total pot 610 | No rake
Board: [3c 6s 3h 5s 2c]
Seat 1: _SKR (small blind) showed [Ac 9c] and won 610 with One pair : 3
Seat 2: X3a26J23i54 (big blind) showed [Ks Qc] and lost with One pair : 3


Winamax Poker - Tournament "Expresso Nitro" buyIn: 0.93€ + 0.07€ level: 3 - HandId: #2721189926107348993-11-1676419060 - Holdem no limit (20/40) - 2023/02/14 23:57:40 UTC
Table: 'Expresso Nitro(633576402)#0' 3-max (real money) Seat #3 is the button
Seat 1: _SKR (610)
Seat 3: ultrasmurcia (290)
*** ANTE/BLINDS ***
ultrasmurcia posts small blind 20
_SKR posts big blind 40
Dealt to _SKR [7c Th]
*** PRE-FLOP *** 
ultrasmurcia folds
_SKR collected 60 from pot
*** SUMMARY ***
Total pot 60 | No rake
Seat 1: _SKR (big blind) won 60


Winamax Poker - Tournament "Expresso Nitro" buyIn: 0.93€ + 0.07€ level: 3 - HandId: #2721189926107348993-12-1676419063 - Holdem no limit (20/40) - 2023/02/14 23:57:43 UTC
Table: 'Expresso Nitro(633576402)#0' 3-max (real money) Seat #1 is the button
Seat 1: _SKR (630)
Seat 3: ultrasmurcia (270)
*** ANTE/BLINDS ***
_SKR posts small blind 20
ultrasmurcia posts big blind 40
Dealt to _SKR [9c 9s]
*** PRE-FLOP *** 
_SKR raises 590 to 630 and is all-in
ultrasmurcia folds
_SKR collected 670 from pot
*** SUMMARY ***
Total pot 670 | No rake
Seat 1: _SKR (small blind) (button) won 670


Winamax Poker - Tournament "Expresso Nitro" buyIn: 0.93€ + 0.07€ level: 3 - HandId: #2721189926107348993-13-1676419068 - Holdem no limit (20/40) - 2023/02/14 23:57:48 UTC
Table: 'Expresso Nitro(633576402)#0' 3-max (real money) Seat #3 is the button
Seat 1: _SKR (670)
Seat 3: ultrasmurcia (230)
*** ANTE/BLINDS ***
ultrasmurcia posts small blind 20
_SKR posts big blind 40
Dealt to _SKR [Js 4d]
*** PRE-FLOP *** 
ultrasmurcia raises 190 to 230 and is all-in
_SKR folds
ultrasmurcia collected 270 from pot
*** SUMMARY ***
Total pot 270 | No rake
Seat 3: ultrasmurcia (small blind) (button) won 270


Winamax Poker - Tournament "Expresso Nitro" buyIn: 0.93€ + 0.07€ level: 4 - HandId: #2721189926107348993-14-1676419076 - Holdem no limit (30/60) - 2023/02/14 23:57:56 UTC
Table: 'Expresso Nitro(633576402)#0' 3-max (real money) Seat #1 is the button
Seat 1: _SKR (630)
Seat 3: ultrasmurcia (270)
*** ANTE/BLINDS ***
_SKR posts small blind 30
ultrasmurcia posts big blind 60
Dealt to _SKR [2s 8d]
*** PRE-FLOP *** 
_SKR folds
ultrasmurcia collected 90 from pot
*** SUMMARY ***
Total pot 90 | No rake
Seat 3: ultrasmurcia (big blind) won 90


Winamax Poker - Tournament "Expresso Nitro" buyIn: 0.93€ + 0.07€ level: 4 - HandId: #2721189926107348993-15-1676419080 - Holdem no limit (30/60) - 2023/02/14 23:58:00 UTC
Table: 'Expresso Nitro(633576402)#0' 3-max (real money) Seat #3 is the button
Seat 1: _SKR (600)
Seat 3: ultrasmurcia (300)
*** ANTE/BLINDS ***
ultrasmurcia posts small blind 30
_SKR posts big blind 60
Dealt to _SKR [As 6h]
*** PRE-FLOP *** 
ultrasmurcia raises 240 to 300 and is all-in
_SKR calls 240
*** FLOP *** [Ts Kd 9c]
*** TURN *** [Ts Kd 9c][Tc]
*** RIVER *** [Ts Kd 9c Tc][6c]
*** SHOW DOWN ***
_SKR shows [As 6h] (Two pairs : Tens and 6)
ultrasmurcia shows [3h Th] (Trips of Tens)
ultrasmurcia collected 600 from pot
*** SUMMARY ***
Total pot 600 | No rake
Board: [Ts Kd 9c Tc 6c]
Seat 1: _SKR (big blind) showed [As 6h] and lost with Two pairs : Tens and 6
Seat 3: ultrasmurcia (small blind) (button) showed [3h Th] and won 600 with Trips of Tens


Winamax Poker - Tournament "Expresso Nitro" buyIn: 0.93€ + 0.07€ level: 4 - HandId: #2721189926107348993-16-1676419097 - Holdem no limit (30/60) - 2023/02/14 23:58:17 UTC
Table: 'Expresso Nitro(633576402)#0' 3-max (real money) Seat #1 is the button
Seat 1: _SKR (300)
Seat 3: ultrasmurcia (600)
*** ANTE/BLINDS ***
_SKR posts small blind 30
ultrasmurcia posts big blind 60
Dealt to _SKR [4h Ts]
*** PRE-FLOP *** 
_SKR folds
ultrasmurcia collected 90 from pot
*** SUMMARY ***
Total pot 90 | No rake
Seat 3: ultrasmurcia (big blind) won 90


Winamax Poker - Tournament "Expresso Nitro" buyIn: 0.93€ + 0.07€ level: 4 - HandId: #2721189926107348993-17-1676419101 - Holdem no limit (30/60) - 2023/02/14 23:58:21 UTC
Table: 'Expresso Nitro(633576402)#0' 3-max (real money) Seat #3 is the button
Seat 1: _SKR (270)
Seat 3: ultrasmurcia (630)
*** ANTE/BLINDS ***
ultrasmurcia posts small blind 30
_SKR posts big blind 60
Dealt to _SKR [3d 2d]
*** PRE-FLOP *** 
ultrasmurcia raises 60 to 120
_SKR folds
ultrasmurcia collected 180 from pot
*** SUMMARY ***
Total pot 180 | No rake
Seat 3: ultrasmurcia (small blind) (button) won 180


Winamax Poker - Tournament "Expresso Nitro" buyIn: 0.93€ + 0.07€ level: 4 - HandId: #2721189926107348993-18-1676419108 - Holdem no limit (30/60) - 2023/02/14 23:58:28 UTC
Table: 'Expresso Nitro(633576402)#0' 3-max (real money) Seat #1 is the button
Seat 1: _SKR (210)
Seat 3: ultrasmurcia (690)
*** ANTE/BLINDS ***
_SKR posts small blind 30
ultrasmurcia posts big blind 60
Dealt to _SKR [Ac Ah]
*** PRE-FLOP *** 
_SKR raises 150 to 210 and is all-in
ultrasmurcia calls 150
*** FLOP *** [4d Qc Jh]
*** TURN *** [4d Qc Jh][8s]
*** RIVER *** [4d Qc Jh 8s][Qd]
*** SHOW DOWN ***
ultrasmurcia shows [Td Ad] (One pair : Queens)
_SKR shows [Ac Ah] (Two pairs : Aces and Queens)
_SKR collected 420 from pot
*** SUMMARY ***
Total pot 420 | No rake
Board: [4d Qc Jh 8s Qd]
Seat 1: _SKR (small blind) (button) showed [Ac Ah] and won 420 with Two pairs : Aces and Queens
Seat 3: ultrasmurcia (big blind) showed [Td Ad] and lost with One pair : Queens


Winamax Poker - Tournament "Expresso Nitro" buyIn: 0.93€ + 0.07€ level: 4 - HandId: #2721189926107348993-19-1676419126 - Holdem no limit (30/60) - 2023/02/14 23:58:46 UTC
Table: 'Expresso Nitro(633576402)#0' 3-max (real money) Seat #3 is the button
Seat 1: _SKR (420)
Seat 3: ultrasmurcia (480)
*** ANTE/BLINDS ***
ultrasmurcia posts small blind 30
_SKR posts big blind 60
Dealt to _SKR [Tc Jd]
*** PRE-FLOP *** 
ultrasmurcia raises 60 to 120
_SKR raises 300 to 420 and is all-in
ultrasmurcia calls 300
*** FLOP *** [2d Th 6s]
*** TURN *** [2d Th 6s][6c]
*** RIVER *** [2d Th 6s 6c][Kc]
*** SHOW DOWN ***
ultrasmurcia shows [8d 8s] (Two pairs : 8 and 6)
_SKR shows [Tc Jd] (Two pairs : Tens and 6)
_SKR collected 840 from pot
*** SUMMARY ***
Total pot 840 | No rake
Board: [2d Th 6s 6c Kc]
Seat 1: _SKR (big blind) showed [Tc Jd] and won 840 with Two pairs : Tens and 6
Seat 3: ultrasmurcia (small blind) (button) showed [8d 8s] and lost with Two pairs : 8 and 6


Winamax Poker - Tournament "Expresso Nitro" buyIn: 0.93€ + 0.07€ level: 5 - HandId: #2721189926107348993-20-1676419139 - Holdem no limit (40/80) - 2023/02/14 23:58:59 UTC
Table: 'Expresso Nitro(633576402)#0' 3-max (real money) Seat #1 is the button
Seat 1: _SKR (840)
Seat 3: ultrasmurcia (60)
*** ANTE/BLINDS ***
_SKR posts small blind 40
ultrasmurcia posts big blind 60 and is all-in
Dealt to _SKR [Kh Kd]
*** PRE-FLOP *** 
_SKR calls 40
*** FLOP *** [Qc 9h Js]
*** TURN *** [Qc 9h Js][4s]
*** RIVER *** [Qc 9h Js 4s][3s]
*** SHOW DOWN ***
ultrasmurcia shows [5c 3d] (One pair : 3)
_SKR shows [Kh Kd] (One pair : Kings)
_SKR collected 140 from pot
*** SUMMARY ***
Total pot 140 | No rake
Board: [Qc 9h Js 4s 3s]
Seat 1: _SKR (small blind) (button) showed [Kh Kd] and won 140 with One pair : Kings
Seat 3: ultrasmurcia (big blind) showed [5c 3d] and lost with One pair : 3


