Winamax Poker - Tournament "Expresso Nitro" buyIn: 1.86€ + 0.14€ level: 1 - HandId: #2696574613835481089-1-1675087843 - Holdem no limit (10/20) - 2023/01/30 14:10:43 UTC
Table: 'Expresso Nitro(627845203)#0' 3-max (real money) Seat #3 is the button
Seat 1: Mieldz51 (300)
Seat 2: CalmCandle (300)
Seat 3: _SKR (300)
*** ANTE/BLINDS ***
Mieldz51 posts small blind 10
CalmCandle posts big blind 20
Dealt to _SKR [4h 6h]
*** PRE-FLOP *** 
_SKR folds
Mieldz51 raises 40 to 60
CalmCandle folds
Mieldz51 collected 80 from pot
*** SUMMARY ***
Total pot 80 | No rake
Seat 1: Mieldz51 (small blind) won 80


Winamax Poker - Tournament "Expresso Nitro" buyIn: 1.86€ + 0.14€ level: 1 - HandId: #2696574613835481089-2-1675087854 - Holdem no limit (10/20) - 2023/01/30 14:10:54 UTC
Table: 'Expresso Nitro(627845203)#0' 3-max (real money) Seat #1 is the button
Seat 1: Mieldz51 (320)
Seat 2: CalmCandle (280)
Seat 3: _SKR (300)
*** ANTE/BLINDS ***
CalmCandle posts small blind 10
_SKR posts big blind 20
Dealt to _SKR [Qc 8d]
*** PRE-FLOP *** 
Mieldz51 calls 20
CalmCandle folds
_SKR checks
*** FLOP *** [As 9h Js]
_SKR checks
Mieldz51 checks
*** TURN *** [As 9h Js][7h]
_SKR checks
Mieldz51 checks
*** RIVER *** [As 9h Js 7h][Th]
_SKR bets 40
Mieldz51 folds
_SKR collected 90 from pot
*** SUMMARY ***
Total pot 90 | No rake
Board: [As 9h Js 7h Th]
Seat 3: _SKR (big blind) won 90


Winamax Poker - Tournament "Expresso Nitro" buyIn: 1.86€ + 0.14€ level: 1 - HandId: #2696574613835481089-3-1675087882 - Holdem no limit (10/20) - 2023/01/30 14:11:22 UTC
Table: 'Expresso Nitro(627845203)#0' 3-max (real money) Seat #2 is the button
Seat 1: Mieldz51 (300)
Seat 2: CalmCandle (270)
Seat 3: _SKR (330)
*** ANTE/BLINDS ***
_SKR posts small blind 10
Mieldz51 posts big blind 20
Dealt to _SKR [4d 6d]
*** PRE-FLOP *** 
CalmCandle folds
_SKR folds
Mieldz51 collected 30 from pot
*** SUMMARY ***
Total pot 30 | No rake
Seat 1: Mieldz51 (big blind) won 30


Winamax Poker - Tournament "Expresso Nitro" buyIn: 1.86€ + 0.14€ level: 1 - HandId: #2696574613835481089-4-1675087892 - Holdem no limit (10/20) - 2023/01/30 14:11:32 UTC
Table: 'Expresso Nitro(627845203)#0' 3-max (real money) Seat #3 is the button
Seat 1: Mieldz51 (310)
Seat 2: CalmCandle (270)
Seat 3: _SKR (320)
*** ANTE/BLINDS ***
Mieldz51 posts small blind 10
CalmCandle posts big blind 20
Dealt to _SKR [8h Tc]
*** PRE-FLOP *** 
_SKR folds
Mieldz51 folds
CalmCandle collected 30 from pot
*** SUMMARY ***
Total pot 30 | No rake
Seat 2: CalmCandle (big blind) won 30


Winamax Poker - Tournament "Expresso Nitro" buyIn: 1.86€ + 0.14€ level: 2 - HandId: #2696574613835481089-5-1675087900 - Holdem no limit (15/30) - 2023/01/30 14:11:40 UTC
Table: 'Expresso Nitro(627845203)#0' 3-max (real money) Seat #1 is the button
Seat 1: Mieldz51 (300)
Seat 2: CalmCandle (280)
Seat 3: _SKR (320)
*** ANTE/BLINDS ***
CalmCandle posts small blind 15
_SKR posts big blind 30
Dealt to _SKR [8c Qc]
*** PRE-FLOP *** 
Mieldz51 folds
CalmCandle folds
_SKR collected 45 from pot
*** SUMMARY ***
Total pot 45 | No rake
Seat 3: _SKR (big blind) won 45


Winamax Poker - Tournament "Expresso Nitro" buyIn: 1.86€ + 0.14€ level: 2 - HandId: #2696574613835481089-6-1675087907 - Holdem no limit (15/30) - 2023/01/30 14:11:47 UTC
Table: 'Expresso Nitro(627845203)#0' 3-max (real money) Seat #2 is the button
Seat 1: Mieldz51 (300)
Seat 2: CalmCandle (265)
Seat 3: _SKR (335)
*** ANTE/BLINDS ***
_SKR posts small blind 15
Mieldz51 posts big blind 30
Dealt to _SKR [5s Qc]
*** PRE-FLOP *** 
CalmCandle raises 235 to 265 and is all-in
_SKR folds
Mieldz51 raises 35 to 300 and is all-in
*** FLOP *** [5h 7s As]
*** TURN *** [5h 7s As][9d]
*** RIVER *** [5h 7s As 9d][Kc]
*** SHOW DOWN ***
CalmCandle shows [Qs 9c] (One pair : 9)
Mieldz51 shows [Ac Qd] (One pair : Aces)
Mieldz51 collected 580 from pot
*** SUMMARY ***
Total pot 580 | No rake
Board: [5h 7s As 9d Kc]
Seat 1: Mieldz51 (big blind) showed [Ac Qd] and won 580 with One pair : Aces
Seat 2: CalmCandle (button) showed [Qs 9c] and lost with One pair : 9


Winamax Poker - Tournament "Expresso Nitro" buyIn: 1.86€ + 0.14€ level: 2 - HandId: #2696574613835481089-7-1675087928 - Holdem no limit (15/30) - 2023/01/30 14:12:08 UTC
Table: 'Expresso Nitro(627845203)#0' 3-max (real money) Seat #1 is the button
Seat 1: Mieldz51 (580)
Seat 3: _SKR (320)
*** ANTE/BLINDS ***
Mieldz51 posts small blind 15
_SKR posts big blind 30
Dealt to _SKR [Ts 2h]
*** PRE-FLOP *** 
Mieldz51 folds
_SKR collected 45 from pot
*** SUMMARY ***
Total pot 45 | No rake
Seat 3: _SKR (big blind) won 45


Winamax Poker - Tournament "Expresso Nitro" buyIn: 1.86€ + 0.14€ level: 2 - HandId: #2696574613835481089-8-1675087934 - Holdem no limit (15/30) - 2023/01/30 14:12:14 UTC
Table: 'Expresso Nitro(627845203)#0' 3-max (real money) Seat #3 is the button
Seat 1: Mieldz51 (565)
Seat 3: _SKR (335)
*** ANTE/BLINDS ***
_SKR posts small blind 15
Mieldz51 posts big blind 30
Dealt to _SKR [Ad 4c]
*** PRE-FLOP *** 
_SKR raises 305 to 335 and is all-in
Mieldz51 folds
_SKR collected 365 from pot
*** SUMMARY ***
Total pot 365 | No rake
Seat 3: _SKR (small blind) (button) won 365


Winamax Poker - Tournament "Expresso Nitro" buyIn: 1.86€ + 0.14€ level: 2 - HandId: #2696574613835481089-9-1675087942 - Holdem no limit (15/30) - 2023/01/30 14:12:22 UTC
Table: 'Expresso Nitro(627845203)#0' 3-max (real money) Seat #1 is the button
Seat 1: Mieldz51 (535)
Seat 3: _SKR (365)
*** ANTE/BLINDS ***
Mieldz51 posts small blind 15
_SKR posts big blind 30
Dealt to _SKR [4c 5d]
*** PRE-FLOP *** 
Mieldz51 folds
_SKR collected 45 from pot
*** SUMMARY ***
Total pot 45 | No rake
Seat 3: _SKR (big blind) won 45


Winamax Poker - Tournament "Expresso Nitro" buyIn: 1.86€ + 0.14€ level: 2 - HandId: #2696574613835481089-10-1675087945 - Holdem no limit (15/30) - 2023/01/30 14:12:25 UTC
Table: 'Expresso Nitro(627845203)#0' 3-max (real money) Seat #3 is the button
Seat 1: Mieldz51 (520)
Seat 3: _SKR (380)
*** ANTE/BLINDS ***
_SKR posts small blind 15
Mieldz51 posts big blind 30
Dealt to _SKR [2c 2s]
*** PRE-FLOP *** 
_SKR raises 350 to 380 and is all-in
Mieldz51 calls 350
*** FLOP *** [9s Ac Ks]
*** TURN *** [9s Ac Ks][Th]
*** RIVER *** [9s Ac Ks Th][9h]
*** SHOW DOWN ***
_SKR shows [2c 2s] (Two pairs : 9 and 2)
Mieldz51 shows [7h 9d] (Trips of 9)
Mieldz51 collected 760 from pot
*** SUMMARY ***
Total pot 760 | No rake
Board: [9s Ac Ks Th 9h]
Seat 1: Mieldz51 (big blind) showed [7h 9d] and won 760 with Trips of 9
Seat 3: _SKR (small blind) (button) showed [2c 2s] and lost with Two pairs : 9 and 2


