Winamax Poker - Tournament "Expresso Nitro" buyIn: 1.86€ + 0.14€ level: 1 - HandId: #2696567965226106881-1-1675087477 - Holdem no limit (10/20) - 2023/01/30 14:04:37 UTC
Table: 'Expresso Nitro(627843655)#0' 3-max (real money) Seat #2 is the button
Seat 1: _SKR (300)
Seat 2: Randy98735 (300)
Seat 3: Loriane01 (300)
*** ANTE/BLINDS ***
Loriane01 posts small blind 10
_SKR posts big blind 20
Dealt to _SKR [Qd 8c]
*** PRE-FLOP *** 
Randy98735 folds
Loriane01 calls 10
_SKR checks
*** FLOP *** [4c 7s Kh]
Loriane01 bets 40
_SKR folds
Loriane01 collected 80 from pot
*** SUMMARY ***
Total pot 80 | No rake
Board: [4c 7s Kh]
Seat 3: Loriane01 (small blind) won 80


Winamax Poker - Tournament "Expresso Nitro" buyIn: 1.86€ + 0.14€ level: 1 - HandId: #2696567965226106881-2-1675087496 - Holdem no limit (10/20) - 2023/01/30 14:04:56 UTC
Table: 'Expresso Nitro(627843655)#0' 3-max (real money) Seat #3 is the button
Seat 1: _SKR (280)
Seat 2: Randy98735 (300)
Seat 3: Loriane01 (320)
*** ANTE/BLINDS ***
_SKR posts small blind 10
Randy98735 posts big blind 20
Dealt to _SKR [Kd 3c]
*** PRE-FLOP *** 
Loriane01 calls 20
_SKR folds
Randy98735 raises 50 to 70
Loriane01 calls 50
*** FLOP *** [3h Qs Tc]
Randy98735 bets 230 and is all-in
Loriane01 calls 230
*** TURN *** [3h Qs Tc][Td]
*** RIVER *** [3h Qs Tc Td][6s]
*** SHOW DOWN ***
Randy98735 shows [2c Kh] (One pair : Tens)
Loriane01 shows [3s 7c] (Two pairs : Tens and 3)
Loriane01 collected 610 from pot
*** SUMMARY ***
Total pot 610 | No rake
Board: [3h Qs Tc Td 6s]
Seat 2: Randy98735 (big blind) showed [2c Kh] and lost with One pair : Tens
Seat 3: Loriane01 (button) showed [3s 7c] and won 610 with Two pairs : Tens and 3


Winamax Poker - Tournament "Expresso Nitro" buyIn: 1.86€ + 0.14€ level: 1 - HandId: #2696567965226106881-3-1675087531 - Holdem no limit (10/20) - 2023/01/30 14:05:31 UTC
Table: 'Expresso Nitro(627843655)#0' 3-max (real money) Seat #3 is the button
Seat 1: _SKR (270)
Seat 3: Loriane01 (630)
*** ANTE/BLINDS ***
Loriane01 posts small blind 10
_SKR posts big blind 20
Dealt to _SKR [Jc 9c]
*** PRE-FLOP *** 
Loriane01 calls 10
_SKR raises 250 to 270 and is all-in
Loriane01 folds
_SKR collected 290 from pot
*** SUMMARY ***
Total pot 290 | No rake
Seat 1: _SKR (big blind) won 290


Winamax Poker - Tournament "Expresso Nitro" buyIn: 1.86€ + 0.14€ level: 2 - HandId: #2696567965226106881-4-1675087547 - Holdem no limit (15/30) - 2023/01/30 14:05:47 UTC
Table: 'Expresso Nitro(627843655)#0' 3-max (real money) Seat #1 is the button
Seat 1: _SKR (290)
Seat 3: Loriane01 (610)
*** ANTE/BLINDS ***
_SKR posts small blind 15
Loriane01 posts big blind 30
Dealt to _SKR [8c As]
*** PRE-FLOP *** 
_SKR raises 260 to 290 and is all-in
Loriane01 folds
_SKR collected 320 from pot
*** SUMMARY ***
Total pot 320 | No rake
Seat 1: _SKR (small blind) (button) won 320


Winamax Poker - Tournament "Expresso Nitro" buyIn: 1.86€ + 0.14€ level: 2 - HandId: #2696567965226106881-5-1675087554 - Holdem no limit (15/30) - 2023/01/30 14:05:54 UTC
Table: 'Expresso Nitro(627843655)#0' 3-max (real money) Seat #3 is the button
Seat 1: _SKR (320)
Seat 3: Loriane01 (580)
*** ANTE/BLINDS ***
Loriane01 posts small blind 15
_SKR posts big blind 30
Dealt to _SKR [9s Th]
*** PRE-FLOP *** 
Loriane01 calls 15
_SKR checks
*** FLOP *** [Ts Qs 6c]
_SKR checks
Loriane01 bets 30
_SKR calls 30
*** TURN *** [Ts Qs 6c][7c]
_SKR checks
Loriane01 checks
*** RIVER *** [Ts Qs 6c 7c][Ks]
_SKR checks
Loriane01 bets 120
_SKR folds
Loriane01 collected 240 from pot
*** SUMMARY ***
Total pot 240 | No rake
Board: [Ts Qs 6c 7c Ks]
Seat 3: Loriane01 (small blind) (button) won 240


Winamax Poker - Tournament "Expresso Nitro" buyIn: 1.86€ + 0.14€ level: 2 - HandId: #2696567965226106881-6-1675087582 - Holdem no limit (15/30) - 2023/01/30 14:06:22 UTC
Table: 'Expresso Nitro(627843655)#0' 3-max (real money) Seat #1 is the button
Seat 1: _SKR (260)
Seat 3: Loriane01 (640)
*** ANTE/BLINDS ***
_SKR posts small blind 15
Loriane01 posts big blind 30
Dealt to _SKR [Jh 7s]
*** PRE-FLOP *** 
_SKR folds
Loriane01 collected 45 from pot
*** SUMMARY ***
Total pot 45 | No rake
Seat 3: Loriane01 (big blind) won 45


Winamax Poker - Tournament "Expresso Nitro" buyIn: 1.86€ + 0.14€ level: 2 - HandId: #2696567965226106881-7-1675087587 - Holdem no limit (15/30) - 2023/01/30 14:06:27 UTC
Table: 'Expresso Nitro(627843655)#0' 3-max (real money) Seat #3 is the button
Seat 1: _SKR (245)
Seat 3: Loriane01 (655)
*** ANTE/BLINDS ***
Loriane01 posts small blind 15
_SKR posts big blind 30
Dealt to _SKR [Qh 3h]
*** PRE-FLOP *** 
Loriane01 calls 15
_SKR checks
*** FLOP *** [9h Ah 2c]
_SKR checks
Loriane01 checks
*** TURN *** [9h Ah 2c][2h]
_SKR bets 39
Loriane01 calls 39
*** RIVER *** [9h Ah 2c 2h][As]
_SKR bets 138
Loriane01 calls 138
*** SHOW DOWN ***
Loriane01 shows [Tc 7h] (Two pairs : Aces and 2)
_SKR shows [Qh 3h] (Flush Ace high)
_SKR collected 414 from pot
*** SUMMARY ***
Total pot 414 | No rake
Board: [9h Ah 2c 2h As]
Seat 1: _SKR (big blind) showed [Qh 3h] and won 414 with Flush Ace high
Seat 3: Loriane01 (small blind) (button) showed [Tc 7h] and lost with Two pairs : Aces and 2


Winamax Poker - Tournament "Expresso Nitro" buyIn: 1.86€ + 0.14€ level: 3 - HandId: #2696567965226106881-8-1675087614 - Holdem no limit (20/40) - 2023/01/30 14:06:54 UTC
Table: 'Expresso Nitro(627843655)#0' 3-max (real money) Seat #1 is the button
Seat 1: _SKR (452)
Seat 3: Loriane01 (448)
*** ANTE/BLINDS ***
_SKR posts small blind 20
Loriane01 posts big blind 40
Dealt to _SKR [Jd 2c]
*** PRE-FLOP *** 
_SKR folds
Loriane01 collected 60 from pot
*** SUMMARY ***
Total pot 60 | No rake
Seat 3: Loriane01 (big blind) won 60


Winamax Poker - Tournament "Expresso Nitro" buyIn: 1.86€ + 0.14€ level: 3 - HandId: #2696567965226106881-9-1675087617 - Holdem no limit (20/40) - 2023/01/30 14:06:57 UTC
Table: 'Expresso Nitro(627843655)#0' 3-max (real money) Seat #3 is the button
Seat 1: _SKR (432)
Seat 3: Loriane01 (468)
*** ANTE/BLINDS ***
Loriane01 posts small blind 20
_SKR posts big blind 40
Dealt to _SKR [7s Qd]
*** PRE-FLOP *** 
Loriane01 calls 20
_SKR checks
*** FLOP *** [2c 2s Ks]
_SKR checks
Loriane01 checks
*** TURN *** [2c 2s Ks][3s]
_SKR checks
Loriane01 bets 40
_SKR calls 40
*** RIVER *** [2c 2s Ks 3s][7c]
_SKR checks
Loriane01 bets 160
_SKR calls 160
*** SHOW DOWN ***
_SKR shows [7s Qd] (Two pairs : 7 and 2)
Loriane01 shows [2d Qh] (Trips of 2)
Loriane01 collected 480 from pot
*** SUMMARY ***
Total pot 480 | No rake
Board: [2c 2s Ks 3s 7c]
Seat 1: _SKR (big blind) showed [7s Qd] and lost with Two pairs : 7 and 2
Seat 3: Loriane01 (small blind) (button) showed [2d Qh] and won 480 with Trips of 2


Winamax Poker - Tournament "Expresso Nitro" buyIn: 1.86€ + 0.14€ level: 3 - HandId: #2696567965226106881-10-1675087652 - Holdem no limit (20/40) - 2023/01/30 14:07:32 UTC
Table: 'Expresso Nitro(627843655)#0' 3-max (real money) Seat #1 is the button
Seat 1: _SKR (192)
Seat 3: Loriane01 (708)
*** ANTE/BLINDS ***
_SKR posts small blind 20
Loriane01 posts big blind 40
Dealt to _SKR [3s Th]
*** PRE-FLOP *** 
_SKR raises 152 to 192 and is all-in
Loriane01 folds
_SKR collected 232 from pot
*** SUMMARY ***
Total pot 232 | No rake
Seat 1: _SKR (small blind) (button) won 232


Winamax Poker - Tournament "Expresso Nitro" buyIn: 1.86€ + 0.14€ level: 4 - HandId: #2696567965226106881-11-1675087659 - Holdem no limit (30/60) - 2023/01/30 14:07:39 UTC
Table: 'Expresso Nitro(627843655)#0' 3-max (real money) Seat #3 is the button
Seat 1: _SKR (232)
Seat 3: Loriane01 (668)
*** ANTE/BLINDS ***
Loriane01 posts small blind 30
_SKR posts big blind 60
Dealt to _SKR [7s 2d]
*** PRE-FLOP *** 
Loriane01 folds
_SKR collected 90 from pot
*** SUMMARY ***
Total pot 90 | No rake
Seat 1: _SKR (big blind) won 90


Winamax Poker - Tournament "Expresso Nitro" buyIn: 1.86€ + 0.14€ level: 4 - HandId: #2696567965226106881-12-1675087666 - Holdem no limit (30/60) - 2023/01/30 14:07:46 UTC
Table: 'Expresso Nitro(627843655)#0' 3-max (real money) Seat #1 is the button
Seat 1: _SKR (262)
Seat 3: Loriane01 (638)
*** ANTE/BLINDS ***
_SKR posts small blind 30
Loriane01 posts big blind 60
Dealt to _SKR [Qd 3s]
*** PRE-FLOP *** 
_SKR raises 202 to 262 and is all-in
Loriane01 folds
_SKR collected 322 from pot
*** SUMMARY ***
Total pot 322 | No rake
Seat 1: _SKR (small blind) (button) won 322


Winamax Poker - Tournament "Expresso Nitro" buyIn: 1.86€ + 0.14€ level: 4 - HandId: #2696567965226106881-13-1675087674 - Holdem no limit (30/60) - 2023/01/30 14:07:54 UTC
Table: 'Expresso Nitro(627843655)#0' 3-max (real money) Seat #3 is the button
Seat 1: _SKR (322)
Seat 3: Loriane01 (578)
*** ANTE/BLINDS ***
Loriane01 posts small blind 30
_SKR posts big blind 60
Dealt to _SKR [8s Ac]
*** PRE-FLOP *** 
Loriane01 raises 518 to 578 and is all-in
_SKR calls 262 and is all-in
*** FLOP *** [Jc Jh 4d]
*** TURN *** [Jc Jh 4d][Jd]
*** RIVER *** [Jc Jh 4d Jd][Th]
*** SHOW DOWN ***
_SKR shows [8s Ac] (Trips of Jacks)
Loriane01 shows [Tc 2d] (Full of Jacks and Tens)
Loriane01 collected 900 from pot
*** SUMMARY ***
Total pot 900 | No rake
Board: [Jc Jh 4d Jd Th]
Seat 1: _SKR (big blind) showed [8s Ac] and lost with Trips of Jacks
Seat 3: Loriane01 (small blind) (button) showed [Tc 2d] and won 900 with Full of Jacks and Tens


