Winamax Poker - Tournament "Expresso Nitro" buyIn: 0.93€ + 0.07€ level: 1 - HandId: #2676327124389855233-1-1673820216 - Holdem no limit (10/20) - 2023/01/15 22:03:36 UTC
Table: 'Expresso Nitro(623130967)#0' 3-max (real money) Seat #1 is the button
Seat 1: N1k3 (300)
Seat 2: _SKR (300)
Seat 3: Max.237 (300)
*** ANTE/BLINDS ***
_SKR posts small blind 10
Max.237 posts big blind 20
Dealt to _SKR [8d 6h]
*** PRE-FLOP *** 
N1k3 calls 20
_SKR folds
Max.237 checks
*** FLOP *** [2s Kd Qh]
Max.237 bets 50
N1k3 folds
Max.237 collected 100 from pot
*** SUMMARY ***
Total pot 100 | No rake
Board: [2s Kd Qh]
Seat 3: Max.237 (big blind) won 100


Winamax Poker - Tournament "Expresso Nitro" buyIn: 0.93€ + 0.07€ level: 1 - HandId: #2676327124389855233-2-1673820232 - Holdem no limit (10/20) - 2023/01/15 22:03:52 UTC
Table: 'Expresso Nitro(623130967)#0' 3-max (real money) Seat #2 is the button
Seat 1: N1k3 (280)
Seat 2: _SKR (290)
Seat 3: Max.237 (330)
*** ANTE/BLINDS ***
Max.237 posts small blind 10
N1k3 posts big blind 20
Dealt to _SKR [6d Ac]
*** PRE-FLOP *** 
_SKR raises 270 to 290 and is all-in
Max.237 folds
N1k3 calls 260 and is all-in
*** FLOP *** [Ts 8c 6c]
*** TURN *** [Ts 8c 6c][2d]
*** RIVER *** [Ts 8c 6c 2d][6s]
*** SHOW DOWN ***
N1k3 shows [Qh Ah] (One pair : 6)
_SKR shows [6d Ac] (Trips of 6)
_SKR collected 580 from pot
*** SUMMARY ***
Total pot 580 | No rake
Board: [Ts 8c 6c 2d 6s]
Seat 1: N1k3 (big blind) showed [Qh Ah] and lost with One pair : 6
Seat 2: _SKR (button) showed [6d Ac] and won 580 with Trips of 6


Winamax Poker - Tournament "Expresso Nitro" buyIn: 0.93€ + 0.07€ level: 1 - HandId: #2676327124389855233-3-1673820246 - Holdem no limit (10/20) - 2023/01/15 22:04:06 UTC
Table: 'Expresso Nitro(623130967)#0' 3-max (real money) Seat #2 is the button
Seat 2: _SKR (580)
Seat 3: Max.237 (320)
*** ANTE/BLINDS ***
_SKR posts small blind 10
Max.237 posts big blind 20
Dealt to _SKR [As Qd]
*** PRE-FLOP *** 
_SKR raises 20 to 40
Max.237 folds
_SKR collected 60 from pot
*** SUMMARY ***
Total pot 60 | No rake
Seat 2: _SKR (small blind) (button) won 60


Winamax Poker - Tournament "Expresso Nitro" buyIn: 0.93€ + 0.07€ level: 1 - HandId: #2676327124389855233-4-1673820253 - Holdem no limit (10/20) - 2023/01/15 22:04:13 UTC
Table: 'Expresso Nitro(623130967)#0' 3-max (real money) Seat #3 is the button
Seat 2: _SKR (600)
Seat 3: Max.237 (300)
*** ANTE/BLINDS ***
Max.237 posts small blind 10
_SKR posts big blind 20
Dealt to _SKR [4d 5d]
*** PRE-FLOP *** 
Max.237 folds
_SKR collected 30 from pot
*** SUMMARY ***
Total pot 30 | No rake
Seat 2: _SKR (big blind) won 30


Winamax Poker - Tournament "Expresso Nitro" buyIn: 0.93€ + 0.07€ level: 1 - HandId: #2676327124389855233-5-1673820260 - Holdem no limit (10/20) - 2023/01/15 22:04:20 UTC
Table: 'Expresso Nitro(623130967)#0' 3-max (real money) Seat #2 is the button
Seat 2: _SKR (610)
Seat 3: Max.237 (290)
*** ANTE/BLINDS ***
_SKR posts small blind 10
Max.237 posts big blind 20
Dealt to _SKR [Qh 4d]
*** PRE-FLOP *** 
_SKR folds
Max.237 collected 30 from pot
*** SUMMARY ***
Total pot 30 | No rake
Seat 3: Max.237 (big blind) won 30


Winamax Poker - Tournament "Expresso Nitro" buyIn: 0.93€ + 0.07€ level: 1 - HandId: #2676327124389855233-6-1673820265 - Holdem no limit (10/20) - 2023/01/15 22:04:25 UTC
Table: 'Expresso Nitro(623130967)#0' 3-max (real money) Seat #3 is the button
Seat 2: _SKR (600)
Seat 3: Max.237 (300)
*** ANTE/BLINDS ***
Max.237 posts small blind 10
_SKR posts big blind 20
Dealt to _SKR [3s 7c]
*** PRE-FLOP *** 
Max.237 raises 280 to 300 and is all-in
_SKR folds
Max.237 collected 320 from pot
*** SUMMARY ***
Total pot 320 | No rake
Seat 3: Max.237 (small blind) (button) won 320


Winamax Poker - Tournament "Expresso Nitro" buyIn: 0.93€ + 0.07€ level: 2 - HandId: #2676327124389855233-7-1673820274 - Holdem no limit (15/30) - 2023/01/15 22:04:34 UTC
Table: 'Expresso Nitro(623130967)#0' 3-max (real money) Seat #2 is the button
Seat 2: _SKR (580)
Seat 3: Max.237 (320)
*** ANTE/BLINDS ***
_SKR posts small blind 15
Max.237 posts big blind 30
Dealt to _SKR [Jd 3d]
*** PRE-FLOP *** 
_SKR folds
Max.237 collected 45 from pot
*** SUMMARY ***
Total pot 45 | No rake
Seat 3: Max.237 (big blind) won 45


Winamax Poker - Tournament "Expresso Nitro" buyIn: 0.93€ + 0.07€ level: 2 - HandId: #2676327124389855233-8-1673820282 - Holdem no limit (15/30) - 2023/01/15 22:04:42 UTC
Table: 'Expresso Nitro(623130967)#0' 3-max (real money) Seat #3 is the button
Seat 2: _SKR (565)
Seat 3: Max.237 (335)
*** ANTE/BLINDS ***
Max.237 posts small blind 15
_SKR posts big blind 30
Dealt to _SKR [9s 4d]
*** PRE-FLOP *** 
Max.237 folds
_SKR collected 45 from pot
*** SUMMARY ***
Total pot 45 | No rake
Seat 2: _SKR (big blind) won 45


Winamax Poker - Tournament "Expresso Nitro" buyIn: 0.93€ + 0.07€ level: 2 - HandId: #2676327124389855233-9-1673820286 - Holdem no limit (15/30) - 2023/01/15 22:04:46 UTC
Table: 'Expresso Nitro(623130967)#0' 3-max (real money) Seat #2 is the button
Seat 2: _SKR (580)
Seat 3: Max.237 (320)
*** ANTE/BLINDS ***
_SKR posts small blind 15
Max.237 posts big blind 30
Dealt to _SKR [Js Ac]
*** PRE-FLOP *** 
_SKR raises 550 to 580 and is all-in
Max.237 folds
_SKR collected 610 from pot
*** SUMMARY ***
Total pot 610 | No rake
Seat 2: _SKR (small blind) (button) won 610


Winamax Poker - Tournament "Expresso Nitro" buyIn: 0.93€ + 0.07€ level: 2 - HandId: #2676327124389855233-10-1673820295 - Holdem no limit (15/30) - 2023/01/15 22:04:55 UTC
Table: 'Expresso Nitro(623130967)#0' 3-max (real money) Seat #3 is the button
Seat 2: _SKR (610)
Seat 3: Max.237 (290)
*** ANTE/BLINDS ***
Max.237 posts small blind 15
_SKR posts big blind 30
Dealt to _SKR [Qc Td]
*** PRE-FLOP *** 
Max.237 raises 260 to 290 and is all-in
_SKR folds
Max.237 collected 320 from pot
*** SUMMARY ***
Total pot 320 | No rake
Seat 3: Max.237 (small blind) (button) won 320


Winamax Poker - Tournament "Expresso Nitro" buyIn: 0.93€ + 0.07€ level: 2 - HandId: #2676327124389855233-11-1673820304 - Holdem no limit (15/30) - 2023/01/15 22:05:04 UTC
Table: 'Expresso Nitro(623130967)#0' 3-max (real money) Seat #2 is the button
Seat 2: _SKR (580)
Seat 3: Max.237 (320)
*** ANTE/BLINDS ***
_SKR posts small blind 15
Max.237 posts big blind 30
Dealt to _SKR [3d Qh]
*** PRE-FLOP *** 
_SKR folds
Max.237 collected 45 from pot
*** SUMMARY ***
Total pot 45 | No rake
Seat 3: Max.237 (big blind) won 45


Winamax Poker - Tournament "Expresso Nitro" buyIn: 0.93€ + 0.07€ level: 2 - HandId: #2676327124389855233-12-1673820308 - Holdem no limit (15/30) - 2023/01/15 22:05:08 UTC
Table: 'Expresso Nitro(623130967)#0' 3-max (real money) Seat #3 is the button
Seat 2: _SKR (565)
Seat 3: Max.237 (335)
*** ANTE/BLINDS ***
Max.237 posts small blind 15
_SKR posts big blind 30
Dealt to _SKR [Ah Td]
*** PRE-FLOP *** 
Max.237 folds
_SKR collected 45 from pot
*** SUMMARY ***
Total pot 45 | No rake
Seat 2: _SKR (big blind) won 45


Winamax Poker - Tournament "Expresso Nitro" buyIn: 0.93€ + 0.07€ level: 2 - HandId: #2676327124389855233-13-1673820314 - Holdem no limit (15/30) - 2023/01/15 22:05:14 UTC
Table: 'Expresso Nitro(623130967)#0' 3-max (real money) Seat #2 is the button
Seat 2: _SKR (580)
Seat 3: Max.237 (320)
*** ANTE/BLINDS ***
_SKR posts small blind 15
Max.237 posts big blind 30
Dealt to _SKR [8h 8c]
*** PRE-FLOP *** 
_SKR raises 550 to 580 and is all-in
Max.237 folds
_SKR collected 610 from pot
*** SUMMARY ***
Total pot 610 | No rake
Seat 2: _SKR (small blind) (button) won 610


Winamax Poker - Tournament "Expresso Nitro" buyIn: 0.93€ + 0.07€ level: 3 - HandId: #2676327124389855233-14-1673820336 - Holdem no limit (20/40) - 2023/01/15 22:05:36 UTC
Table: 'Expresso Nitro(623130967)#0' 3-max (real money) Seat #3 is the button
Seat 2: _SKR (610)
Seat 3: Max.237 (290)
*** ANTE/BLINDS ***
Max.237 posts small blind 20
_SKR posts big blind 40
Dealt to _SKR [Js Kh]
*** PRE-FLOP *** 
Max.237 folds
_SKR collected 60 from pot
*** SUMMARY ***
Total pot 60 | No rake
Seat 2: _SKR (big blind) won 60


Winamax Poker - Tournament "Expresso Nitro" buyIn: 0.93€ + 0.07€ level: 3 - HandId: #2676327124389855233-15-1673820342 - Holdem no limit (20/40) - 2023/01/15 22:05:42 UTC
Table: 'Expresso Nitro(623130967)#0' 3-max (real money) Seat #2 is the button
Seat 2: _SKR (630)
Seat 3: Max.237 (270)
*** ANTE/BLINDS ***
_SKR posts small blind 20
Max.237 posts big blind 40
Dealt to _SKR [4h As]
*** PRE-FLOP *** 
_SKR raises 590 to 630 and is all-in
Max.237 folds
_SKR collected 670 from pot
*** SUMMARY ***
Total pot 670 | No rake
Seat 2: _SKR (small blind) (button) won 670


Winamax Poker - Tournament "Expresso Nitro" buyIn: 0.93€ + 0.07€ level: 3 - HandId: #2676327124389855233-16-1673820356 - Holdem no limit (20/40) - 2023/01/15 22:05:56 UTC
Table: 'Expresso Nitro(623130967)#0' 3-max (real money) Seat #3 is the button
Seat 2: _SKR (670)
Seat 3: Max.237 (230)
*** ANTE/BLINDS ***
Max.237 posts small blind 20
_SKR posts big blind 40
Dealt to _SKR [4d 5c]
*** PRE-FLOP *** 
Max.237 raises 190 to 230 and is all-in
_SKR folds
Max.237 collected 270 from pot
*** SUMMARY ***
Total pot 270 | No rake
Seat 3: Max.237 (small blind) (button) won 270


Winamax Poker - Tournament "Expresso Nitro" buyIn: 0.93€ + 0.07€ level: 3 - HandId: #2676327124389855233-17-1673820375 - Holdem no limit (20/40) - 2023/01/15 22:06:15 UTC
Table: 'Expresso Nitro(623130967)#0' 3-max (real money) Seat #2 is the button
Seat 2: _SKR (630)
Seat 3: Max.237 (270)
*** ANTE/BLINDS ***
_SKR posts small blind 20
Max.237 posts big blind 40
Dealt to _SKR [6d 2c]
*** PRE-FLOP *** 
_SKR folds
Max.237 collected 60 from pot
*** SUMMARY ***
Total pot 60 | No rake
Seat 3: Max.237 (big blind) won 60


Winamax Poker - Tournament "Expresso Nitro" buyIn: 0.93€ + 0.07€ level: 3 - HandId: #2676327124389855233-18-1673820381 - Holdem no limit (20/40) - 2023/01/15 22:06:21 UTC
Table: 'Expresso Nitro(623130967)#0' 3-max (real money) Seat #3 is the button
Seat 2: _SKR (610)
Seat 3: Max.237 (290)
*** ANTE/BLINDS ***
Max.237 posts small blind 20
_SKR posts big blind 40
Dealt to _SKR [4h Ah]
*** PRE-FLOP *** 
Max.237 raises 250 to 290 and is all-in
_SKR calls 250
*** FLOP *** [As 7s 5h]
*** TURN *** [As 7s 5h][Js]
*** RIVER *** [As 7s 5h Js][7h]
*** SHOW DOWN ***
Max.237 shows [Kh Tc] (One pair : 7)
_SKR shows [4h Ah] (Two pairs : Aces and 7)
_SKR collected 580 from pot
*** SUMMARY ***
Total pot 580 | No rake
Board: [As 7s 5h Js 7h]
Seat 2: _SKR (big blind) showed [4h Ah] and won 580 with Two pairs : Aces and 7
Seat 3: Max.237 (small blind) (button) showed [Kh Tc] and lost with One pair : 7


