Winamax Poker - Tournament "Expresso Nitro" buyIn: 0.93€ + 0.07€ level: 1 - HandId: #2675048791798710273-1-1673741646 - Holdem no limit (10/20) - 2023/01/15 00:14:06 UTC
Table: 'Expresso Nitro(622833332)#0' 3-max (real money) Seat #2 is the button
Seat 1: Dz357i (300)
Seat 2: Taimebien (300)
Seat 3: _SKR (300)
*** ANTE/BLINDS ***
_SKR posts small blind 10
Dz357i posts big blind 20
Dealt to _SKR [Kh 8s]
*** PRE-FLOP *** 
Taimebien folds
_SKR raises 20 to 40
Dz357i calls 20
*** FLOP *** [6c 5c 6d]
_SKR checks
Dz357i bets 80
_SKR folds
Dz357i collected 160 from pot
*** SUMMARY ***
Total pot 160 | No rake
Board: [6c 5c 6d]
Seat 1: Dz357i (big blind) won 160


Winamax Poker - Tournament "Expresso Nitro" buyIn: 0.93€ + 0.07€ level: 1 - HandId: #2675048791798710273-2-1673741678 - Holdem no limit (10/20) - 2023/01/15 00:14:38 UTC
Table: 'Expresso Nitro(622833332)#0' 3-max (real money) Seat #3 is the button
Seat 1: Dz357i (340)
Seat 2: Taimebien (300)
Seat 3: _SKR (260)
*** ANTE/BLINDS ***
Dz357i posts small blind 10
Taimebien posts big blind 20
Dealt to _SKR [Kh 5d]
*** PRE-FLOP *** 
_SKR folds
Dz357i raises 40 to 60
Taimebien calls 40
*** FLOP *** [6d Th Qd]
Dz357i bets 120
Taimebien folds
Dz357i collected 240 from pot
*** SUMMARY ***
Total pot 240 | No rake
Board: [6d Th Qd]
Seat 1: Dz357i (small blind) won 240


Winamax Poker - Tournament "Expresso Nitro" buyIn: 0.93€ + 0.07€ level: 2 - HandId: #2675048791798710273-3-1673741719 - Holdem no limit (15/30) - 2023/01/15 00:15:19 UTC
Table: 'Expresso Nitro(622833332)#0' 3-max (real money) Seat #1 is the button
Seat 1: Dz357i (400)
Seat 2: Taimebien (240)
Seat 3: _SKR (260)
*** ANTE/BLINDS ***
Taimebien posts small blind 15
_SKR posts big blind 30
Dealt to _SKR [3h 6h]
*** PRE-FLOP *** 
Dz357i calls 30
Taimebien folds
_SKR checks
*** FLOP *** [Kd 9c 2s]
_SKR checks
Dz357i bets 49
_SKR folds
Dz357i collected 124 from pot
*** SUMMARY ***
Total pot 124 | No rake
Board: [Kd 9c 2s]
Seat 1: Dz357i (button) won 124


Winamax Poker - Tournament "Expresso Nitro" buyIn: 0.93€ + 0.07€ level: 2 - HandId: #2675048791798710273-4-1673741746 - Holdem no limit (15/30) - 2023/01/15 00:15:46 UTC
Table: 'Expresso Nitro(622833332)#0' 3-max (real money) Seat #2 is the button
Seat 1: Dz357i (445)
Seat 2: Taimebien (225)
Seat 3: _SKR (230)
*** ANTE/BLINDS ***
_SKR posts small blind 15
Dz357i posts big blind 30
Dealt to _SKR [Js 7c]
*** PRE-FLOP *** 
Taimebien raises 60 to 90
_SKR folds
Dz357i raises 195 to 285
Taimebien calls 135 and is all-in
*** FLOP *** [5s 9h 2d]
*** TURN *** [5s 9h 2d][Jc]
*** RIVER *** [5s 9h 2d Jc][7s]
*** SHOW DOWN ***
Taimebien shows [3d Ad] (High card : Ace)
Dz357i shows [Kc Kh] (One pair : Kings)
Dz357i collected 525 from pot
*** SUMMARY ***
Total pot 525 | No rake
Board: [5s 9h 2d Jc 7s]
Seat 1: Dz357i (big blind) showed [Kc Kh] and won 525 with One pair : Kings
Seat 2: Taimebien (button) showed [3d Ad] and lost with High card : Ace


Winamax Poker - Tournament "Expresso Nitro" buyIn: 0.93€ + 0.07€ level: 3 - HandId: #2675048791798710273-5-1673741776 - Holdem no limit (20/40) - 2023/01/15 00:16:16 UTC
Table: 'Expresso Nitro(622833332)#0' 3-max (real money) Seat #1 is the button
Seat 1: Dz357i (685)
Seat 3: _SKR (215)
*** ANTE/BLINDS ***
Dz357i posts small blind 20
_SKR posts big blind 40
Dealt to _SKR [4c 6h]
*** PRE-FLOP *** 
Dz357i raises 80 to 120
_SKR folds
Dz357i collected 160 from pot
*** SUMMARY ***
Total pot 160 | No rake
Seat 1: Dz357i (small blind) (button) won 160


Winamax Poker - Tournament "Expresso Nitro" buyIn: 0.93€ + 0.07€ level: 3 - HandId: #2675048791798710273-6-1673741783 - Holdem no limit (20/40) - 2023/01/15 00:16:23 UTC
Table: 'Expresso Nitro(622833332)#0' 3-max (real money) Seat #3 is the button
Seat 1: Dz357i (725)
Seat 3: _SKR (175)
*** ANTE/BLINDS ***
_SKR posts small blind 20
Dz357i posts big blind 40
Dealt to _SKR [Kh 9s]
*** PRE-FLOP *** 
_SKR raises 135 to 175 and is all-in
Dz357i calls 135
*** FLOP *** [8h 8d Qd]
*** TURN *** [8h 8d Qd][Ac]
*** RIVER *** [8h 8d Qd Ac][6s]
*** SHOW DOWN ***
_SKR shows [Kh 9s] (One pair : 8)
Dz357i shows [Qh 4s] (Two pairs : Queens and 8)
Dz357i collected 350 from pot
*** SUMMARY ***
Total pot 350 | No rake
Board: [8h 8d Qd Ac 6s]
Seat 1: Dz357i (big blind) showed [Qh 4s] and won 350 with Two pairs : Queens and 8
Seat 3: _SKR (small blind) (button) showed [Kh 9s] and lost with One pair : 8


