Winamax Poker - Tournament "Expresso Nitro" buyIn: 0.93€ + 0.07€ level: 1 - HandId: #2672608687733866497-1-1673616392 - Holdem no limit (10/20) - 2023/01/13 13:26:32 UTC
Table: 'Expresso Nitro(622265201)#0' 3-max (real money) Seat #1 is the button
Seat 1: Dydyspng (300)
Seat 2: _SKR (300)
Seat 3: Xina22 (300)
*** ANTE/BLINDS ***
_SKR posts small blind 10
Xina22 posts big blind 20
Dealt to _SKR [9h 4c]
*** PRE-FLOP *** 
Dydyspng folds
_SKR folds
Xina22 collected 30 from pot
*** SUMMARY ***
Total pot 30 | No rake
Seat 3: Xina22 (big blind) won 30


Winamax Poker - Tournament "Expresso Nitro" buyIn: 0.93€ + 0.07€ level: 1 - HandId: #2672608687733866497-2-1673616398 - Holdem no limit (10/20) - 2023/01/13 13:26:38 UTC
Table: 'Expresso Nitro(622265201)#0' 3-max (real money) Seat #2 is the button
Seat 1: Dydyspng (300)
Seat 2: _SKR (290)
Seat 3: Xina22 (310)
*** ANTE/BLINDS ***
Xina22 posts small blind 10
Dydyspng posts big blind 20
Dealt to _SKR [Tc 9s]
*** PRE-FLOP *** 
_SKR folds
Xina22 folds
Dydyspng collected 30 from pot
*** SUMMARY ***
Total pot 30 | No rake
Seat 1: Dydyspng (big blind) won 30


Winamax Poker - Tournament "Expresso Nitro" buyIn: 0.93€ + 0.07€ level: 1 - HandId: #2672608687733866497-3-1673616409 - Holdem no limit (10/20) - 2023/01/13 13:26:49 UTC
Table: 'Expresso Nitro(622265201)#0' 3-max (real money) Seat #3 is the button
Seat 1: Dydyspng (310)
Seat 2: _SKR (290)
Seat 3: Xina22 (300)
*** ANTE/BLINDS ***
Dydyspng posts small blind 10
_SKR posts big blind 20
Dealt to _SKR [5c Qc]
*** PRE-FLOP *** 
Xina22 calls 20
Dydyspng folds
_SKR checks
*** FLOP *** [2h Kh 3s]
_SKR checks
Xina22 bets 20
_SKR folds
Xina22 collected 70 from pot
*** SUMMARY ***
Total pot 70 | No rake
Board: [2h Kh 3s]
Seat 3: Xina22 (button) won 70


Winamax Poker - Tournament "Expresso Nitro" buyIn: 0.93€ + 0.07€ level: 1 - HandId: #2672608687733866497-4-1673616431 - Holdem no limit (10/20) - 2023/01/13 13:27:11 UTC
Table: 'Expresso Nitro(622265201)#0' 3-max (real money) Seat #1 is the button
Seat 1: Dydyspng (300)
Seat 2: _SKR (270)
Seat 3: Xina22 (330)
*** ANTE/BLINDS ***
_SKR posts small blind 10
Xina22 posts big blind 20
Dealt to _SKR [6d 7c]
*** PRE-FLOP *** 
Dydyspng folds
_SKR calls 10
Xina22 checks
*** FLOP *** [8h Tc 9s]
_SKR bets 26
Xina22 calls 26
*** TURN *** [8h Tc 9s][2h]
_SKR bets 46
Xina22 folds
_SKR collected 138 from pot
*** SUMMARY ***
Total pot 138 | No rake
Board: [8h Tc 9s 2h]
Seat 2: _SKR (small blind) won 138


Winamax Poker - Tournament "Expresso Nitro" buyIn: 0.93€ + 0.07€ level: 2 - HandId: #2672608687733866497-5-1673616469 - Holdem no limit (15/30) - 2023/01/13 13:27:49 UTC
Table: 'Expresso Nitro(622265201)#0' 3-max (real money) Seat #2 is the button
Seat 1: Dydyspng (300)
Seat 2: _SKR (316)
Seat 3: Xina22 (284)
*** ANTE/BLINDS ***
Xina22 posts small blind 15
Dydyspng posts big blind 30
Dealt to _SKR [4h 8c]
*** PRE-FLOP *** 
_SKR folds
Xina22 raises 254 to 284 and is all-in
Dydyspng folds
Xina22 collected 314 from pot
*** SUMMARY ***
Total pot 314 | No rake
Seat 3: Xina22 (small blind) won 314


Winamax Poker - Tournament "Expresso Nitro" buyIn: 0.93€ + 0.07€ level: 2 - HandId: #2672608687733866497-6-1673616481 - Holdem no limit (15/30) - 2023/01/13 13:28:01 UTC
Table: 'Expresso Nitro(622265201)#0' 3-max (real money) Seat #3 is the button
Seat 1: Dydyspng (270)
Seat 2: _SKR (316)
Seat 3: Xina22 (314)
*** ANTE/BLINDS ***
Dydyspng posts small blind 15
_SKR posts big blind 30
Dealt to _SKR [Qs Ks]
*** PRE-FLOP *** 
Xina22 folds
Dydyspng calls 15
_SKR raises 286 to 316 and is all-in
Dydyspng calls 240 and is all-in
*** FLOP *** [3h Ad Ac]
*** TURN *** [3h Ad Ac][9c]
*** RIVER *** [3h Ad Ac 9c][Jd]
*** SHOW DOWN ***
Dydyspng shows [6d 6c] (Two pairs : Aces and 6)
_SKR shows [Qs Ks] (One pair : Aces)
_SKR collected 46 from side pot 1
Dydyspng collected 540 from main pot
*** SUMMARY ***
Total pot 586 | No rake
Board: [3h Ad Ac 9c Jd]
Seat 1: Dydyspng (small blind) showed [6d 6c] and won 540 with Two pairs : Aces and 6
Seat 2: _SKR (big blind) showed [Qs Ks] and won 46 with One pair : Aces


Winamax Poker - Tournament "Expresso Nitro" buyIn: 0.93€ + 0.07€ level: 2 - HandId: #2672608687733866497-7-1673616507 - Holdem no limit (15/30) - 2023/01/13 13:28:27 UTC
Table: 'Expresso Nitro(622265201)#0' 3-max (real money) Seat #1 is the button
Seat 1: Dydyspng (540)
Seat 2: _SKR (46)
Seat 3: Xina22 (314)
*** ANTE/BLINDS ***
_SKR posts small blind 15
Xina22 posts big blind 30
Dealt to _SKR [5s 2c]
*** PRE-FLOP *** 
Dydyspng folds
_SKR raises 16 to 46 and is all-in
Xina22 calls 16
*** FLOP *** [6s 2h 8c]
*** TURN *** [6s 2h 8c][3d]
*** RIVER *** [6s 2h 8c 3d][Ad]
*** SHOW DOWN ***
_SKR shows [5s 2c] (One pair : 2)
Xina22 shows [6h 9h] (One pair : 6)
Xina22 collected 92 from pot
*** SUMMARY ***
Total pot 92 | No rake
Board: [6s 2h 8c 3d Ad]
Seat 2: _SKR (small blind) showed [5s 2c] and lost with One pair : 2
Seat 3: Xina22 (big blind) showed [6h 9h] and won 92 with One pair : 6


