Winamax Poker - Tournament "Expresso Nitro" buyIn: 1.86€ + 0.14€ level: 1 - HandId: #2697306128370368513-1-1675117037 - Holdem no limit (10/20) - 2023/01/30 22:17:17 UTC
Table: 'Expresso Nitro(628015522)#0' 3-max (real money) Seat #2 is the button
Seat 1: Bananiadufr (300)
Seat 2: _SKR (300)
Seat 3: JoraVartanov (300)
*** ANTE/BLINDS ***
JoraVartanov posts small blind 10
Bananiadufr posts big blind 20
Dealt to _SKR [3c Ac]
*** PRE-FLOP *** 
_SKR raises 280 to 300 and is all-in
JoraVartanov folds
Bananiadufr folds
_SKR collected 330 from pot
*** SUMMARY ***
Total pot 330 | No rake
Seat 2: _SKR (button) won 330


Winamax Poker - Tournament "Expresso Nitro" buyIn: 1.86€ + 0.14€ level: 1 - HandId: #2697306128370368513-2-1675117049 - Holdem no limit (10/20) - 2023/01/30 22:17:29 UTC
Table: 'Expresso Nitro(628015522)#0' 3-max (real money) Seat #3 is the button
Seat 1: Bananiadufr (280)
Seat 2: _SKR (330)
Seat 3: JoraVartanov (290)
*** ANTE/BLINDS ***
Bananiadufr posts small blind 10
_SKR posts big blind 20
Dealt to _SKR [5c 3d]
*** PRE-FLOP *** 
JoraVartanov folds
Bananiadufr folds
_SKR collected 30 from pot
*** SUMMARY ***
Total pot 30 | No rake
Seat 2: _SKR (big blind) won 30


Winamax Poker - Tournament "Expresso Nitro" buyIn: 1.86€ + 0.14€ level: 1 - HandId: #2697306128370368513-3-1675117055 - Holdem no limit (10/20) - 2023/01/30 22:17:35 UTC
Table: 'Expresso Nitro(628015522)#0' 3-max (real money) Seat #1 is the button
Seat 1: Bananiadufr (270)
Seat 2: _SKR (340)
Seat 3: JoraVartanov (290)
*** ANTE/BLINDS ***
_SKR posts small blind 10
JoraVartanov posts big blind 20
Dealt to _SKR [9h 5h]
*** PRE-FLOP *** 
Bananiadufr folds
_SKR folds
JoraVartanov collected 30 from pot
*** SUMMARY ***
Total pot 30 | No rake
Seat 3: JoraVartanov (big blind) won 30


Winamax Poker - Tournament "Expresso Nitro" buyIn: 1.86€ + 0.14€ level: 1 - HandId: #2697306128370368513-4-1675117064 - Holdem no limit (10/20) - 2023/01/30 22:17:44 UTC
Table: 'Expresso Nitro(628015522)#0' 3-max (real money) Seat #2 is the button
Seat 1: Bananiadufr (270)
Seat 2: _SKR (330)
Seat 3: JoraVartanov (300)
*** ANTE/BLINDS ***
JoraVartanov posts small blind 10
Bananiadufr posts big blind 20
Dealt to _SKR [Ks Kh]
*** PRE-FLOP *** 
_SKR raises 310 to 330 and is all-in
JoraVartanov folds
Bananiadufr folds
_SKR collected 360 from pot
*** SUMMARY ***
Total pot 360 | No rake
Seat 2: _SKR (button) won 360


Winamax Poker - Tournament "Expresso Nitro" buyIn: 1.86€ + 0.14€ level: 1 - HandId: #2697306128370368513-5-1675117084 - Holdem no limit (10/20) - 2023/01/30 22:18:04 UTC
Table: 'Expresso Nitro(628015522)#0' 3-max (real money) Seat #3 is the button
Seat 1: Bananiadufr (250)
Seat 2: _SKR (360)
Seat 3: JoraVartanov (290)
*** ANTE/BLINDS ***
Bananiadufr posts small blind 10
_SKR posts big blind 20
Dealt to _SKR [7s Qc]
*** PRE-FLOP *** 
JoraVartanov folds
Bananiadufr raises 20 to 40
_SKR folds
Bananiadufr collected 60 from pot
*** SUMMARY ***
Total pot 60 | No rake
Seat 1: Bananiadufr (small blind) won 60


Winamax Poker - Tournament "Expresso Nitro" buyIn: 1.86€ + 0.14€ level: 2 - HandId: #2697306128370368513-6-1675117099 - Holdem no limit (15/30) - 2023/01/30 22:18:19 UTC
Table: 'Expresso Nitro(628015522)#0' 3-max (real money) Seat #1 is the button
Seat 1: Bananiadufr (270)
Seat 2: _SKR (340)
Seat 3: JoraVartanov (290)
*** ANTE/BLINDS ***
_SKR posts small blind 15
JoraVartanov posts big blind 30
Dealt to _SKR [3h 4d]
*** PRE-FLOP *** 
Bananiadufr folds
_SKR folds
JoraVartanov collected 45 from pot
*** SUMMARY ***
Total pot 45 | No rake
Seat 3: JoraVartanov (big blind) won 45


Winamax Poker - Tournament "Expresso Nitro" buyIn: 1.86€ + 0.14€ level: 2 - HandId: #2697306128370368513-7-1675117109 - Holdem no limit (15/30) - 2023/01/30 22:18:29 UTC
Table: 'Expresso Nitro(628015522)#0' 3-max (real money) Seat #2 is the button
Seat 1: Bananiadufr (270)
Seat 2: _SKR (325)
Seat 3: JoraVartanov (305)
*** ANTE/BLINDS ***
JoraVartanov posts small blind 15
Bananiadufr posts big blind 30
Dealt to _SKR [4d Kh]
*** PRE-FLOP *** 
_SKR folds
JoraVartanov folds
Bananiadufr collected 45 from pot
*** SUMMARY ***
Total pot 45 | No rake
Seat 1: Bananiadufr (big blind) won 45


Winamax Poker - Tournament "Expresso Nitro" buyIn: 1.86€ + 0.14€ level: 2 - HandId: #2697306128370368513-8-1675117119 - Holdem no limit (15/30) - 2023/01/30 22:18:39 UTC
Table: 'Expresso Nitro(628015522)#0' 3-max (real money) Seat #3 is the button
Seat 1: Bananiadufr (285)
Seat 2: _SKR (325)
Seat 3: JoraVartanov (290)
*** ANTE/BLINDS ***
Bananiadufr posts small blind 15
_SKR posts big blind 30
Dealt to _SKR [Kh 2h]
*** PRE-FLOP *** 
JoraVartanov folds
Bananiadufr raises 255 to 285 and is all-in
_SKR folds
Bananiadufr collected 315 from pot
*** SUMMARY ***
Total pot 315 | No rake
Seat 1: Bananiadufr (small blind) won 315


Winamax Poker - Tournament "Expresso Nitro" buyIn: 1.86€ + 0.14€ level: 2 - HandId: #2697306128370368513-9-1675117127 - Holdem no limit (15/30) - 2023/01/30 22:18:47 UTC
Table: 'Expresso Nitro(628015522)#0' 3-max (real money) Seat #1 is the button
Seat 1: Bananiadufr (315)
Seat 2: _SKR (295)
Seat 3: JoraVartanov (290)
*** ANTE/BLINDS ***
_SKR posts small blind 15
JoraVartanov posts big blind 30
Dealt to _SKR [4d Js]
*** PRE-FLOP *** 
Bananiadufr folds
_SKR folds
JoraVartanov collected 45 from pot
*** SUMMARY ***
Total pot 45 | No rake
Seat 3: JoraVartanov (big blind) won 45


Winamax Poker - Tournament "Expresso Nitro" buyIn: 1.86€ + 0.14€ level: 2 - HandId: #2697306128370368513-10-1675117132 - Holdem no limit (15/30) - 2023/01/30 22:18:52 UTC
Table: 'Expresso Nitro(628015522)#0' 3-max (real money) Seat #2 is the button
Seat 1: Bananiadufr (315)
Seat 2: _SKR (280)
Seat 3: JoraVartanov (305)
*** ANTE/BLINDS ***
JoraVartanov posts small blind 15
Bananiadufr posts big blind 30
Dealt to _SKR [7d Ks]
*** PRE-FLOP *** 
_SKR raises 250 to 280 and is all-in
JoraVartanov folds
Bananiadufr folds
_SKR collected 325 from pot
*** SUMMARY ***
Total pot 325 | No rake
Seat 2: _SKR (button) won 325


Winamax Poker - Tournament "Expresso Nitro" buyIn: 1.86€ + 0.14€ level: 2 - HandId: #2697306128370368513-11-1675117146 - Holdem no limit (15/30) - 2023/01/30 22:19:06 UTC
Table: 'Expresso Nitro(628015522)#0' 3-max (real money) Seat #3 is the button
Seat 1: Bananiadufr (285)
Seat 2: _SKR (325)
Seat 3: JoraVartanov (290)
*** ANTE/BLINDS ***
Bananiadufr posts small blind 15
_SKR posts big blind 30
Dealt to _SKR [Tc Jc]
*** PRE-FLOP *** 
JoraVartanov folds
Bananiadufr folds
_SKR collected 45 from pot
*** SUMMARY ***
Total pot 45 | No rake
Seat 2: _SKR (big blind) won 45


Winamax Poker - Tournament "Expresso Nitro" buyIn: 1.86€ + 0.14€ level: 3 - HandId: #2697306128370368513-12-1675117153 - Holdem no limit (20/40) - 2023/01/30 22:19:13 UTC
Table: 'Expresso Nitro(628015522)#0' 3-max (real money) Seat #1 is the button
Seat 1: Bananiadufr (270)
Seat 2: _SKR (340)
Seat 3: JoraVartanov (290)
*** ANTE/BLINDS ***
_SKR posts small blind 20
JoraVartanov posts big blind 40
Dealt to _SKR [Th Ts]
*** PRE-FLOP *** 
Bananiadufr raises 40 to 80
_SKR raises 260 to 340 and is all-in
JoraVartanov folds
Bananiadufr calls 190 and is all-in
*** FLOP *** [7h 3h 6h]
*** TURN *** [7h 3h 6h][Ad]
*** RIVER *** [7h 3h 6h Ad][Qs]
*** SHOW DOWN ***
Bananiadufr shows [Kh Qd] (One pair : Queens)
_SKR shows [Th Ts] (One pair : Tens)
_SKR collected 70 from side pot 1
Bananiadufr collected 580 from main pot
*** SUMMARY ***
Total pot 650 | No rake
Board: [7h 3h 6h Ad Qs]
Seat 1: Bananiadufr (button) showed [Kh Qd] and won 580 with One pair : Queens
Seat 2: _SKR (small blind) showed [Th Ts] and won 70 with One pair : Tens


Winamax Poker - Tournament "Expresso Nitro" buyIn: 1.86€ + 0.14€ level: 3 - HandId: #2697306128370368513-13-1675117172 - Holdem no limit (20/40) - 2023/01/30 22:19:32 UTC
Table: 'Expresso Nitro(628015522)#0' 3-max (real money) Seat #2 is the button
Seat 1: Bananiadufr (580)
Seat 2: _SKR (70)
Seat 3: JoraVartanov (250)
*** ANTE/BLINDS ***
JoraVartanov posts small blind 20
Bananiadufr posts big blind 40
Dealt to _SKR [Jh Tc]
*** PRE-FLOP *** 
_SKR raises 30 to 70 and is all-in
JoraVartanov raises 180 to 250 and is all-in
Bananiadufr folds
*** FLOP *** [9c Qs Js]
*** TURN *** [9c Qs Js][As]
*** RIVER *** [9c Qs Js As][Jc]
*** SHOW DOWN ***
_SKR shows [Jh Tc] (Trips of Jacks)
JoraVartanov shows [Jd 9d] (Full of Jacks and 9)
JoraVartanov collected 360 from pot
*** SUMMARY ***
Total pot 360 | No rake
Board: [9c Qs Js As Jc]
Seat 2: _SKR (button) showed [Jh Tc] and lost with Trips of Jacks
Seat 3: JoraVartanov (small blind) showed [Jd 9d] and won 360 with Full of Jacks and 9


