Winamax Poker - Tournament "Expresso Nitro" buyIn: 0.93€ + 0.07€ level: 1 - HandId: #2675035301306433537-1-1673741093 - Holdem no limit (10/20) - 2023/01/15 00:04:53 UTC
Table: 'Expresso Nitro(622830191)#0' 3-max (real money) Seat #3 is the button
Seat 1: _SKR (300)
Seat 2: F. Fognini (300)
Seat 3: Marcelinodz (300)
*** ANTE/BLINDS ***
_SKR posts small blind 10
F. Fognini posts big blind 20
Dealt to _SKR [4c 9d]
*** PRE-FLOP *** 
Marcelinodz raises 280 to 300 and is all-in
_SKR folds
F. Fognini folds
Marcelinodz collected 330 from pot
*** SUMMARY ***
Total pot 330 | No rake
Seat 3: Marcelinodz (button) won 330


Winamax Poker - Tournament "Expresso Nitro" buyIn: 0.93€ + 0.07€ level: 1 - HandId: #2675035301306433537-2-1673741110 - Holdem no limit (10/20) - 2023/01/15 00:05:10 UTC
Table: 'Expresso Nitro(622830191)#0' 3-max (real money) Seat #1 is the button
Seat 1: _SKR (290)
Seat 2: F. Fognini (280)
Seat 3: Marcelinodz (330)
*** ANTE/BLINDS ***
F. Fognini posts small blind 10
Marcelinodz posts big blind 20
Dealt to _SKR [Ad 4d]
*** PRE-FLOP *** 
_SKR raises 20 to 40
F. Fognini raises 240 to 280 and is all-in
Marcelinodz calls 260
_SKR folds
*** FLOP *** [2h Ah As]
*** TURN *** [2h Ah As][8s]
*** RIVER *** [2h Ah As 8s][Ts]
*** SHOW DOWN ***
Marcelinodz shows [7s Qh] (One pair : Aces)
F. Fognini shows [3c 3s] (Two pairs : Aces and 3)
F. Fognini collected 600 from pot
*** SUMMARY ***
Total pot 600 | No rake
Board: [2h Ah As 8s Ts]
Seat 2: F. Fognini (small blind) showed [3c 3s] and won 600 with Two pairs : Aces and 3
Seat 3: Marcelinodz (big blind) showed [7s Qh] and lost with One pair : Aces


Winamax Poker - Tournament "Expresso Nitro" buyIn: 0.93€ + 0.07€ level: 1 - HandId: #2675035301306433537-3-1673741129 - Holdem no limit (10/20) - 2023/01/15 00:05:29 UTC
Table: 'Expresso Nitro(622830191)#0' 3-max (real money) Seat #2 is the button
Seat 1: _SKR (250)
Seat 2: F. Fognini (600)
Seat 3: Marcelinodz (50)
*** ANTE/BLINDS ***
Marcelinodz posts small blind 10
_SKR posts big blind 20
Dealt to _SKR [4c Kh]
*** PRE-FLOP *** 
F. Fognini folds
Marcelinodz raises 30 to 50 and is all-in
_SKR folds
Marcelinodz collected 70 from pot
*** SUMMARY ***
Total pot 70 | No rake
Seat 3: Marcelinodz (small blind) won 70


Winamax Poker - Tournament "Expresso Nitro" buyIn: 0.93€ + 0.07€ level: 1 - HandId: #2675035301306433537-4-1673741144 - Holdem no limit (10/20) - 2023/01/15 00:05:44 UTC
Table: 'Expresso Nitro(622830191)#0' 3-max (real money) Seat #3 is the button
Seat 1: _SKR (230)
Seat 2: F. Fognini (600)
Seat 3: Marcelinodz (70)
*** ANTE/BLINDS ***
_SKR posts small blind 10
F. Fognini posts big blind 20
Dealt to _SKR [8c 3d]
*** PRE-FLOP *** 
Marcelinodz raises 50 to 70 and is all-in
_SKR folds
F. Fognini calls 50
*** FLOP *** [Jc 4c Tc]
*** TURN *** [Jc 4c Tc][5d]
*** RIVER *** [Jc 4c Tc 5d][4d]
*** SHOW DOWN ***
F. Fognini shows [8s Qd] (One pair : 4)
Marcelinodz shows [9h Kd] (One pair : 4)
Marcelinodz collected 150 from pot
*** SUMMARY ***
Total pot 150 | No rake
Board: [Jc 4c Tc 5d 4d]
Seat 2: F. Fognini (big blind) showed [8s Qd] and lost with One pair : 4
Seat 3: Marcelinodz (button) showed [9h Kd] and won 150 with One pair : 4


Winamax Poker - Tournament "Expresso Nitro" buyIn: 0.93€ + 0.07€ level: 2 - HandId: #2675035301306433537-5-1673741158 - Holdem no limit (15/30) - 2023/01/15 00:05:58 UTC
Table: 'Expresso Nitro(622830191)#0' 3-max (real money) Seat #1 is the button
Seat 1: _SKR (220)
Seat 2: F. Fognini (530)
Seat 3: Marcelinodz (150)
*** ANTE/BLINDS ***
F. Fognini posts small blind 15
Marcelinodz posts big blind 30
Dealt to _SKR [3c Ts]
*** PRE-FLOP *** 
_SKR folds
F. Fognini folds
Marcelinodz collected 45 from pot
*** SUMMARY ***
Total pot 45 | No rake
Seat 3: Marcelinodz (big blind) won 45


Winamax Poker - Tournament "Expresso Nitro" buyIn: 0.93€ + 0.07€ level: 2 - HandId: #2675035301306433537-6-1673741163 - Holdem no limit (15/30) - 2023/01/15 00:06:03 UTC
Table: 'Expresso Nitro(622830191)#0' 3-max (real money) Seat #2 is the button
Seat 1: _SKR (220)
Seat 2: F. Fognini (515)
Seat 3: Marcelinodz (165)
*** ANTE/BLINDS ***
Marcelinodz posts small blind 15
_SKR posts big blind 30
Dealt to _SKR [9s 5c]
*** PRE-FLOP *** 
F. Fognini folds
Marcelinodz raises 135 to 165 and is all-in
_SKR folds
Marcelinodz collected 195 from pot
*** SUMMARY ***
Total pot 195 | No rake
Seat 3: Marcelinodz (small blind) won 195


Winamax Poker - Tournament "Expresso Nitro" buyIn: 0.93€ + 0.07€ level: 2 - HandId: #2675035301306433537-7-1673741177 - Holdem no limit (15/30) - 2023/01/15 00:06:17 UTC
Table: 'Expresso Nitro(622830191)#0' 3-max (real money) Seat #3 is the button
Seat 1: _SKR (190)
Seat 2: F. Fognini (515)
Seat 3: Marcelinodz (195)
*** ANTE/BLINDS ***
_SKR posts small blind 15
F. Fognini posts big blind 30
Dealt to _SKR [5d 6c]
*** PRE-FLOP *** 
Marcelinodz raises 165 to 195 and is all-in
_SKR folds
F. Fognini folds
Marcelinodz collected 240 from pot
*** SUMMARY ***
Total pot 240 | No rake
Seat 3: Marcelinodz (button) won 240


Winamax Poker - Tournament "Expresso Nitro" buyIn: 0.93€ + 0.07€ level: 2 - HandId: #2675035301306433537-8-1673741199 - Holdem no limit (15/30) - 2023/01/15 00:06:39 UTC
Table: 'Expresso Nitro(622830191)#0' 3-max (real money) Seat #1 is the button
Seat 1: _SKR (175)
Seat 2: F. Fognini (485)
Seat 3: Marcelinodz (240)
*** ANTE/BLINDS ***
F. Fognini posts small blind 15
Marcelinodz posts big blind 30
Dealt to _SKR [2h 3c]
*** PRE-FLOP *** 
_SKR folds
F. Fognini folds
Marcelinodz collected 45 from pot
*** SUMMARY ***
Total pot 45 | No rake
Seat 3: Marcelinodz (big blind) won 45


Winamax Poker - Tournament "Expresso Nitro" buyIn: 0.93€ + 0.07€ level: 2 - HandId: #2675035301306433537-9-1673741205 - Holdem no limit (15/30) - 2023/01/15 00:06:45 UTC
Table: 'Expresso Nitro(622830191)#0' 3-max (real money) Seat #2 is the button
Seat 1: _SKR (175)
Seat 2: F. Fognini (470)
Seat 3: Marcelinodz (255)
*** ANTE/BLINDS ***
Marcelinodz posts small blind 15
_SKR posts big blind 30
Dealt to _SKR [6d 5d]
*** PRE-FLOP *** 
F. Fognini raises 440 to 470 and is all-in
Marcelinodz calls 240 and is all-in
_SKR folds
*** FLOP *** [3s Ks 2d]
*** TURN *** [3s Ks 2d][Ad]
*** RIVER *** [3s Ks 2d Ad][4c]
*** SHOW DOWN ***
F. Fognini shows [7h Kh] (One pair : Kings)
Marcelinodz shows [As Kc] (Two pairs : Aces and Kings)
Marcelinodz collected 540 from main pot
F. Fognini collected 215 from side pot 1
*** SUMMARY ***
Total pot 755 | No rake
Board: [3s Ks 2d Ad 4c]
Seat 2: F. Fognini (button) showed [7h Kh] and won 215 with One pair : Kings
Seat 3: Marcelinodz (small blind) showed [As Kc] and won 540 with Two pairs : Aces and Kings


Winamax Poker - Tournament "Expresso Nitro" buyIn: 0.93€ + 0.07€ level: 3 - HandId: #2675035301306433537-10-1673741233 - Holdem no limit (20/40) - 2023/01/15 00:07:13 UTC
Table: 'Expresso Nitro(622830191)#0' 3-max (real money) Seat #3 is the button
Seat 1: _SKR (145)
Seat 2: F. Fognini (215)
Seat 3: Marcelinodz (540)
*** ANTE/BLINDS ***
_SKR posts small blind 20
F. Fognini posts big blind 40
Dealt to _SKR [6c 8c]
*** PRE-FLOP *** 
Marcelinodz calls 40
_SKR folds
F. Fognini checks
*** FLOP *** [As 5h Kh]
F. Fognini checks
Marcelinodz bets 500 and is all-in
F. Fognini folds
Marcelinodz collected 600 from pot
*** SUMMARY ***
Total pot 600 | No rake
Board: [As 5h Kh]
Seat 3: Marcelinodz (button) won 600


Winamax Poker - Tournament "Expresso Nitro" buyIn: 0.93€ + 0.07€ level: 3 - HandId: #2675035301306433537-11-1673741257 - Holdem no limit (20/40) - 2023/01/15 00:07:37 UTC
Table: 'Expresso Nitro(622830191)#0' 3-max (real money) Seat #1 is the button
Seat 1: _SKR (125)
Seat 2: F. Fognini (175)
Seat 3: Marcelinodz (600)
*** ANTE/BLINDS ***
F. Fognini posts small blind 20
Marcelinodz posts big blind 40
Dealt to _SKR [3d 9d]
*** PRE-FLOP *** 
_SKR folds
F. Fognini raises 135 to 175 and is all-in
Marcelinodz calls 135
*** FLOP *** [Ks 7c Js]
*** TURN *** [Ks 7c Js][2s]
*** RIVER *** [Ks 7c Js 2s][Kc]
*** SHOW DOWN ***
Marcelinodz shows [4d Th] (One pair : Kings)
F. Fognini shows [2c As] (Two pairs : Kings and 2)
F. Fognini collected 350 from pot
*** SUMMARY ***
Total pot 350 | No rake
Board: [Ks 7c Js 2s Kc]
Seat 2: F. Fognini (small blind) showed [2c As] and won 350 with Two pairs : Kings and 2
Seat 3: Marcelinodz (big blind) showed [4d Th] and lost with One pair : Kings


Winamax Poker - Tournament "Expresso Nitro" buyIn: 0.93€ + 0.07€ level: 4 - HandId: #2675035301306433537-12-1673741281 - Holdem no limit (30/60) - 2023/01/15 00:08:01 UTC
Table: 'Expresso Nitro(622830191)#0' 3-max (real money) Seat #2 is the button
Seat 1: _SKR (125)
Seat 2: F. Fognini (350)
Seat 3: Marcelinodz (425)
*** ANTE/BLINDS ***
Marcelinodz posts small blind 30
_SKR posts big blind 60
Dealt to _SKR [6c 7d]
*** PRE-FLOP *** 
F. Fognini raises 290 to 350 and is all-in
Marcelinodz raises 75 to 425 and is all-in
_SKR calls 65 and is all-in
*** FLOP *** [Kd Qh 5h]
*** TURN *** [Kd Qh 5h][7h]
*** RIVER *** [Kd Qh 5h 7h][7c]
*** SHOW DOWN ***
F. Fognini shows [2s Ac] (One pair : 7)
_SKR shows [6c 7d] (Trips of 7)
Marcelinodz shows [Jd Kc] (Two pairs : Kings and 7)
Marcelinodz collected 525 from side pot 1
_SKR collected 375 from main pot
*** SUMMARY ***
Total pot 900 | No rake
Board: [Kd Qh 5h 7h 7c]
Seat 1: _SKR (big blind) showed [6c 7d] and won 375 with Trips of 7
Seat 2: F. Fognini (button) showed [2s Ac] and lost with One pair : 7
Seat 3: Marcelinodz (small blind) showed [Jd Kc] and won 525 with Two pairs : Kings and 7


Winamax Poker - Tournament "Expresso Nitro" buyIn: 0.93€ + 0.07€ level: 4 - HandId: #2675035301306433537-13-1673741298 - Holdem no limit (30/60) - 2023/01/15 00:08:18 UTC
Table: 'Expresso Nitro(622830191)#0' 3-max (real money) Seat #1 is the button
Seat 1: _SKR (375)
Seat 3: Marcelinodz (525)
*** ANTE/BLINDS ***
_SKR posts small blind 30
Marcelinodz posts big blind 60
Dealt to _SKR [5h 8d]
*** PRE-FLOP *** 
_SKR folds
Marcelinodz collected 90 from pot
*** SUMMARY ***
Total pot 90 | No rake
Seat 3: Marcelinodz (big blind) won 90


Winamax Poker - Tournament "Expresso Nitro" buyIn: 0.93€ + 0.07€ level: 4 - HandId: #2675035301306433537-14-1673741305 - Holdem no limit (30/60) - 2023/01/15 00:08:25 UTC
Table: 'Expresso Nitro(622830191)#0' 3-max (real money) Seat #3 is the button
Seat 1: _SKR (345)
Seat 3: Marcelinodz (555)
*** ANTE/BLINDS ***
Marcelinodz posts small blind 30
_SKR posts big blind 60
Dealt to _SKR [Ah 3h]
*** PRE-FLOP *** 
Marcelinodz raises 495 to 555 and is all-in
_SKR calls 285 and is all-in
*** FLOP *** [6c Jh 7d]
*** TURN *** [6c Jh 7d][2d]
*** RIVER *** [6c Jh 7d 2d][Ks]
*** SHOW DOWN ***
_SKR shows [Ah 3h] (High card : Ace)
Marcelinodz shows [Ts 8s] (High card : King)
Marcelinodz collected 210 from side pot 1
_SKR collected 690 from main pot
*** SUMMARY ***
Total pot 900 | No rake
Board: [6c Jh 7d 2d Ks]
Seat 1: _SKR (big blind) showed [Ah 3h] and won 690 with High card : Ace
Seat 3: Marcelinodz (small blind) (button) showed [Ts 8s] and won 210 with High card : King


Winamax Poker - Tournament "Expresso Nitro" buyIn: 0.93€ + 0.07€ level: 4 - HandId: #2675035301306433537-15-1673741317 - Holdem no limit (30/60) - 2023/01/15 00:08:37 UTC
Table: 'Expresso Nitro(622830191)#0' 3-max (real money) Seat #1 is the button
Seat 1: _SKR (690)
Seat 3: Marcelinodz (210)
*** ANTE/BLINDS ***
_SKR posts small blind 30
Marcelinodz posts big blind 60
Dealt to _SKR [Kd 8h]
*** PRE-FLOP *** 
_SKR raises 630 to 690 and is all-in
Marcelinodz calls 150 and is all-in
*** FLOP *** [9c Ac 3d]
*** TURN *** [9c Ac 3d][Kh]
*** RIVER *** [9c Ac 3d Kh][8d]
*** SHOW DOWN ***
Marcelinodz shows [3s Kc] (Two pairs : Kings and 3)
_SKR shows [Kd 8h] (Two pairs : Kings and 8)
_SKR collected 900 from pot
*** SUMMARY ***
Total pot 900 | No rake
Board: [9c Ac 3d Kh 8d]
Seat 1: _SKR (small blind) (button) showed [Kd 8h] and won 900 with Two pairs : Kings and 8
Seat 3: Marcelinodz (big blind) showed [3s Kc] and lost with Two pairs : Kings and 3


