Winamax Poker - Tournament "Expresso Nitro" buyIn: 0.93€ + 0.07€ level: 1 - HandId: #2717891885145260033-1-1676239042 - Holdem no limit (10/20) - 2023/02/12 21:57:22 UTC
Table: 'Expresso Nitro(632808517)#0' 3-max (real money) Seat #2 is the button
Seat 1: penabianca (300)
Seat 2: velgez59120 (300)
Seat 3: _SKR (300)
*** ANTE/BLINDS ***
_SKR posts small blind 10
penabianca posts big blind 20
Dealt to _SKR [4d 9s]
*** PRE-FLOP *** 
velgez59120 calls 20
_SKR folds
penabianca raises 40 to 60
velgez59120 calls 40
*** FLOP *** [8c Kd 3s]
penabianca bets 85
velgez59120 folds
penabianca collected 215 from pot
*** SUMMARY ***
Total pot 215 | No rake
Board: [8c Kd 3s]
Seat 1: penabianca (big blind) won 215


Winamax Poker - Tournament "Expresso Nitro" buyIn: 0.93€ + 0.07€ level: 1 - HandId: #2717891885145260033-2-1676239091 - Holdem no limit (10/20) - 2023/02/12 21:58:11 UTC
Table: 'Expresso Nitro(632808517)#0' 3-max (real money) Seat #3 is the button
Seat 1: penabianca (370)
Seat 2: velgez59120 (240)
Seat 3: _SKR (290)
*** ANTE/BLINDS ***
penabianca posts small blind 10
velgez59120 posts big blind 20
Dealt to _SKR [3c Th]
*** PRE-FLOP *** 
_SKR folds
penabianca raises 350 to 370 and is all-in
velgez59120 calls 220 and is all-in
*** FLOP *** [Qs 3d 9d]
*** TURN *** [Qs 3d 9d][Qc]
*** RIVER *** [Qs 3d 9d Qc][4c]
*** SHOW DOWN ***
penabianca shows [Td Ac] (One pair : Queens)
velgez59120 shows [8c 9h] (Two pairs : Queens and 9)
velgez59120 collected 480 from main pot
penabianca collected 130 from side pot 1
*** SUMMARY ***
Total pot 610 | No rake
Board: [Qs 3d 9d Qc 4c]
Seat 1: penabianca (small blind) showed [Td Ac] and won 130 with One pair : Queens
Seat 2: velgez59120 (big blind) showed [8c 9h] and won 480 with Two pairs : Queens and 9


Winamax Poker - Tournament "Expresso Nitro" buyIn: 0.93€ + 0.07€ level: 2 - HandId: #2717891885145260033-3-1676239107 - Holdem no limit (15/30) - 2023/02/12 21:58:27 UTC
Table: 'Expresso Nitro(632808517)#0' 3-max (real money) Seat #1 is the button
Seat 1: penabianca (130)
Seat 2: velgez59120 (480)
Seat 3: _SKR (290)
*** ANTE/BLINDS ***
velgez59120 posts small blind 15
_SKR posts big blind 30
Dealt to _SKR [9h 9d]
*** PRE-FLOP *** 
penabianca folds
velgez59120 raises 60 to 90
_SKR raises 60 to 150
velgez59120 raises 330 to 480 and is all-in
_SKR calls 140 and is all-in
*** FLOP *** [3h 6c 7c]
*** TURN *** [3h 6c 7c][2h]
*** RIVER *** [3h 6c 7c 2h][7d]
*** SHOW DOWN ***
_SKR shows [9h 9d] (Two pairs : 9 and 7)
velgez59120 shows [7h Ah] (Trips of 7)
velgez59120 collected 770 from pot
*** SUMMARY ***
Total pot 770 | No rake
Board: [3h 6c 7c 2h 7d]
Seat 2: velgez59120 (small blind) showed [7h Ah] and won 770 with Trips of 7
Seat 3: _SKR (big blind) showed [9h 9d] and lost with Two pairs : 9 and 7


