Winamax Poker - Tournament "Expresso Nitro" buyIn: 0.93€ + 0.07€ level: 1 - HandId: #2675069076929249281-1-1673742770 - Holdem no limit (10/20) - 2023/01/15 00:32:50 UTC
Table: 'Expresso Nitro(622838055)#0' 3-max (real money) Seat #2 is the button
Seat 1: InsertChips (300)
Seat 2: _SKR (300)
Seat 3: Richicarla (300)
*** ANTE/BLINDS ***
Richicarla posts small blind 10
InsertChips posts big blind 20
Dealt to _SKR [Ah Qd]
*** PRE-FLOP *** 
_SKR raises 20 to 40
Richicarla calls 30
InsertChips raises 260 to 300 and is all-in
_SKR calls 260 and is all-in
Richicarla calls 260 and is all-in
*** FLOP *** [6h 8c 2h]
*** TURN *** [6h 8c 2h][4h]
*** RIVER *** [6h 8c 2h 4h][3s]
*** SHOW DOWN ***
InsertChips shows [Kc 4d] (One pair : 4)
_SKR shows [Ah Qd] (High card : Ace)
Richicarla shows [8d 5d] (Straight 6 high)
Richicarla collected 900 from pot
*** SUMMARY ***
Total pot 900 | No rake
Board: [6h 8c 2h 4h 3s]
Seat 1: InsertChips (big blind) showed [Kc 4d] and lost with One pair : 4
Seat 2: _SKR (button) showed [Ah Qd] and lost with High card : Ace
Seat 3: Richicarla (small blind) showed [8d 5d] and won 900 with Straight 6 high


