Winamax Poker - Tournament "Expresso Nitro" buyIn: 0.93€ + 0.07€ level: 1 - HandId: #2717829337536528385-1-1676236859 - Holdem no limit (10/20) - 2023/02/12 21:20:59 UTC
Table: 'Expresso Nitro(632793954)#0' 3-max (real money) Seat #2 is the button
Seat 1: _SKR (300)
Seat 2: hasanuki (300)
Seat 3: Ass Kicker (300)
*** ANTE/BLINDS ***
Ass Kicker posts small blind 10
_SKR posts big blind 20
Dealt to _SKR [Qc Ad]
*** PRE-FLOP *** 
hasanuki calls 20
Ass Kicker calls 10
_SKR raises 280 to 300 and is all-in
hasanuki folds
Ass Kicker folds
_SKR collected 340 from pot
*** SUMMARY ***
Total pot 340 | No rake
Seat 1: _SKR (big blind) won 340


Winamax Poker - Tournament "Expresso Nitro" buyIn: 0.93€ + 0.07€ level: 1 - HandId: #2717829337536528385-2-1676236875 - Holdem no limit (10/20) - 2023/02/12 21:21:15 UTC
Table: 'Expresso Nitro(632793954)#0' 3-max (real money) Seat #3 is the button
Seat 1: _SKR (340)
Seat 2: hasanuki (280)
Seat 3: Ass Kicker (280)
*** ANTE/BLINDS ***
_SKR posts small blind 10
hasanuki posts big blind 20
Dealt to _SKR [3s 7s]
*** PRE-FLOP *** 
Ass Kicker raises 260 to 280 and is all-in
_SKR folds
hasanuki folds
Ass Kicker collected 310 from pot
*** SUMMARY ***
Total pot 310 | No rake
Seat 3: Ass Kicker (button) won 310


Winamax Poker - Tournament "Expresso Nitro" buyIn: 0.93€ + 0.07€ level: 1 - HandId: #2717829337536528385-3-1676236884 - Holdem no limit (10/20) - 2023/02/12 21:21:24 UTC
Table: 'Expresso Nitro(632793954)#0' 3-max (real money) Seat #1 is the button
Seat 1: _SKR (330)
Seat 2: hasanuki (260)
Seat 3: Ass Kicker (310)
*** ANTE/BLINDS ***
hasanuki posts small blind 10
Ass Kicker posts big blind 20
Dealt to _SKR [5s Ad]
*** PRE-FLOP *** 
_SKR raises 310 to 330 and is all-in
hasanuki folds
Ass Kicker folds
_SKR collected 360 from pot
*** SUMMARY ***
Total pot 360 | No rake
Seat 1: _SKR (button) won 360


Winamax Poker - Tournament "Expresso Nitro" buyIn: 0.93€ + 0.07€ level: 1 - HandId: #2717829337536528385-4-1676236894 - Holdem no limit (10/20) - 2023/02/12 21:21:34 UTC
Table: 'Expresso Nitro(632793954)#0' 3-max (real money) Seat #2 is the button
Seat 1: _SKR (360)
Seat 2: hasanuki (250)
Seat 3: Ass Kicker (290)
*** ANTE/BLINDS ***
Ass Kicker posts small blind 10
_SKR posts big blind 20
Dealt to _SKR [3d Ks]
*** PRE-FLOP *** 
hasanuki folds
Ass Kicker raises 270 to 290 and is all-in
_SKR folds
Ass Kicker collected 310 from pot
*** SUMMARY ***
Total pot 310 | No rake
Seat 3: Ass Kicker (small blind) won 310


Winamax Poker - Tournament "Expresso Nitro" buyIn: 0.93€ + 0.07€ level: 1 - HandId: #2717829337536528385-5-1676236907 - Holdem no limit (10/20) - 2023/02/12 21:21:47 UTC
Table: 'Expresso Nitro(632793954)#0' 3-max (real money) Seat #3 is the button
Seat 1: _SKR (340)
Seat 2: hasanuki (250)
Seat 3: Ass Kicker (310)
*** ANTE/BLINDS ***
_SKR posts small blind 10
hasanuki posts big blind 20
Dealt to _SKR [5c 4s]
*** PRE-FLOP *** 
Ass Kicker raises 30 to 50
_SKR folds
hasanuki folds
Ass Kicker collected 80 from pot
*** SUMMARY ***
Total pot 80 | No rake
Seat 3: Ass Kicker (button) won 80


Winamax Poker - Tournament "Expresso Nitro" buyIn: 0.93€ + 0.07€ level: 2 - HandId: #2717829337536528385-6-1676236924 - Holdem no limit (15/30) - 2023/02/12 21:22:04 UTC
Table: 'Expresso Nitro(632793954)#0' 3-max (real money) Seat #1 is the button
Seat 1: _SKR (330)
Seat 2: hasanuki (230)
Seat 3: Ass Kicker (340)
*** ANTE/BLINDS ***
hasanuki posts small blind 15
Ass Kicker posts big blind 30
Dealt to _SKR [5c Ac]
*** PRE-FLOP *** 
_SKR raises 300 to 330 and is all-in
hasanuki folds
Ass Kicker folds
_SKR collected 375 from pot
*** SUMMARY ***
Total pot 375 | No rake
Seat 1: _SKR (button) won 375


Winamax Poker - Tournament "Expresso Nitro" buyIn: 0.93€ + 0.07€ level: 2 - HandId: #2717829337536528385-7-1676236931 - Holdem no limit (15/30) - 2023/02/12 21:22:11 UTC
Table: 'Expresso Nitro(632793954)#0' 3-max (real money) Seat #2 is the button
Seat 1: _SKR (375)
Seat 2: hasanuki (215)
Seat 3: Ass Kicker (310)
*** ANTE/BLINDS ***
Ass Kicker posts small blind 15
_SKR posts big blind 30
Dealt to _SKR [4s Ks]
*** PRE-FLOP *** 
hasanuki raises 185 to 215 and is all-in
Ass Kicker folds
_SKR folds
hasanuki collected 260 from pot
*** SUMMARY ***
Total pot 260 | No rake
Seat 2: hasanuki (button) won 260


Winamax Poker - Tournament "Expresso Nitro" buyIn: 0.93€ + 0.07€ level: 2 - HandId: #2717829337536528385-8-1676236941 - Holdem no limit (15/30) - 2023/02/12 21:22:21 UTC
Table: 'Expresso Nitro(632793954)#0' 3-max (real money) Seat #3 is the button
Seat 1: _SKR (345)
Seat 2: hasanuki (260)
Seat 3: Ass Kicker (295)
*** ANTE/BLINDS ***
_SKR posts small blind 15
hasanuki posts big blind 30
Dealt to _SKR [Qs Tc]
*** PRE-FLOP *** 
Ass Kicker folds
_SKR raises 315 to 345 and is all-in
hasanuki calls 230 and is all-in
*** FLOP *** [Jd 9c 7c]
*** TURN *** [Jd 9c 7c][4s]
*** RIVER *** [Jd 9c 7c 4s][8s]
*** SHOW DOWN ***
hasanuki shows [5h As] (High card : Ace)
_SKR shows [Qs Tc] (Straight Queen high)
_SKR collected 605 from pot
*** SUMMARY ***
Total pot 605 | No rake
Board: [Jd 9c 7c 4s 8s]
Seat 1: _SKR (small blind) showed [Qs Tc] and won 605 with Straight Queen high
Seat 2: hasanuki (big blind) showed [5h As] and lost with High card : Ace


Winamax Poker - Tournament "Expresso Nitro" buyIn: 0.93€ + 0.07€ level: 2 - HandId: #2717829337536528385-9-1676236956 - Holdem no limit (15/30) - 2023/02/12 21:22:36 UTC
Table: 'Expresso Nitro(632793954)#0' 3-max (real money) Seat #3 is the button
Seat 1: _SKR (605)
Seat 3: Ass Kicker (295)
*** ANTE/BLINDS ***
Ass Kicker posts small blind 15
_SKR posts big blind 30
Dealt to _SKR [Th 9d]
*** PRE-FLOP *** 
Ass Kicker folds
_SKR collected 45 from pot
*** SUMMARY ***
Total pot 45 | No rake
Seat 1: _SKR (big blind) won 45


Winamax Poker - Tournament "Expresso Nitro" buyIn: 0.93€ + 0.07€ level: 2 - HandId: #2717829337536528385-10-1676236962 - Holdem no limit (15/30) - 2023/02/12 21:22:42 UTC
Table: 'Expresso Nitro(632793954)#0' 3-max (real money) Seat #1 is the button
Seat 1: _SKR (620)
Seat 3: Ass Kicker (280)
*** ANTE/BLINDS ***
_SKR posts small blind 15
Ass Kicker posts big blind 30
Dealt to _SKR [8d 8h]
*** PRE-FLOP *** 
_SKR raises 590 to 620 and is all-in
Ass Kicker folds
_SKR collected 650 from pot
*** SUMMARY ***
Total pot 650 | No rake
Seat 1: _SKR (small blind) (button) won 650


Winamax Poker - Tournament "Expresso Nitro" buyIn: 0.93€ + 0.07€ level: 2 - HandId: #2717829337536528385-11-1676236970 - Holdem no limit (15/30) - 2023/02/12 21:22:50 UTC
Table: 'Expresso Nitro(632793954)#0' 3-max (real money) Seat #3 is the button
Seat 1: _SKR (650)
Seat 3: Ass Kicker (250)
*** ANTE/BLINDS ***
Ass Kicker posts small blind 15
_SKR posts big blind 30
Dealt to _SKR [Kd Ah]
*** PRE-FLOP *** 
Ass Kicker raises 220 to 250 and is all-in
_SKR raises 220 to 470
*** FLOP *** [3h 4h 9c]
*** TURN *** [3h 4h 9c][9h]
*** RIVER *** [3h 4h 9c 9h][2s]
*** SHOW DOWN ***
Ass Kicker shows [5d Js] (One pair : 9)
_SKR shows [Kd Ah] (One pair : 9)
_SKR collected 720 from pot
*** SUMMARY ***
Total pot 720 | No rake
Board: [3h 4h 9c 9h 2s]
Seat 1: _SKR (big blind) showed [Kd Ah] and won 720 with One pair : 9
Seat 3: Ass Kicker (small blind) (button) showed [5d Js] and lost with One pair : 9


