Winamax Poker - Tournament "Expresso Nitro" buyIn: 0.93€ + 0.07€ level: 1 - HandId: #2680847053482885121-1-1674081892 - Holdem no limit (10/20) - 2023/01/18 22:44:52 UTC
Table: 'Expresso Nitro(624183345)#0' 3-max (real money) Seat #3 is the button
Seat 1: fizoune53 (300)
Seat 2: _SKR (300)
Seat 3: PHIL 13 M (300)
*** ANTE/BLINDS ***
fizoune53 posts small blind 10
_SKR posts big blind 20
Dealt to _SKR [4h Th]
*** PRE-FLOP *** 
PHIL 13 M calls 20
fizoune53 raises 20 to 40
_SKR folds
PHIL 13 M calls 20
*** FLOP *** [3s 9h 5s]
fizoune53 checks
PHIL 13 M checks
*** TURN *** [3s 9h 5s][5d]
fizoune53 checks
PHIL 13 M checks
*** RIVER *** [3s 9h 5s 5d][6h]
fizoune53 bets 35
PHIL 13 M calls 35
*** SHOW DOWN ***
PHIL 13 M shows [7h Qs] (One pair : 5)
fizoune53 shows [6s As] (Two pairs : 6 and 5)
fizoune53 collected 170 from pot
*** SUMMARY ***
Total pot 170 | No rake
Board: [3s 9h 5s 5d 6h]
Seat 1: fizoune53 (small blind) showed [6s As] and won 170 with Two pairs : 6 and 5
Seat 3: PHIL 13 M (button) showed [7h Qs] and lost with One pair : 5


Winamax Poker - Tournament "Expresso Nitro" buyIn: 0.93€ + 0.07€ level: 1 - HandId: #2680847053482885121-2-1674081923 - Holdem no limit (10/20) - 2023/01/18 22:45:23 UTC
Table: 'Expresso Nitro(624183345)#0' 3-max (real money) Seat #1 is the button
Seat 1: fizoune53 (395)
Seat 2: _SKR (280)
Seat 3: PHIL 13 M (225)
*** ANTE/BLINDS ***
_SKR posts small blind 10
PHIL 13 M posts big blind 20
Dealt to _SKR [Kd 2d]
*** PRE-FLOP *** 
fizoune53 calls 20
_SKR folds
PHIL 13 M raises 20 to 40
fizoune53 folds
PHIL 13 M collected 70 from pot
*** SUMMARY ***
Total pot 70 | No rake
Seat 3: PHIL 13 M (big blind) won 70


Winamax Poker - Tournament "Expresso Nitro" buyIn: 0.93€ + 0.07€ level: 1 - HandId: #2680847053482885121-3-1674081943 - Holdem no limit (10/20) - 2023/01/18 22:45:43 UTC
Table: 'Expresso Nitro(624183345)#0' 3-max (real money) Seat #2 is the button
Seat 1: fizoune53 (375)
Seat 2: _SKR (270)
Seat 3: PHIL 13 M (255)
*** ANTE/BLINDS ***
PHIL 13 M posts small blind 10
fizoune53 posts big blind 20
Dealt to _SKR [5h 2c]
*** PRE-FLOP *** 
_SKR folds
PHIL 13 M calls 10
fizoune53 checks
*** FLOP *** [7c 3s 8d]
PHIL 13 M bets 20
fizoune53 folds
PHIL 13 M collected 60 from pot
*** SUMMARY ***
Total pot 60 | No rake
Board: [7c 3s 8d]
Seat 3: PHIL 13 M (small blind) won 60


Winamax Poker - Tournament "Expresso Nitro" buyIn: 0.93€ + 0.07€ level: 2 - HandId: #2680847053482885121-4-1674081974 - Holdem no limit (15/30) - 2023/01/18 22:46:14 UTC
Table: 'Expresso Nitro(624183345)#0' 3-max (real money) Seat #3 is the button
Seat 1: fizoune53 (355)
Seat 2: _SKR (270)
Seat 3: PHIL 13 M (275)
*** ANTE/BLINDS ***
fizoune53 posts small blind 15
_SKR posts big blind 30
Dealt to _SKR [3c 8s]
*** PRE-FLOP *** 
PHIL 13 M calls 30
fizoune53 folds
_SKR checks
*** FLOP *** [9c Qd 8c]
_SKR checks
PHIL 13 M bets 30
_SKR calls 30
*** TURN *** [9c Qd 8c][6s]
_SKR checks
PHIL 13 M bets 30
_SKR calls 30
*** RIVER *** [9c Qd 8c 6s][2d]
_SKR checks
PHIL 13 M bets 30
_SKR calls 30
*** SHOW DOWN ***
_SKR shows [3c 8s] (One pair : 8)
PHIL 13 M shows [Qh As] (One pair : Queens)
PHIL 13 M collected 255 from pot
*** SUMMARY ***
Total pot 255 | No rake
Board: [9c Qd 8c 6s 2d]
Seat 2: _SKR (big blind) showed [3c 8s] and lost with One pair : 8
Seat 3: PHIL 13 M (button) showed [Qh As] and won 255 with One pair : Queens


Winamax Poker - Tournament "Expresso Nitro" buyIn: 0.93€ + 0.07€ level: 3 - HandId: #2680847053482885121-5-1674082028 - Holdem no limit (20/40) - 2023/01/18 22:47:08 UTC
Table: 'Expresso Nitro(624183345)#0' 3-max (real money) Seat #1 is the button
Seat 1: fizoune53 (340)
Seat 2: _SKR (150)
Seat 3: PHIL 13 M (410)
*** ANTE/BLINDS ***
_SKR posts small blind 20
PHIL 13 M posts big blind 40
Dealt to _SKR [Qs Jd]
*** PRE-FLOP *** 
fizoune53 raises 300 to 340 and is all-in
_SKR folds
PHIL 13 M folds
fizoune53 collected 400 from pot
*** SUMMARY ***
Total pot 400 | No rake
Seat 1: fizoune53 (button) won 400


Winamax Poker - Tournament "Expresso Nitro" buyIn: 0.93€ + 0.07€ level: 3 - HandId: #2680847053482885121-6-1674082040 - Holdem no limit (20/40) - 2023/01/18 22:47:20 UTC
Table: 'Expresso Nitro(624183345)#0' 3-max (real money) Seat #2 is the button
Seat 1: fizoune53 (400)
Seat 2: _SKR (130)
Seat 3: PHIL 13 M (370)
*** ANTE/BLINDS ***
PHIL 13 M posts small blind 20
fizoune53 posts big blind 40
Dealt to _SKR [5c 9d]
*** PRE-FLOP *** 
_SKR folds
PHIL 13 M calls 20
fizoune53 checks
*** FLOP *** [4c Ad Jd]
PHIL 13 M bets 40
fizoune53 calls 40
*** TURN *** [4c Ad Jd][Jc]
PHIL 13 M bets 40
fizoune53 folds
PHIL 13 M collected 200 from pot
*** SUMMARY ***
Total pot 200 | No rake
Board: [4c Ad Jd Jc]
Seat 3: PHIL 13 M (small blind) won 200


Winamax Poker - Tournament "Expresso Nitro" buyIn: 0.93€ + 0.07€ level: 4 - HandId: #2680847053482885121-7-1674082068 - Holdem no limit (30/60) - 2023/01/18 22:47:48 UTC
Table: 'Expresso Nitro(624183345)#0' 3-max (real money) Seat #3 is the button
Seat 1: fizoune53 (320)
Seat 2: _SKR (130)
Seat 3: PHIL 13 M (450)
*** ANTE/BLINDS ***
fizoune53 posts small blind 30
_SKR posts big blind 60
Dealt to _SKR [3c 7s]
*** PRE-FLOP *** 
PHIL 13 M calls 60
fizoune53 folds
_SKR checks
*** FLOP *** [6s 7c Jc]
_SKR checks
PHIL 13 M bets 60
_SKR folds
PHIL 13 M collected 210 from pot
*** SUMMARY ***
Total pot 210 | No rake
Board: [6s 7c Jc]
Seat 3: PHIL 13 M (button) won 210


Winamax Poker - Tournament "Expresso Nitro" buyIn: 0.93€ + 0.07€ level: 4 - HandId: #2680847053482885121-8-1674082095 - Holdem no limit (30/60) - 2023/01/18 22:48:15 UTC
Table: 'Expresso Nitro(624183345)#0' 3-max (real money) Seat #1 is the button
Seat 1: fizoune53 (290)
Seat 2: _SKR (70)
Seat 3: PHIL 13 M (540)
*** ANTE/BLINDS ***
_SKR posts small blind 30
PHIL 13 M posts big blind 60
Dealt to _SKR [8d As]
*** PRE-FLOP *** 
fizoune53 folds
_SKR raises 10 to 70 and is all-in
PHIL 13 M calls 10
*** FLOP *** [3c Qc Jh]
*** TURN *** [3c Qc Jh][5d]
*** RIVER *** [3c Qc Jh 5d][6s]
*** SHOW DOWN ***
_SKR shows [8d As] (High card : Ace)
PHIL 13 M shows [7s 7c] (One pair : 7)
PHIL 13 M collected 140 from pot
*** SUMMARY ***
Total pot 140 | No rake
Board: [3c Qc Jh 5d 6s]
Seat 2: _SKR (small blind) showed [8d As] and lost with High card : Ace
Seat 3: PHIL 13 M (big blind) showed [7s 7c] and won 140 with One pair : 7


