Winamax Poker - Tournament "Expresso Nitro" buyIn: 0.93€ + 0.07€ level: 1 - HandId: #2718781407232000001-1-1676300054 - Holdem no limit (10/20) - 2023/02/13 14:54:14 UTC
Table: 'Expresso Nitro(633015625)#0' 3-max (real money) Seat #1 is the button
Seat 1: _SKR (300)
Seat 2: jvnejvne59 (300)
Seat 3: BugsBunny59 (300)
*** ANTE/BLINDS ***
jvnejvne59 posts small blind 10
BugsBunny59 posts big blind 20
Dealt to _SKR [7s Tc]
*** PRE-FLOP *** 
_SKR folds
jvnejvne59 calls 10
BugsBunny59 checks
*** FLOP *** [Ah Kh Js]
jvnejvne59 checks
BugsBunny59 bets 20
jvnejvne59 folds
BugsBunny59 collected 60 from pot
*** SUMMARY ***
Total pot 60 | No rake
Board: [Ah Kh Js]
Seat 3: BugsBunny59 (big blind) won 60


Winamax Poker - Tournament "Expresso Nitro" buyIn: 0.93€ + 0.07€ level: 1 - HandId: #2718781407232000001-2-1676300078 - Holdem no limit (10/20) - 2023/02/13 14:54:38 UTC
Table: 'Expresso Nitro(633015625)#0' 3-max (real money) Seat #2 is the button
Seat 1: _SKR (300)
Seat 2: jvnejvne59 (280)
Seat 3: BugsBunny59 (320)
*** ANTE/BLINDS ***
BugsBunny59 posts small blind 10
_SKR posts big blind 20
Dealt to _SKR [Th Jh]
*** PRE-FLOP *** 
jvnejvne59 calls 20
BugsBunny59 folds
_SKR checks
*** FLOP *** [5d Kc Tc]
_SKR checks
jvnejvne59 checks
*** TURN *** [5d Kc Tc][5s]
_SKR checks
jvnejvne59 checks
*** RIVER *** [5d Kc Tc 5s][Qc]
_SKR checks
jvnejvne59 bets 65
_SKR folds
jvnejvne59 collected 115 from pot
*** SUMMARY ***
Total pot 115 | No rake
Board: [5d Kc Tc 5s Qc]
Seat 2: jvnejvne59 (button) won 115


Winamax Poker - Tournament "Expresso Nitro" buyIn: 0.93€ + 0.07€ level: 2 - HandId: #2718781407232000001-3-1676300114 - Holdem no limit (15/30) - 2023/02/13 14:55:14 UTC
Table: 'Expresso Nitro(633015625)#0' 3-max (real money) Seat #3 is the button
Seat 1: _SKR (280)
Seat 2: jvnejvne59 (310)
Seat 3: BugsBunny59 (310)
*** ANTE/BLINDS ***
_SKR posts small blind 15
jvnejvne59 posts big blind 30
Dealt to _SKR [5c Qh]
*** PRE-FLOP *** 
BugsBunny59 calls 30
_SKR folds
jvnejvne59 checks
*** FLOP *** [2s Qs Ks]
jvnejvne59 checks
BugsBunny59 bets 30
jvnejvne59 calls 30
*** TURN *** [2s Qs Ks][8s]
jvnejvne59 bets 30
BugsBunny59 calls 30
*** RIVER *** [2s Qs Ks 8s][Kd]
jvnejvne59 bets 220 and is all-in
BugsBunny59 folds
jvnejvne59 collected 415 from pot
*** SUMMARY ***
Total pot 415 | No rake
Board: [2s Qs Ks 8s Kd]
Seat 2: jvnejvne59 (big blind) won 415


Winamax Poker - Tournament "Expresso Nitro" buyIn: 0.93€ + 0.07€ level: 2 - HandId: #2718781407232000001-4-1676300144 - Holdem no limit (15/30) - 2023/02/13 14:55:44 UTC
Table: 'Expresso Nitro(633015625)#0' 3-max (real money) Seat #1 is the button
Seat 1: _SKR (265)
Seat 2: jvnejvne59 (415)
Seat 3: BugsBunny59 (220)
*** ANTE/BLINDS ***
jvnejvne59 posts small blind 15
BugsBunny59 posts big blind 30
Dealt to _SKR [Jd 2h]
*** PRE-FLOP *** 
_SKR folds
jvnejvne59 calls 15
BugsBunny59 raises 190 to 220 and is all-in
jvnejvne59 folds
BugsBunny59 collected 250 from pot
*** SUMMARY ***
Total pot 250 | No rake
Seat 3: BugsBunny59 (big blind) won 250


Winamax Poker - Tournament "Expresso Nitro" buyIn: 0.93€ + 0.07€ level: 2 - HandId: #2718781407232000001-5-1676300162 - Holdem no limit (15/30) - 2023/02/13 14:56:02 UTC
Table: 'Expresso Nitro(633015625)#0' 3-max (real money) Seat #2 is the button
Seat 1: _SKR (265)
Seat 2: jvnejvne59 (385)
Seat 3: BugsBunny59 (250)
*** ANTE/BLINDS ***
BugsBunny59 posts small blind 15
_SKR posts big blind 30
Dealt to _SKR [9s Qc]
*** PRE-FLOP *** 
jvnejvne59 calls 30
BugsBunny59 raises 220 to 250 and is all-in
_SKR folds
jvnejvne59 folds
BugsBunny59 collected 310 from pot
*** SUMMARY ***
Total pot 310 | No rake
Seat 3: BugsBunny59 (small blind) won 310


Winamax Poker - Tournament "Expresso Nitro" buyIn: 0.93€ + 0.07€ level: 3 - HandId: #2718781407232000001-6-1676300175 - Holdem no limit (20/40) - 2023/02/13 14:56:15 UTC
Table: 'Expresso Nitro(633015625)#0' 3-max (real money) Seat #3 is the button
Seat 1: _SKR (235)
Seat 2: jvnejvne59 (355)
Seat 3: BugsBunny59 (310)
*** ANTE/BLINDS ***
_SKR posts small blind 20
jvnejvne59 posts big blind 40
Dealt to _SKR [3d 6d]
*** PRE-FLOP *** 
BugsBunny59 raises 270 to 310 and is all-in
_SKR folds
jvnejvne59 folds
BugsBunny59 collected 370 from pot
*** SUMMARY ***
Total pot 370 | No rake
Seat 3: BugsBunny59 (button) won 370


Winamax Poker - Tournament "Expresso Nitro" buyIn: 0.93€ + 0.07€ level: 3 - HandId: #2718781407232000001-7-1676300184 - Holdem no limit (20/40) - 2023/02/13 14:56:24 UTC
Table: 'Expresso Nitro(633015625)#0' 3-max (real money) Seat #1 is the button
Seat 1: _SKR (215)
Seat 2: jvnejvne59 (315)
Seat 3: BugsBunny59 (370)
*** ANTE/BLINDS ***
jvnejvne59 posts small blind 20
BugsBunny59 posts big blind 40
Dealt to _SKR [Qc Kc]
*** PRE-FLOP *** 
_SKR raises 175 to 215 and is all-in
jvnejvne59 folds
BugsBunny59 folds
_SKR collected 275 from pot
*** SUMMARY ***
Total pot 275 | No rake
Seat 1: _SKR (button) won 275


Winamax Poker - Tournament "Expresso Nitro" buyIn: 0.93€ + 0.07€ level: 4 - HandId: #2718781407232000001-8-1676300234 - Holdem no limit (30/60) - 2023/02/13 14:57:14 UTC
Table: 'Expresso Nitro(633015625)#0' 3-max (real money) Seat #2 is the button
Seat 1: _SKR (275)
Seat 2: jvnejvne59 (295)
Seat 3: BugsBunny59 (330)
*** ANTE/BLINDS ***
BugsBunny59 posts small blind 30
_SKR posts big blind 60
Dealt to _SKR [Jd 2h]
*** PRE-FLOP *** 
jvnejvne59 folds
BugsBunny59 raises 270 to 330 and is all-in
_SKR folds
BugsBunny59 collected 390 from pot
*** SUMMARY ***
Total pot 390 | No rake
Seat 3: BugsBunny59 (small blind) won 390


Winamax Poker - Tournament "Expresso Nitro" buyIn: 0.93€ + 0.07€ level: 4 - HandId: #2718781407232000001-9-1676300254 - Holdem no limit (30/60) - 2023/02/13 14:57:34 UTC
Table: 'Expresso Nitro(633015625)#0' 3-max (real money) Seat #3 is the button
Seat 1: _SKR (215)
Seat 2: jvnejvne59 (295)
Seat 3: BugsBunny59 (390)
*** ANTE/BLINDS ***
_SKR posts small blind 30
jvnejvne59 posts big blind 60
Dealt to _SKR [4c 6c]
*** PRE-FLOP *** 
BugsBunny59 raises 330 to 390 and is all-in
_SKR folds
jvnejvne59 calls 235 and is all-in
*** FLOP *** [6d 6s As]
*** TURN *** [6d 6s As][Qd]
*** RIVER *** [6d 6s As Qd][Qc]
*** SHOW DOWN ***
jvnejvne59 shows [Jc 2d] (Two pairs : Queens and 6)
BugsBunny59 shows [5s Ad] (Two pairs : Aces and Queens)
BugsBunny59 collected 715 from pot
*** SUMMARY ***
Total pot 715 | No rake
Board: [6d 6s As Qd Qc]
Seat 2: jvnejvne59 (big blind) showed [Jc 2d] and lost with Two pairs : Queens and 6
Seat 3: BugsBunny59 (button) showed [5s Ad] and won 715 with Two pairs : Aces and Queens


Winamax Poker - Tournament "Expresso Nitro" buyIn: 0.93€ + 0.07€ level: 4 - HandId: #2718781407232000001-10-1676300268 - Holdem no limit (30/60) - 2023/02/13 14:57:48 UTC
Table: 'Expresso Nitro(633015625)#0' 3-max (real money) Seat #3 is the button
Seat 1: _SKR (185)
Seat 3: BugsBunny59 (715)
*** ANTE/BLINDS ***
BugsBunny59 posts small blind 30
_SKR posts big blind 60
Dealt to _SKR [7c 8s]
*** PRE-FLOP *** 
BugsBunny59 raises 655 to 715 and is all-in
_SKR calls 125 and is all-in
*** FLOP *** [4c 3c Ks]
*** TURN *** [4c 3c Ks][Kh]
*** RIVER *** [4c 3c Ks Kh][8c]
*** SHOW DOWN ***
_SKR shows [7c 8s] (Two pairs : Kings and 8)
BugsBunny59 shows [As 9c] (One pair : Kings)
BugsBunny59 collected 530 from side pot 1
_SKR collected 370 from main pot
*** SUMMARY ***
Total pot 900 | No rake
Board: [4c 3c Ks Kh 8c]
Seat 1: _SKR (big blind) showed [7c 8s] and won 370 with Two pairs : Kings and 8
Seat 3: BugsBunny59 (small blind) (button) showed [As 9c] and won 530 with One pair : Kings


Winamax Poker - Tournament "Expresso Nitro" buyIn: 0.93€ + 0.07€ level: 4 - HandId: #2718781407232000001-11-1676300279 - Holdem no limit (30/60) - 2023/02/13 14:57:59 UTC
Table: 'Expresso Nitro(633015625)#0' 3-max (real money) Seat #1 is the button
Seat 1: _SKR (370)
Seat 3: BugsBunny59 (530)
*** ANTE/BLINDS ***
_SKR posts small blind 30
BugsBunny59 posts big blind 60
Dealt to _SKR [Ks 6h]
*** PRE-FLOP *** 
_SKR raises 310 to 370 and is all-in
BugsBunny59 raises 160 to 530 and is all-in
*** FLOP *** [Qd 8d 6d]
*** TURN *** [Qd 8d 6d][9d]
*** RIVER *** [Qd 8d 6d 9d][Jd]
*** SHOW DOWN ***
_SKR shows [Ks 6h] (Flush Queen high)
BugsBunny59 shows [6s Ac] (Flush Queen high)
BugsBunny59 collected 530 from side pot 1
_SKR collected 370 from main pot
*** SUMMARY ***
Total pot 900 | No rake
Board: [Qd 8d 6d 9d Jd]
Seat 1: _SKR (small blind) (button) showed [Ks 6h] and won 370 with Flush Queen high
Seat 3: BugsBunny59 (big blind) showed [6s Ac] and won 530 with Flush Queen high


Winamax Poker - Tournament "Expresso Nitro" buyIn: 0.93€ + 0.07€ level: 5 - HandId: #2718781407232000001-12-1676300290 - Holdem no limit (40/80) - 2023/02/13 14:58:10 UTC
Table: 'Expresso Nitro(633015625)#0' 3-max (real money) Seat #3 is the button
Seat 1: _SKR (370)
Seat 3: BugsBunny59 (530)
*** ANTE/BLINDS ***
BugsBunny59 posts small blind 40
_SKR posts big blind 80
Dealt to _SKR [4c Js]
*** PRE-FLOP *** 
BugsBunny59 calls 40
_SKR checks
*** FLOP *** [3s 3h 5d]
_SKR checks
BugsBunny59 bets 80
_SKR folds
BugsBunny59 collected 240 from pot
*** SUMMARY ***
Total pot 240 | No rake
Board: [3s 3h 5d]
Seat 3: BugsBunny59 (small blind) (button) won 240


Winamax Poker - Tournament "Expresso Nitro" buyIn: 0.93€ + 0.07€ level: 5 - HandId: #2718781407232000001-13-1676300298 - Holdem no limit (40/80) - 2023/02/13 14:58:18 UTC
Table: 'Expresso Nitro(633015625)#0' 3-max (real money) Seat #1 is the button
Seat 1: _SKR (290)
Seat 3: BugsBunny59 (610)
*** ANTE/BLINDS ***
_SKR posts small blind 40
BugsBunny59 posts big blind 80
Dealt to _SKR [Ac 2s]
*** PRE-FLOP *** 
_SKR raises 210 to 290 and is all-in
BugsBunny59 folds
_SKR collected 370 from pot
*** SUMMARY ***
Total pot 370 | No rake
Seat 1: _SKR (small blind) (button) won 370


Winamax Poker - Tournament "Expresso Nitro" buyIn: 0.93€ + 0.07€ level: 5 - HandId: #2718781407232000001-14-1676300302 - Holdem no limit (40/80) - 2023/02/13 14:58:22 UTC
Table: 'Expresso Nitro(633015625)#0' 3-max (real money) Seat #3 is the button
Seat 1: _SKR (370)
Seat 3: BugsBunny59 (530)
*** ANTE/BLINDS ***
BugsBunny59 posts small blind 40
_SKR posts big blind 80
Dealt to _SKR [7c 3s]
*** PRE-FLOP *** 
BugsBunny59 raises 450 to 530 and is all-in
_SKR folds
BugsBunny59 collected 610 from pot
*** SUMMARY ***
Total pot 610 | No rake
Seat 3: BugsBunny59 (small blind) (button) won 610


Winamax Poker - Tournament "Expresso Nitro" buyIn: 0.93€ + 0.07€ level: 5 - HandId: #2718781407232000001-15-1676300308 - Holdem no limit (40/80) - 2023/02/13 14:58:28 UTC
Table: 'Expresso Nitro(633015625)#0' 3-max (real money) Seat #1 is the button
Seat 1: _SKR (290)
Seat 3: BugsBunny59 (610)
*** ANTE/BLINDS ***
_SKR posts small blind 40
BugsBunny59 posts big blind 80
Dealt to _SKR [9h Qc]
*** PRE-FLOP *** 
_SKR raises 210 to 290 and is all-in
BugsBunny59 folds
_SKR collected 370 from pot
*** SUMMARY ***
Total pot 370 | No rake
Seat 1: _SKR (small blind) (button) won 370


Winamax Poker - Tournament "Expresso Nitro" buyIn: 0.93€ + 0.07€ level: 5 - HandId: #2718781407232000001-16-1676300312 - Holdem no limit (40/80) - 2023/02/13 14:58:32 UTC
Table: 'Expresso Nitro(633015625)#0' 3-max (real money) Seat #3 is the button
Seat 1: _SKR (370)
Seat 3: BugsBunny59 (530)
*** ANTE/BLINDS ***
BugsBunny59 posts small blind 40
_SKR posts big blind 80
Dealt to _SKR [3h Qc]
*** PRE-FLOP *** 
BugsBunny59 folds
_SKR collected 120 from pot
*** SUMMARY ***
Total pot 120 | No rake
Seat 1: _SKR (big blind) won 120


Winamax Poker - Tournament "Expresso Nitro" buyIn: 0.93€ + 0.07€ level: 5 - HandId: #2718781407232000001-17-1676300317 - Holdem no limit (40/80) - 2023/02/13 14:58:37 UTC
Table: 'Expresso Nitro(633015625)#0' 3-max (real money) Seat #1 is the button
Seat 1: _SKR (410)
Seat 3: BugsBunny59 (490)
*** ANTE/BLINDS ***
_SKR posts small blind 40
BugsBunny59 posts big blind 80
Dealt to _SKR [As Ks]
*** PRE-FLOP *** 
_SKR raises 330 to 410 and is all-in
BugsBunny59 folds
_SKR collected 490 from pot
*** SUMMARY ***
Total pot 490 | No rake
Seat 1: _SKR (small blind) (button) won 490


Winamax Poker - Tournament "Expresso Nitro" buyIn: 0.93€ + 0.07€ level: 5 - HandId: #2718781407232000001-18-1676300322 - Holdem no limit (40/80) - 2023/02/13 14:58:42 UTC
Table: 'Expresso Nitro(633015625)#0' 3-max (real money) Seat #3 is the button
Seat 1: _SKR (490)
Seat 3: BugsBunny59 (410)
*** ANTE/BLINDS ***
BugsBunny59 posts small blind 40
_SKR posts big blind 80
Dealt to _SKR [4h 3d]
*** PRE-FLOP *** 
BugsBunny59 raises 330 to 410 and is all-in
_SKR folds
BugsBunny59 collected 490 from pot
*** SUMMARY ***
Total pot 490 | No rake
Seat 3: BugsBunny59 (small blind) (button) won 490


Winamax Poker - Tournament "Expresso Nitro" buyIn: 0.93€ + 0.07€ level: 5 - HandId: #2718781407232000001-19-1676300327 - Holdem no limit (40/80) - 2023/02/13 14:58:47 UTC
Table: 'Expresso Nitro(633015625)#0' 3-max (real money) Seat #1 is the button
Seat 1: _SKR (410)
Seat 3: BugsBunny59 (490)
*** ANTE/BLINDS ***
_SKR posts small blind 40
BugsBunny59 posts big blind 80
Dealt to _SKR [Ks 9c]
*** PRE-FLOP *** 
_SKR raises 330 to 410 and is all-in
BugsBunny59 folds
_SKR collected 490 from pot
*** SUMMARY ***
Total pot 490 | No rake
Seat 1: _SKR (small blind) (button) won 490


Winamax Poker - Tournament "Expresso Nitro" buyIn: 0.93€ + 0.07€ level: 5 - HandId: #2718781407232000001-20-1676300332 - Holdem no limit (40/80) - 2023/02/13 14:58:52 UTC
Table: 'Expresso Nitro(633015625)#0' 3-max (real money) Seat #3 is the button
Seat 1: _SKR (490)
Seat 3: BugsBunny59 (410)
*** ANTE/BLINDS ***
BugsBunny59 posts small blind 40
_SKR posts big blind 80
Dealt to _SKR [As 7s]
*** PRE-FLOP *** 
BugsBunny59 folds
_SKR collected 120 from pot
*** SUMMARY ***
Total pot 120 | No rake
Seat 1: _SKR (big blind) won 120


Winamax Poker - Tournament "Expresso Nitro" buyIn: 0.93€ + 0.07€ level: 5 - HandId: #2718781407232000001-21-1676300335 - Holdem no limit (40/80) - 2023/02/13 14:58:55 UTC
Table: 'Expresso Nitro(633015625)#0' 3-max (real money) Seat #1 is the button
Seat 1: _SKR (530)
Seat 3: BugsBunny59 (370)
*** ANTE/BLINDS ***
_SKR posts small blind 40
BugsBunny59 posts big blind 80
Dealt to _SKR [7h Js]
*** PRE-FLOP *** 
_SKR raises 450 to 530 and is all-in
BugsBunny59 folds
_SKR collected 610 from pot
*** SUMMARY ***
Total pot 610 | No rake
Seat 1: _SKR (small blind) (button) won 610


Winamax Poker - Tournament "Expresso Nitro" buyIn: 0.93€ + 0.07€ level: 5 - HandId: #2718781407232000001-22-1676300344 - Holdem no limit (40/80) - 2023/02/13 14:59:04 UTC
Table: 'Expresso Nitro(633015625)#0' 3-max (real money) Seat #3 is the button
Seat 1: _SKR (610)
Seat 3: BugsBunny59 (290)
*** ANTE/BLINDS ***
BugsBunny59 posts small blind 40
_SKR posts big blind 80
Dealt to _SKR [6s 2s]
*** PRE-FLOP *** 
BugsBunny59 raises 210 to 290 and is all-in
_SKR folds
BugsBunny59 collected 370 from pot
*** SUMMARY ***
Total pot 370 | No rake
Seat 3: BugsBunny59 (small blind) (button) won 370


Winamax Poker - Tournament "Expresso Nitro" buyIn: 0.93€ + 0.07€ level: 6 - HandId: #2718781407232000001-23-1676300352 - Holdem no limit (50/100) - 2023/02/13 14:59:12 UTC
Table: 'Expresso Nitro(633015625)#0' 3-max (real money) Seat #1 is the button
Seat 1: _SKR (530)
Seat 3: BugsBunny59 (370)
*** ANTE/BLINDS ***
_SKR posts small blind 50
BugsBunny59 posts big blind 100
Dealt to _SKR [Jh 5c]
*** PRE-FLOP *** 
_SKR raises 430 to 530 and is all-in
BugsBunny59 calls 270 and is all-in
*** FLOP *** [Js 8d Jd]
*** TURN *** [Js 8d Jd][6h]
*** RIVER *** [Js 8d Jd 6h][7c]
*** SHOW DOWN ***
BugsBunny59 shows [7h Th] (Two pairs : Jacks and 7)
_SKR shows [Jh 5c] (Trips of Jacks)
_SKR collected 900 from pot
*** SUMMARY ***
Total pot 900 | No rake
Board: [Js 8d Jd 6h 7c]
Seat 1: _SKR (small blind) (button) showed [Jh 5c] and won 900 with Trips of Jacks
Seat 3: BugsBunny59 (big blind) showed [7h Th] and lost with Two pairs : Jacks and 7


