Winamax Poker - Tournament "Expresso Nitro" buyIn: 0.93€ + 0.07€ level: 1 - HandId: #2717229201756258305-1-1676212960 - Holdem no limit (10/20) - 2023/02/12 14:42:40 UTC
Table: 'Expresso Nitro(632654224)#0' 3-max (real money) Seat #3 is the button
Seat 1: _SKR (300)
Seat 2: LaBarrDeFer (300)
Seat 3: ToTalaTeX (300)
*** ANTE/BLINDS ***
_SKR posts small blind 10
LaBarrDeFer posts big blind 20
Dealt to _SKR [9d 4c]
*** PRE-FLOP *** 
ToTalaTeX raises 280 to 300 and is all-in
_SKR folds
LaBarrDeFer folds
ToTalaTeX collected 330 from pot
*** SUMMARY ***
Total pot 330 | No rake
Seat 3: ToTalaTeX (button) won 330


Winamax Poker - Tournament "Expresso Nitro" buyIn: 0.93€ + 0.07€ level: 1 - HandId: #2717229201756258305-2-1676212969 - Holdem no limit (10/20) - 2023/02/12 14:42:49 UTC
Table: 'Expresso Nitro(632654224)#0' 3-max (real money) Seat #1 is the button
Seat 1: _SKR (290)
Seat 2: LaBarrDeFer (280)
Seat 3: ToTalaTeX (330)
*** ANTE/BLINDS ***
LaBarrDeFer posts small blind 10
ToTalaTeX posts big blind 20
Dealt to _SKR [6c 4c]
*** PRE-FLOP *** 
_SKR folds
LaBarrDeFer folds
ToTalaTeX collected 30 from pot
*** SUMMARY ***
Total pot 30 | No rake
Seat 3: ToTalaTeX (big blind) won 30


Winamax Poker - Tournament "Expresso Nitro" buyIn: 0.93€ + 0.07€ level: 1 - HandId: #2717229201756258305-3-1676212974 - Holdem no limit (10/20) - 2023/02/12 14:42:54 UTC
Table: 'Expresso Nitro(632654224)#0' 3-max (real money) Seat #2 is the button
Seat 1: _SKR (290)
Seat 2: LaBarrDeFer (270)
Seat 3: ToTalaTeX (340)
*** ANTE/BLINDS ***
ToTalaTeX posts small blind 10
_SKR posts big blind 20
Dealt to _SKR [Qd 2c]
*** PRE-FLOP *** 
LaBarrDeFer folds
ToTalaTeX raises 320 to 340 and is all-in
_SKR folds
ToTalaTeX collected 360 from pot
*** SUMMARY ***
Total pot 360 | No rake
Seat 3: ToTalaTeX (small blind) won 360


Winamax Poker - Tournament "Expresso Nitro" buyIn: 0.93€ + 0.07€ level: 1 - HandId: #2717229201756258305-4-1676212985 - Holdem no limit (10/20) - 2023/02/12 14:43:05 UTC
Table: 'Expresso Nitro(632654224)#0' 3-max (real money) Seat #3 is the button
Seat 1: _SKR (270)
Seat 2: LaBarrDeFer (270)
Seat 3: ToTalaTeX (360)
*** ANTE/BLINDS ***
_SKR posts small blind 10
LaBarrDeFer posts big blind 20
Dealt to _SKR [Td 5d]
*** PRE-FLOP *** 
ToTalaTeX folds
_SKR calls 10
LaBarrDeFer checks
*** FLOP *** [9h 6d 7h]
_SKR bets 20
LaBarrDeFer calls 20
*** TURN *** [9h 6d 7h][Qd]
_SKR bets 40
LaBarrDeFer raises 40 to 80
_SKR calls 40
*** RIVER *** [9h 6d 7h Qd][2s]
_SKR checks
LaBarrDeFer bets 50
_SKR folds
LaBarrDeFer collected 290 from pot
*** SUMMARY ***
Total pot 290 | No rake
Board: [9h 6d 7h Qd 2s]
Seat 2: LaBarrDeFer (big blind) won 290


Winamax Poker - Tournament "Expresso Nitro" buyIn: 0.93€ + 0.07€ level: 1 - HandId: #2717229201756258305-5-1676213012 - Holdem no limit (10/20) - 2023/02/12 14:43:32 UTC
Table: 'Expresso Nitro(632654224)#0' 3-max (real money) Seat #1 is the button
Seat 1: _SKR (150)
Seat 2: LaBarrDeFer (390)
Seat 3: ToTalaTeX (360)
*** ANTE/BLINDS ***
LaBarrDeFer posts small blind 10
ToTalaTeX posts big blind 20
Dealt to _SKR [Kc 4d]
*** PRE-FLOP *** 
_SKR folds
LaBarrDeFer folds
ToTalaTeX collected 30 from pot
*** SUMMARY ***
Total pot 30 | No rake
Seat 3: ToTalaTeX (big blind) won 30


Winamax Poker - Tournament "Expresso Nitro" buyIn: 0.93€ + 0.07€ level: 2 - HandId: #2717229201756258305-6-1676213017 - Holdem no limit (15/30) - 2023/02/12 14:43:37 UTC
Table: 'Expresso Nitro(632654224)#0' 3-max (real money) Seat #2 is the button
Seat 1: _SKR (150)
Seat 2: LaBarrDeFer (380)
Seat 3: ToTalaTeX (370)
*** ANTE/BLINDS ***
ToTalaTeX posts small blind 15
_SKR posts big blind 30
Dealt to _SKR [3c 3d]
*** PRE-FLOP *** 
LaBarrDeFer folds
ToTalaTeX raises 340 to 370 and is all-in
_SKR calls 120 and is all-in
*** FLOP *** [4s 2c Ah]
*** TURN *** [4s 2c Ah][7d]
*** RIVER *** [4s 2c Ah 7d][Qc]
*** SHOW DOWN ***
_SKR shows [3c 3d] (One pair : 3)
ToTalaTeX shows [Ks Js] (High card : Ace)
ToTalaTeX collected 220 from side pot 1
_SKR collected 300 from main pot
*** SUMMARY ***
Total pot 520 | No rake
Board: [4s 2c Ah 7d Qc]
Seat 1: _SKR (big blind) showed [3c 3d] and won 300 with One pair : 3
Seat 3: ToTalaTeX (small blind) showed [Ks Js] and won 220 with High card : Ace


Winamax Poker - Tournament "Expresso Nitro" buyIn: 0.93€ + 0.07€ level: 2 - HandId: #2717229201756258305-7-1676213038 - Holdem no limit (15/30) - 2023/02/12 14:43:58 UTC
Table: 'Expresso Nitro(632654224)#0' 3-max (real money) Seat #3 is the button
Seat 1: _SKR (300)
Seat 2: LaBarrDeFer (380)
Seat 3: ToTalaTeX (220)
*** ANTE/BLINDS ***
_SKR posts small blind 15
LaBarrDeFer posts big blind 30
Dealt to _SKR [6c 4h]
*** PRE-FLOP *** 
ToTalaTeX folds
_SKR folds
LaBarrDeFer collected 45 from pot
*** SUMMARY ***
Total pot 45 | No rake
Seat 2: LaBarrDeFer (big blind) won 45


Winamax Poker - Tournament "Expresso Nitro" buyIn: 0.93€ + 0.07€ level: 2 - HandId: #2717229201756258305-8-1676213048 - Holdem no limit (15/30) - 2023/02/12 14:44:08 UTC
Table: 'Expresso Nitro(632654224)#0' 3-max (real money) Seat #1 is the button
Seat 1: _SKR (285)
Seat 2: LaBarrDeFer (395)
Seat 3: ToTalaTeX (220)
*** ANTE/BLINDS ***
LaBarrDeFer posts small blind 15
ToTalaTeX posts big blind 30
Dealt to _SKR [Ah 4h]
*** PRE-FLOP *** 
_SKR raises 255 to 285 and is all-in
LaBarrDeFer folds
ToTalaTeX folds
_SKR collected 330 from pot
*** SUMMARY ***
Total pot 330 | No rake
Seat 1: _SKR (button) won 330


Winamax Poker - Tournament "Expresso Nitro" buyIn: 0.93€ + 0.07€ level: 2 - HandId: #2717229201756258305-9-1676213059 - Holdem no limit (15/30) - 2023/02/12 14:44:19 UTC
Table: 'Expresso Nitro(632654224)#0' 3-max (real money) Seat #2 is the button
Seat 1: _SKR (330)
Seat 2: LaBarrDeFer (380)
Seat 3: ToTalaTeX (190)
*** ANTE/BLINDS ***
ToTalaTeX posts small blind 15
_SKR posts big blind 30
Dealt to _SKR [Qs 3c]
*** PRE-FLOP *** 
LaBarrDeFer raises 350 to 380 and is all-in
ToTalaTeX folds
_SKR folds
LaBarrDeFer collected 425 from pot
*** SUMMARY ***
Total pot 425 | No rake
Seat 2: LaBarrDeFer (button) won 425


Winamax Poker - Tournament "Expresso Nitro" buyIn: 0.93€ + 0.07€ level: 2 - HandId: #2717229201756258305-10-1676213069 - Holdem no limit (15/30) - 2023/02/12 14:44:29 UTC
Table: 'Expresso Nitro(632654224)#0' 3-max (real money) Seat #3 is the button
Seat 1: _SKR (300)
Seat 2: LaBarrDeFer (425)
Seat 3: ToTalaTeX (175)
*** ANTE/BLINDS ***
_SKR posts small blind 15
LaBarrDeFer posts big blind 30
Dealt to _SKR [Qd 3d]
*** PRE-FLOP *** 
ToTalaTeX folds
_SKR folds
LaBarrDeFer collected 45 from pot
*** SUMMARY ***
Total pot 45 | No rake
Seat 2: LaBarrDeFer (big blind) won 45


Winamax Poker - Tournament "Expresso Nitro" buyIn: 0.93€ + 0.07€ level: 3 - HandId: #2717229201756258305-11-1676213083 - Holdem no limit (20/40) - 2023/02/12 14:44:43 UTC
Table: 'Expresso Nitro(632654224)#0' 3-max (real money) Seat #1 is the button
Seat 1: _SKR (285)
Seat 2: LaBarrDeFer (440)
Seat 3: ToTalaTeX (175)
*** ANTE/BLINDS ***
LaBarrDeFer posts small blind 20
ToTalaTeX posts big blind 40
Dealt to _SKR [Kh 2s]
*** PRE-FLOP *** 
_SKR folds
LaBarrDeFer raises 400 to 440 and is all-in
ToTalaTeX calls 135 and is all-in
*** FLOP *** [Th 5d Qh]
*** TURN *** [Th 5d Qh][Js]
*** RIVER *** [Th 5d Qh Js][Ts]
*** SHOW DOWN ***
LaBarrDeFer shows [4s 4c] (Two pairs : Tens and 4)
ToTalaTeX shows [Kd Qc] (Two pairs : Queens and Tens)
ToTalaTeX collected 350 from main pot
LaBarrDeFer collected 265 from side pot 1
*** SUMMARY ***
Total pot 615 | No rake
Board: [Th 5d Qh Js Ts]
Seat 2: LaBarrDeFer (small blind) showed [4s 4c] and won 265 with Two pairs : Tens and 4
Seat 3: ToTalaTeX (big blind) showed [Kd Qc] and won 350 with Two pairs : Queens and Tens


Winamax Poker - Tournament "Expresso Nitro" buyIn: 0.93€ + 0.07€ level: 3 - HandId: #2717229201756258305-12-1676213116 - Holdem no limit (20/40) - 2023/02/12 14:45:16 UTC
Table: 'Expresso Nitro(632654224)#0' 3-max (real money) Seat #2 is the button
Seat 1: _SKR (285)
Seat 2: LaBarrDeFer (265)
Seat 3: ToTalaTeX (350)
*** ANTE/BLINDS ***
ToTalaTeX posts small blind 20
_SKR posts big blind 40
Dealt to _SKR [6d 6h]
*** PRE-FLOP *** 
LaBarrDeFer raises 225 to 265 and is all-in
ToTalaTeX calls 245
_SKR raises 20 to 285 and is all-in
ToTalaTeX calls 20
*** FLOP *** [Jd 9c 7c]
*** TURN *** [Jd 9c 7c][Kd]
*** RIVER *** [Jd 9c 7c Kd][9d]
*** SHOW DOWN ***
_SKR shows [6d 6h] (Two pairs : 9 and 6)
LaBarrDeFer shows [Qs 8h] (One pair : 9)
ToTalaTeX shows [Tc Qd] (Straight King high)
ToTalaTeX collected 835 from pot
*** SUMMARY ***
Total pot 835 | No rake
Board: [Jd 9c 7c Kd 9d]
Seat 1: _SKR (big blind) showed [6d 6h] and lost with Two pairs : 9 and 6
Seat 2: LaBarrDeFer (button) showed [Qs 8h] and lost with One pair : 9
Seat 3: ToTalaTeX (small blind) showed [Tc Qd] and won 835 with Straight King high


