Winamax Poker - Tournament "Expresso Nitro" buyIn: 1.86€ + 0.14€ level: 1 - HandId: #2677119034754859009-1-1673877989 - Holdem no limit (10/20) - 2023/01/16 14:06:29 UTC
Table: 'Expresso Nitro(623315348)#0' 3-max (real money) Seat #3 is the button
Seat 1: Vanessa Kade (300)
Seat 2: _SKR (300)
Seat 3: Tropchoupi (300)
*** ANTE/BLINDS ***
Vanessa Kade posts small blind 10
_SKR posts big blind 20
Dealt to _SKR [8d 6s]
*** PRE-FLOP *** 
Tropchoupi folds
Vanessa Kade raises 280 to 300 and is all-in
_SKR folds
Vanessa Kade collected 320 from pot
*** SUMMARY ***
Total pot 320 | No rake
Seat 1: Vanessa Kade (small blind) won 320


Winamax Poker - Tournament "Expresso Nitro" buyIn: 1.86€ + 0.14€ level: 1 - HandId: #2677119034754859009-2-1673877996 - Holdem no limit (10/20) - 2023/01/16 14:06:36 UTC
Table: 'Expresso Nitro(623315348)#0' 3-max (real money) Seat #1 is the button
Seat 1: Vanessa Kade (320)
Seat 2: _SKR (280)
Seat 3: Tropchoupi (300)
*** ANTE/BLINDS ***
_SKR posts small blind 10
Tropchoupi posts big blind 20
Dealt to _SKR [4d 2s]
*** PRE-FLOP *** 
Vanessa Kade folds
_SKR folds
Tropchoupi collected 30 from pot
*** SUMMARY ***
Total pot 30 | No rake
Seat 3: Tropchoupi (big blind) won 30


Winamax Poker - Tournament "Expresso Nitro" buyIn: 1.86€ + 0.14€ level: 1 - HandId: #2677119034754859009-3-1673878005 - Holdem no limit (10/20) - 2023/01/16 14:06:45 UTC
Table: 'Expresso Nitro(623315348)#0' 3-max (real money) Seat #2 is the button
Seat 1: Vanessa Kade (320)
Seat 2: _SKR (270)
Seat 3: Tropchoupi (310)
*** ANTE/BLINDS ***
Tropchoupi posts small blind 10
Vanessa Kade posts big blind 20
Dealt to _SKR [6h 5h]
*** PRE-FLOP *** 
_SKR folds
Tropchoupi raises 40 to 60
Vanessa Kade calls 40
*** FLOP *** [8s 7s 4d]
Tropchoupi bets 250 and is all-in
Vanessa Kade folds
Tropchoupi collected 370 from pot
*** SUMMARY ***
Total pot 370 | No rake
Board: [8s 7s 4d]
Seat 3: Tropchoupi (small blind) won 370


Winamax Poker - Tournament "Expresso Nitro" buyIn: 1.86€ + 0.14€ level: 1 - HandId: #2677119034754859009-4-1673878020 - Holdem no limit (10/20) - 2023/01/16 14:07:00 UTC
Table: 'Expresso Nitro(623315348)#0' 3-max (real money) Seat #3 is the button
Seat 1: Vanessa Kade (260)
Seat 2: _SKR (270)
Seat 3: Tropchoupi (370)
*** ANTE/BLINDS ***
Vanessa Kade posts small blind 10
_SKR posts big blind 20
Dealt to _SKR [8s 9d]
*** PRE-FLOP *** 
Tropchoupi calls 20
Vanessa Kade folds
_SKR checks
*** FLOP *** [Kd Qs Ts]
_SKR checks
Tropchoupi bets 20
_SKR folds
Tropchoupi collected 70 from pot
*** SUMMARY ***
Total pot 70 | No rake
Board: [Kd Qs Ts]
Seat 3: Tropchoupi (button) won 70


Winamax Poker - Tournament "Expresso Nitro" buyIn: 1.86€ + 0.14€ level: 1 - HandId: #2677119034754859009-5-1673878032 - Holdem no limit (10/20) - 2023/01/16 14:07:12 UTC
Table: 'Expresso Nitro(623315348)#0' 3-max (real money) Seat #1 is the button
Seat 1: Vanessa Kade (250)
Seat 2: _SKR (250)
Seat 3: Tropchoupi (400)
*** ANTE/BLINDS ***
_SKR posts small blind 10
Tropchoupi posts big blind 20
Dealt to _SKR [3d 2s]
*** PRE-FLOP *** 
Vanessa Kade folds
_SKR folds
Tropchoupi collected 30 from pot
*** SUMMARY ***
Total pot 30 | No rake
Seat 3: Tropchoupi (big blind) won 30


Winamax Poker - Tournament "Expresso Nitro" buyIn: 1.86€ + 0.14€ level: 1 - HandId: #2677119034754859009-6-1673878037 - Holdem no limit (10/20) - 2023/01/16 14:07:17 UTC
Table: 'Expresso Nitro(623315348)#0' 3-max (real money) Seat #2 is the button
Seat 1: Vanessa Kade (250)
Seat 2: _SKR (240)
Seat 3: Tropchoupi (410)
*** ANTE/BLINDS ***
Tropchoupi posts small blind 10
Vanessa Kade posts big blind 20
Dealt to _SKR [Qh 9h]
*** PRE-FLOP *** 
_SKR raises 20 to 40
Tropchoupi folds
Vanessa Kade folds
_SKR collected 70 from pot
*** SUMMARY ***
Total pot 70 | No rake
Seat 2: _SKR (button) won 70


Winamax Poker - Tournament "Expresso Nitro" buyIn: 1.86€ + 0.14€ level: 1 - HandId: #2677119034754859009-7-1673878043 - Holdem no limit (10/20) - 2023/01/16 14:07:23 UTC
Table: 'Expresso Nitro(623315348)#0' 3-max (real money) Seat #3 is the button
Seat 1: Vanessa Kade (230)
Seat 2: _SKR (270)
Seat 3: Tropchoupi (400)
*** ANTE/BLINDS ***
Vanessa Kade posts small blind 10
_SKR posts big blind 20
Dealt to _SKR [3d 5d]
*** PRE-FLOP *** 
Tropchoupi folds
Vanessa Kade raises 210 to 230 and is all-in
_SKR folds
Vanessa Kade collected 250 from pot
*** SUMMARY ***
Total pot 250 | No rake
Seat 1: Vanessa Kade (small blind) won 250


Winamax Poker - Tournament "Expresso Nitro" buyIn: 1.86€ + 0.14€ level: 2 - HandId: #2677119034754859009-8-1673878056 - Holdem no limit (15/30) - 2023/01/16 14:07:36 UTC
Table: 'Expresso Nitro(623315348)#0' 3-max (real money) Seat #1 is the button
Seat 1: Vanessa Kade (250)
Seat 2: _SKR (250)
Seat 3: Tropchoupi (400)
*** ANTE/BLINDS ***
_SKR posts small blind 15
Tropchoupi posts big blind 30
Dealt to _SKR [6h 6d]
*** PRE-FLOP *** 
Vanessa Kade folds
_SKR raises 220 to 250 and is all-in
Tropchoupi folds
_SKR collected 280 from pot
*** SUMMARY ***
Total pot 280 | No rake
Seat 2: _SKR (small blind) won 280


Winamax Poker - Tournament "Expresso Nitro" buyIn: 1.86€ + 0.14€ level: 2 - HandId: #2677119034754859009-9-1673878062 - Holdem no limit (15/30) - 2023/01/16 14:07:42 UTC
Table: 'Expresso Nitro(623315348)#0' 3-max (real money) Seat #2 is the button
Seat 1: Vanessa Kade (250)
Seat 2: _SKR (280)
Seat 3: Tropchoupi (370)
*** ANTE/BLINDS ***
Tropchoupi posts small blind 15
Vanessa Kade posts big blind 30
Dealt to _SKR [2d 2c]
*** PRE-FLOP *** 
_SKR raises 250 to 280 and is all-in
Tropchoupi folds
Vanessa Kade folds
_SKR collected 325 from pot
*** SUMMARY ***
Total pot 325 | No rake
Seat 2: _SKR (button) won 325


Winamax Poker - Tournament "Expresso Nitro" buyIn: 1.86€ + 0.14€ level: 2 - HandId: #2677119034754859009-10-1673878072 - Holdem no limit (15/30) - 2023/01/16 14:07:52 UTC
Table: 'Expresso Nitro(623315348)#0' 3-max (real money) Seat #3 is the button
Seat 1: Vanessa Kade (220)
Seat 2: _SKR (325)
Seat 3: Tropchoupi (355)
*** ANTE/BLINDS ***
Vanessa Kade posts small blind 15
_SKR posts big blind 30
Dealt to _SKR [5s Kc]
*** PRE-FLOP *** 
Tropchoupi raises 325 to 355 and is all-in
Vanessa Kade calls 205 and is all-in
_SKR folds
*** FLOP *** [9s 5h 6s]
*** TURN *** [9s 5h 6s][3d]
*** RIVER *** [9s 5h 6s 3d][6h]
*** SHOW DOWN ***
Vanessa Kade shows [Td Ks] (One pair : 6)
Tropchoupi shows [4s 4h] (Two pairs : 6 and 4)
Tropchoupi collected 605 from pot
*** SUMMARY ***
Total pot 605 | No rake
Board: [9s 5h 6s 3d 6h]
Seat 1: Vanessa Kade (small blind) showed [Td Ks] and lost with One pair : 6
Seat 3: Tropchoupi (button) showed [4s 4h] and won 605 with Two pairs : 6 and 4


Winamax Poker - Tournament "Expresso Nitro" buyIn: 1.86€ + 0.14€ level: 2 - HandId: #2677119034754859009-11-1673878092 - Holdem no limit (15/30) - 2023/01/16 14:08:12 UTC
Table: 'Expresso Nitro(623315348)#0' 3-max (real money) Seat #2 is the button
Seat 2: _SKR (295)
Seat 3: Tropchoupi (605)
*** ANTE/BLINDS ***
_SKR posts small blind 15
Tropchoupi posts big blind 30
Dealt to _SKR [3d Ts]
*** PRE-FLOP *** 
_SKR folds
Tropchoupi collected 45 from pot
*** SUMMARY ***
Total pot 45 | No rake
Seat 3: Tropchoupi (big blind) won 45


Winamax Poker - Tournament "Expresso Nitro" buyIn: 1.86€ + 0.14€ level: 2 - HandId: #2677119034754859009-12-1673878095 - Holdem no limit (15/30) - 2023/01/16 14:08:15 UTC
Table: 'Expresso Nitro(623315348)#0' 3-max (real money) Seat #3 is the button
Seat 2: _SKR (280)
Seat 3: Tropchoupi (620)
*** ANTE/BLINDS ***
Tropchoupi posts small blind 15
_SKR posts big blind 30
Dealt to _SKR [Qd 4d]
*** PRE-FLOP *** 
Tropchoupi folds
_SKR collected 45 from pot
*** SUMMARY ***
Total pot 45 | No rake
Seat 2: _SKR (big blind) won 45


Winamax Poker - Tournament "Expresso Nitro" buyIn: 1.86€ + 0.14€ level: 2 - HandId: #2677119034754859009-13-1673878099 - Holdem no limit (15/30) - 2023/01/16 14:08:19 UTC
Table: 'Expresso Nitro(623315348)#0' 3-max (real money) Seat #2 is the button
Seat 2: _SKR (295)
Seat 3: Tropchoupi (605)
*** ANTE/BLINDS ***
_SKR posts small blind 15
Tropchoupi posts big blind 30
Dealt to _SKR [Kh 9c]
*** PRE-FLOP *** 
_SKR raises 265 to 295 and is all-in
Tropchoupi calls 265
*** FLOP *** [8d 7s 4d]
*** TURN *** [8d 7s 4d][9h]
*** RIVER *** [8d 7s 4d 9h][6c]
*** SHOW DOWN ***
_SKR shows [Kh 9c] (One pair : 9)
Tropchoupi shows [Kc Td] (Straight Ten high)
Tropchoupi collected 590 from pot
*** SUMMARY ***
Total pot 590 | No rake
Board: [8d 7s 4d 9h 6c]
Seat 2: _SKR (small blind) (button) showed [Kh 9c] and lost with One pair : 9
Seat 3: Tropchoupi (big blind) showed [Kc Td] and won 590 with Straight Ten high


