Winamax Poker - Tournament "Expresso Nitro" buyIn: 0.93€ + 0.07€ level: 1 - HandId: #2730611765799813121-1-1676988586 - Holdem no limit (10/20) - 2023/02/21 14:09:46 UTC
Table: 'Expresso Nitro(635770095)#0' 3-max (real money) Seat #1 is the button
Seat 1: LeBoardLaid (300)
Seat 2: Le-Pacifiste (300)
Seat 3: _SKR (300)
*** ANTE/BLINDS ***
Le-Pacifiste posts small blind 10
_SKR posts big blind 20
Dealt to _SKR [5s Qd]
*** PRE-FLOP *** 
LeBoardLaid folds
Le-Pacifiste folds
_SKR collected 30 from pot
*** SUMMARY ***
Total pot 30 | No rake
Seat 3: _SKR (big blind) won 30


Winamax Poker - Tournament "Expresso Nitro" buyIn: 0.93€ + 0.07€ level: 1 - HandId: #2730611765799813121-2-1676988591 - Holdem no limit (10/20) - 2023/02/21 14:09:51 UTC
Table: 'Expresso Nitro(635770095)#0' 3-max (real money) Seat #2 is the button
Seat 1: LeBoardLaid (300)
Seat 2: Le-Pacifiste (290)
Seat 3: _SKR (310)
*** ANTE/BLINDS ***
_SKR posts small blind 10
LeBoardLaid posts big blind 20
Dealt to _SKR [2s 2d]
*** PRE-FLOP *** 
Le-Pacifiste raises 50 to 70
_SKR folds
LeBoardLaid folds
Le-Pacifiste collected 100 from pot
*** SUMMARY ***
Total pot 100 | No rake
Seat 2: Le-Pacifiste (button) won 100


Winamax Poker - Tournament "Expresso Nitro" buyIn: 0.93€ + 0.07€ level: 1 - HandId: #2730611765799813121-3-1676988601 - Holdem no limit (10/20) - 2023/02/21 14:10:01 UTC
Table: 'Expresso Nitro(635770095)#0' 3-max (real money) Seat #3 is the button
Seat 1: LeBoardLaid (280)
Seat 2: Le-Pacifiste (320)
Seat 3: _SKR (300)
*** ANTE/BLINDS ***
LeBoardLaid posts small blind 10
Le-Pacifiste posts big blind 20
Dealt to _SKR [4h 6d]
*** PRE-FLOP *** 
_SKR folds
LeBoardLaid raises 260 to 280 and is all-in
Le-Pacifiste folds
LeBoardLaid collected 300 from pot
*** SUMMARY ***
Total pot 300 | No rake
Seat 1: LeBoardLaid (small blind) won 300


Winamax Poker - Tournament "Expresso Nitro" buyIn: 0.93€ + 0.07€ level: 1 - HandId: #2730611765799813121-4-1676988608 - Holdem no limit (10/20) - 2023/02/21 14:10:08 UTC
Table: 'Expresso Nitro(635770095)#0' 3-max (real money) Seat #1 is the button
Seat 1: LeBoardLaid (300)
Seat 2: Le-Pacifiste (300)
Seat 3: _SKR (300)
*** ANTE/BLINDS ***
Le-Pacifiste posts small blind 10
_SKR posts big blind 20
Dealt to _SKR [6h Qd]
*** PRE-FLOP *** 
LeBoardLaid raises 280 to 300 and is all-in
Le-Pacifiste folds
_SKR folds
LeBoardLaid collected 330 from pot
*** SUMMARY ***
Total pot 330 | No rake
Seat 1: LeBoardLaid (button) won 330


Winamax Poker - Tournament "Expresso Nitro" buyIn: 0.93€ + 0.07€ level: 1 - HandId: #2730611765799813121-5-1676988621 - Holdem no limit (10/20) - 2023/02/21 14:10:21 UTC
Table: 'Expresso Nitro(635770095)#0' 3-max (real money) Seat #2 is the button
Seat 1: LeBoardLaid (330)
Seat 2: Le-Pacifiste (290)
Seat 3: _SKR (280)
*** ANTE/BLINDS ***
_SKR posts small blind 10
LeBoardLaid posts big blind 20
Dealt to _SKR [3h 2d]
*** PRE-FLOP *** 
Le-Pacifiste folds
_SKR folds
LeBoardLaid collected 30 from pot
*** SUMMARY ***
Total pot 30 | No rake
Seat 1: LeBoardLaid (big blind) won 30


Winamax Poker - Tournament "Expresso Nitro" buyIn: 0.93€ + 0.07€ level: 1 - HandId: #2730611765799813121-6-1676988628 - Holdem no limit (10/20) - 2023/02/21 14:10:28 UTC
Table: 'Expresso Nitro(635770095)#0' 3-max (real money) Seat #3 is the button
Seat 1: LeBoardLaid (340)
Seat 2: Le-Pacifiste (290)
Seat 3: _SKR (270)
*** ANTE/BLINDS ***
LeBoardLaid posts small blind 10
Le-Pacifiste posts big blind 20
Dealt to _SKR [5c As]
*** PRE-FLOP *** 
_SKR raises 250 to 270 and is all-in
LeBoardLaid folds
Le-Pacifiste calls 250
*** FLOP *** [5d 3h Jd]
*** TURN *** [5d 3h Jd][8d]
*** RIVER *** [5d 3h Jd 8d][9s]
*** SHOW DOWN ***
_SKR shows [5c As] (One pair : 5)
Le-Pacifiste shows [7s 7c] (One pair : 7)
Le-Pacifiste collected 550 from pot
*** SUMMARY ***
Total pot 550 | No rake
Board: [5d 3h Jd 8d 9s]
Seat 2: Le-Pacifiste (big blind) showed [7s 7c] and won 550 with One pair : 7
Seat 3: _SKR (button) showed [5c As] and lost with One pair : 5


