Winamax Poker - Tournament "Expresso Nitro" buyIn: 0.93€ + 0.07€ level: 1 - HandId: #2680835680409485313-1-1674081483 - Holdem no limit (10/20) - 2023/01/18 22:38:03 UTC
Table: 'Expresso Nitro(624180697)#0' 3-max (real money) Seat #3 is the button
Seat 1: Ziann22 (300)
Seat 2: _SKR (300)
Seat 3: Zbeubzbeub92 (300)
*** ANTE/BLINDS ***
Ziann22 posts small blind 10
_SKR posts big blind 20
Dealt to _SKR [2s 6c]
*** PRE-FLOP *** 
Zbeubzbeub92 raises 20 to 40
Ziann22 calls 30
_SKR folds
*** FLOP *** [Kh Qc Jd]
Ziann22 checks
Zbeubzbeub92 bets 80
Ziann22 folds
Zbeubzbeub92 collected 180 from pot
*** SUMMARY ***
Total pot 180 | No rake
Board: [Kh Qc Jd]
Seat 3: Zbeubzbeub92 (button) won 180


Winamax Poker - Tournament "Expresso Nitro" buyIn: 0.93€ + 0.07€ level: 1 - HandId: #2680835680409485313-2-1674081506 - Holdem no limit (10/20) - 2023/01/18 22:38:26 UTC
Table: 'Expresso Nitro(624180697)#0' 3-max (real money) Seat #1 is the button
Seat 1: Ziann22 (260)
Seat 2: _SKR (280)
Seat 3: Zbeubzbeub92 (360)
*** ANTE/BLINDS ***
_SKR posts small blind 10
Zbeubzbeub92 posts big blind 20
Dealt to _SKR [5c Ks]
*** PRE-FLOP *** 
Ziann22 calls 20
_SKR folds
Zbeubzbeub92 checks
*** FLOP *** [5s Ts Kc]
Zbeubzbeub92 checks
Ziann22 checks
*** TURN *** [5s Ts Kc][4d]
Zbeubzbeub92 checks
Ziann22 bets 20
Zbeubzbeub92 calls 20
*** RIVER *** [5s Ts Kc 4d][9c]
Zbeubzbeub92 bets 59
Ziann22 raises 59 to 118
Zbeubzbeub92 calls 59
*** SHOW DOWN ***
Zbeubzbeub92 shows [9s 4s] (Two pairs : 9 and 4)
Ziann22 shows [Kh 5h] (Two pairs : Kings and 5)
Ziann22 collected 326 from pot
*** SUMMARY ***
Total pot 326 | No rake
Board: [5s Ts Kc 4d 9c]
Seat 1: Ziann22 (button) showed [Kh 5h] and won 326 with Two pairs : Kings and 5
Seat 3: Zbeubzbeub92 (big blind) showed [9s 4s] and lost with Two pairs : 9 and 4


Winamax Poker - Tournament "Expresso Nitro" buyIn: 0.93€ + 0.07€ level: 2 - HandId: #2680835680409485313-3-1674081545 - Holdem no limit (15/30) - 2023/01/18 22:39:05 UTC
Table: 'Expresso Nitro(624180697)#0' 3-max (real money) Seat #2 is the button
Seat 1: Ziann22 (428)
Seat 2: _SKR (270)
Seat 3: Zbeubzbeub92 (202)
*** ANTE/BLINDS ***
Zbeubzbeub92 posts small blind 15
Ziann22 posts big blind 30
Dealt to _SKR [Qh 2c]
*** PRE-FLOP *** 
_SKR folds
Zbeubzbeub92 raises 172 to 202 and is all-in
Ziann22 folds
Zbeubzbeub92 collected 232 from pot
*** SUMMARY ***
Total pot 232 | No rake
Seat 3: Zbeubzbeub92 (small blind) won 232


Winamax Poker - Tournament "Expresso Nitro" buyIn: 0.93€ + 0.07€ level: 2 - HandId: #2680835680409485313-4-1674081560 - Holdem no limit (15/30) - 2023/01/18 22:39:20 UTC
Table: 'Expresso Nitro(624180697)#0' 3-max (real money) Seat #3 is the button
Seat 1: Ziann22 (398)
Seat 2: _SKR (270)
Seat 3: Zbeubzbeub92 (232)
*** ANTE/BLINDS ***
Ziann22 posts small blind 15
_SKR posts big blind 30
Dealt to _SKR [As Ac]
*** PRE-FLOP *** 
Zbeubzbeub92 raises 30 to 60
Ziann22 folds
_SKR calls 30
*** FLOP *** [Kh 5d Ks]
_SKR checks
Zbeubzbeub92 checks
*** TURN *** [Kh 5d Ks][Ts]
_SKR checks
Zbeubzbeub92 checks
*** RIVER *** [Kh 5d Ks Ts][Kd]
_SKR bets 210 and is all-in
Zbeubzbeub92 calls 172 and is all-in
*** SHOW DOWN ***
_SKR shows [As Ac] (Full of Kings and Aces)
Zbeubzbeub92 shows [5c Kc] (Quads of Kings)
Zbeubzbeub92 collected 479 from main pot
_SKR collected 38 from side pot 1
*** SUMMARY ***
Total pot 517 | No rake
Board: [Kh 5d Ks Ts Kd]
Seat 2: _SKR (big blind) showed [As Ac] and won 38 with Full of Kings and Aces
Seat 3: Zbeubzbeub92 (button) showed [5c Kc] and won 479 with Quads of Kings


Winamax Poker - Tournament "Expresso Nitro" buyIn: 0.93€ + 0.07€ level: 3 - HandId: #2680835680409485313-5-1674081602 - Holdem no limit (20/40) - 2023/01/18 22:40:02 UTC
Table: 'Expresso Nitro(624180697)#0' 3-max (real money) Seat #1 is the button
Seat 1: Ziann22 (383)
Seat 2: _SKR (38)
Seat 3: Zbeubzbeub92 (479)
*** ANTE/BLINDS ***
_SKR posts small blind 20
Zbeubzbeub92 posts big blind 40
Dealt to _SKR [7c 8c]
*** PRE-FLOP *** 
Ziann22 calls 40
_SKR calls 18 and is all-in
Zbeubzbeub92 checks
*** FLOP *** [6h Qd Ad]
Zbeubzbeub92 checks
Ziann22 checks
*** TURN *** [6h Qd Ad][Jc]
Zbeubzbeub92 checks
Ziann22 checks
*** RIVER *** [6h Qd Ad Jc][4d]
Zbeubzbeub92 checks
Ziann22 checks
*** SHOW DOWN ***
Zbeubzbeub92 shows [2s 7h] (High card : Ace)
Ziann22 shows [8s 5d] (High card : Ace)
_SKR shows [7c 8c] (High card : Ace)
_SKR collected 114 from main pot
Ziann22 collected 4 from side pot 1
*** SUMMARY ***
Total pot 118 | No rake
Board: [6h Qd Ad Jc 4d]
Seat 1: Ziann22 (button) showed [8s 5d] and won 4 with High card : Ace
Seat 2: _SKR (small blind) showed [7c 8c] and won 114 with High card : Ace
Seat 3: Zbeubzbeub92 (big blind) showed [2s 7h] and lost with High card : Ace


Winamax Poker - Tournament "Expresso Nitro" buyIn: 0.93€ + 0.07€ level: 3 - HandId: #2680835680409485313-6-1674081629 - Holdem no limit (20/40) - 2023/01/18 22:40:29 UTC
Table: 'Expresso Nitro(624180697)#0' 3-max (real money) Seat #2 is the button
Seat 1: Ziann22 (347)
Seat 2: _SKR (114)
Seat 3: Zbeubzbeub92 (439)
*** ANTE/BLINDS ***
Zbeubzbeub92 posts small blind 20
Ziann22 posts big blind 40
Dealt to _SKR [6s 3d]
*** PRE-FLOP *** 
_SKR folds
Zbeubzbeub92 folds
Ziann22 collected 60 from pot
*** SUMMARY ***
Total pot 60 | No rake
Seat 1: Ziann22 (big blind) won 60


Winamax Poker - Tournament "Expresso Nitro" buyIn: 0.93€ + 0.07€ level: 3 - HandId: #2680835680409485313-7-1674081636 - Holdem no limit (20/40) - 2023/01/18 22:40:36 UTC
Table: 'Expresso Nitro(624180697)#0' 3-max (real money) Seat #3 is the button
Seat 1: Ziann22 (367)
Seat 2: _SKR (114)
Seat 3: Zbeubzbeub92 (419)
*** ANTE/BLINDS ***
Ziann22 posts small blind 20
_SKR posts big blind 40
Dealt to _SKR [4c 7d]
*** PRE-FLOP *** 
Zbeubzbeub92 folds
Ziann22 calls 20
_SKR raises 74 to 114 and is all-in
Ziann22 calls 74
*** FLOP *** [8s Td 2h]
*** TURN *** [8s Td 2h][5c]
*** RIVER *** [8s Td 2h 5c][7h]
*** SHOW DOWN ***
Ziann22 shows [Kh 6d] (High card : King)
_SKR shows [4c 7d] (One pair : 7)
_SKR collected 228 from pot
*** SUMMARY ***
Total pot 228 | No rake
Board: [8s Td 2h 5c 7h]
Seat 1: Ziann22 (small blind) showed [Kh 6d] and lost with High card : King
Seat 2: _SKR (big blind) showed [4c 7d] and won 228 with One pair : 7


Winamax Poker - Tournament "Expresso Nitro" buyIn: 0.93€ + 0.07€ level: 4 - HandId: #2680835680409485313-8-1674081668 - Holdem no limit (30/60) - 2023/01/18 22:41:08 UTC
Table: 'Expresso Nitro(624180697)#0' 3-max (real money) Seat #1 is the button
Seat 1: Ziann22 (253)
Seat 2: _SKR (228)
Seat 3: Zbeubzbeub92 (419)
*** ANTE/BLINDS ***
_SKR posts small blind 30
Zbeubzbeub92 posts big blind 60
Dealt to _SKR [7s 4c]
*** PRE-FLOP *** 
Ziann22 calls 60
_SKR folds
Zbeubzbeub92 raises 150 to 210
Ziann22 calls 150
*** FLOP *** [3s 9c 2h]
Zbeubzbeub92 bets 209 and is all-in
Ziann22 calls 43 and is all-in
*** TURN *** [3s 9c 2h][Qh]
*** RIVER *** [3s 9c 2h Qh][Td]
*** SHOW DOWN ***
Ziann22 shows [Qd 9h] (Two pairs : Queens and 9)
Zbeubzbeub92 shows [Kd Kc] (One pair : Kings)
Zbeubzbeub92 collected 166 from side pot 1
Ziann22 collected 536 from main pot
*** SUMMARY ***
Total pot 702 | No rake
Board: [3s 9c 2h Qh Td]
Seat 1: Ziann22 (button) showed [Qd 9h] and won 536 with Two pairs : Queens and 9
Seat 3: Zbeubzbeub92 (big blind) showed [Kd Kc] and won 166 with One pair : Kings


Winamax Poker - Tournament "Expresso Nitro" buyIn: 0.93€ + 0.07€ level: 4 - HandId: #2680835680409485313-9-1674081689 - Holdem no limit (30/60) - 2023/01/18 22:41:29 UTC
Table: 'Expresso Nitro(624180697)#0' 3-max (real money) Seat #2 is the button
Seat 1: Ziann22 (536)
Seat 2: _SKR (198)
Seat 3: Zbeubzbeub92 (166)
*** ANTE/BLINDS ***
Zbeubzbeub92 posts small blind 30
Ziann22 posts big blind 60
Dealt to _SKR [5h Kd]
*** PRE-FLOP *** 
_SKR raises 138 to 198 and is all-in
Zbeubzbeub92 calls 136 and is all-in
Ziann22 calls 138
*** FLOP *** [Qd Th Jh]
*** TURN *** [Qd Th Jh][9s]
*** RIVER *** [Qd Th Jh 9s][9h]
*** SHOW DOWN ***
Ziann22 shows [Qc 6c] (Two pairs : Queens and 9)
Zbeubzbeub92 shows [Qh As] (Two pairs : Queens and 9)
_SKR shows [5h Kd] (Straight King high)
_SKR collected 562 from pot
*** SUMMARY ***
Total pot 562 | No rake
Board: [Qd Th Jh 9s 9h]
Seat 1: Ziann22 (big blind) showed [Qc 6c] and lost with Two pairs : Queens and 9
Seat 2: _SKR (button) showed [5h Kd] and won 562 with Straight King high
Seat 3: Zbeubzbeub92 (small blind) showed [Qh As] and lost with Two pairs : Queens and 9


Winamax Poker - Tournament "Expresso Nitro" buyIn: 0.93€ + 0.07€ level: 4 - HandId: #2680835680409485313-10-1674081712 - Holdem no limit (30/60) - 2023/01/18 22:41:52 UTC
Table: 'Expresso Nitro(624180697)#0' 3-max (real money) Seat #1 is the button
Seat 1: Ziann22 (338)
Seat 2: _SKR (562)
*** ANTE/BLINDS ***
Ziann22 posts small blind 30
_SKR posts big blind 60
Dealt to _SKR [Ad Tc]
*** PRE-FLOP *** 
Ziann22 calls 30
_SKR raises 502 to 562 and is all-in
Ziann22 folds
_SKR collected 622 from pot
*** SUMMARY ***
Total pot 622 | No rake
Seat 2: _SKR (big blind) won 622


Winamax Poker - Tournament "Expresso Nitro" buyIn: 0.93€ + 0.07€ level: 5 - HandId: #2680835680409485313-11-1674081727 - Holdem no limit (40/80) - 2023/01/18 22:42:07 UTC
Table: 'Expresso Nitro(624180697)#0' 3-max (real money) Seat #2 is the button
Seat 1: Ziann22 (278)
Seat 2: _SKR (622)
*** ANTE/BLINDS ***
_SKR posts small blind 40
Ziann22 posts big blind 80
Dealt to _SKR [4s Qh]
*** PRE-FLOP *** 
_SKR folds
Ziann22 collected 120 from pot
*** SUMMARY ***
Total pot 120 | No rake
Seat 1: Ziann22 (big blind) won 120


Winamax Poker - Tournament "Expresso Nitro" buyIn: 0.93€ + 0.07€ level: 5 - HandId: #2680835680409485313-12-1674081732 - Holdem no limit (40/80) - 2023/01/18 22:42:12 UTC
Table: 'Expresso Nitro(624180697)#0' 3-max (real money) Seat #1 is the button
Seat 1: Ziann22 (318)
Seat 2: _SKR (582)
*** ANTE/BLINDS ***
Ziann22 posts small blind 40
_SKR posts big blind 80
Dealt to _SKR [Qh 5s]
*** PRE-FLOP *** 
Ziann22 calls 40
_SKR checks
*** FLOP *** [2d 6d 6h]
_SKR checks
Ziann22 checks
*** TURN *** [2d 6d 6h][Jd]
_SKR checks
Ziann22 checks
*** RIVER *** [2d 6d 6h Jd][8s]
_SKR checks
Ziann22 checks
*** SHOW DOWN ***
Ziann22 shows [3d 5c] (One pair : 6)
_SKR shows [Qh 5s] (One pair : 6)
_SKR collected 160 from pot
*** SUMMARY ***
Total pot 160 | No rake
Board: [2d 6d 6h Jd 8s]
Seat 1: Ziann22 (small blind) (button) showed [3d 5c] and lost with One pair : 6
Seat 2: _SKR (big blind) showed [Qh 5s] and won 160 with One pair : 6


Winamax Poker - Tournament "Expresso Nitro" buyIn: 0.93€ + 0.07€ level: 5 - HandId: #2680835680409485313-13-1674081772 - Holdem no limit (40/80) - 2023/01/18 22:42:52 UTC
Table: 'Expresso Nitro(624180697)#0' 3-max (real money) Seat #2 is the button
Seat 1: Ziann22 (238)
Seat 2: _SKR (662)
*** ANTE/BLINDS ***
_SKR posts small blind 40
Ziann22 posts big blind 80
Dealt to _SKR [4d 3h]
*** PRE-FLOP *** 
_SKR folds
Ziann22 collected 120 from pot
*** SUMMARY ***
Total pot 120 | No rake
Seat 1: Ziann22 (big blind) won 120


Winamax Poker - Tournament "Expresso Nitro" buyIn: 0.93€ + 0.07€ level: 5 - HandId: #2680835680409485313-14-1674081779 - Holdem no limit (40/80) - 2023/01/18 22:42:59 UTC
Table: 'Expresso Nitro(624180697)#0' 3-max (real money) Seat #1 is the button
Seat 1: Ziann22 (278)
Seat 2: _SKR (622)
*** ANTE/BLINDS ***
Ziann22 posts small blind 40
_SKR posts big blind 80
Dealt to _SKR [Js Qs]
*** PRE-FLOP *** 
Ziann22 calls 40
_SKR raises 542 to 622 and is all-in
Ziann22 folds
_SKR collected 702 from pot
*** SUMMARY ***
Total pot 702 | No rake
Seat 2: _SKR (big blind) won 702


Winamax Poker - Tournament "Expresso Nitro" buyIn: 0.93€ + 0.07€ level: 6 - HandId: #2680835680409485313-15-1674081800 - Holdem no limit (50/100) - 2023/01/18 22:43:20 UTC
Table: 'Expresso Nitro(624180697)#0' 3-max (real money) Seat #2 is the button
Seat 1: Ziann22 (198)
Seat 2: _SKR (702)
*** ANTE/BLINDS ***
_SKR posts small blind 50
Ziann22 posts big blind 100
Dealt to _SKR [4s 3c]
*** PRE-FLOP *** 
_SKR folds
Ziann22 collected 150 from pot
*** SUMMARY ***
Total pot 150 | No rake
Seat 1: Ziann22 (big blind) won 150


Winamax Poker - Tournament "Expresso Nitro" buyIn: 0.93€ + 0.07€ level: 6 - HandId: #2680835680409485313-16-1674081816 - Holdem no limit (50/100) - 2023/01/18 22:43:36 UTC
Table: 'Expresso Nitro(624180697)#0' 3-max (real money) Seat #1 is the button
Seat 1: Ziann22 (248)
Seat 2: _SKR (652)
*** ANTE/BLINDS ***
Ziann22 posts small blind 50
_SKR posts big blind 100
Dealt to _SKR [Jc 5c]
*** PRE-FLOP *** 
Ziann22 calls 50
_SKR raises 552 to 652 and is all-in
Ziann22 calls 148 and is all-in
*** FLOP *** [Kc Td 9h]
*** TURN *** [Kc Td 9h][8d]
*** RIVER *** [Kc Td 9h 8d][Tc]
*** SHOW DOWN ***
Ziann22 shows [6h Ks] (Two pairs : Kings and Tens)
_SKR shows [Jc 5c] (One pair : Tens)
_SKR collected 404 from side pot 1
Ziann22 collected 496 from main pot
*** SUMMARY ***
Total pot 900 | No rake
Board: [Kc Td 9h 8d Tc]
Seat 1: Ziann22 (small blind) (button) showed [6h Ks] and won 496 with Two pairs : Kings and Tens
Seat 2: _SKR (big blind) showed [Jc 5c] and won 404 with One pair : Tens


Winamax Poker - Tournament "Expresso Nitro" buyIn: 0.93€ + 0.07€ level: 6 - HandId: #2680835680409485313-17-1674081838 - Holdem no limit (50/100) - 2023/01/18 22:43:58 UTC
Table: 'Expresso Nitro(624180697)#0' 3-max (real money) Seat #2 is the button
Seat 1: Ziann22 (496)
Seat 2: _SKR (404)
*** ANTE/BLINDS ***
_SKR posts small blind 50
Ziann22 posts big blind 100
Dealt to _SKR [3d Ks]
*** PRE-FLOP *** 
_SKR raises 304 to 404 and is all-in
Ziann22 folds
_SKR collected 504 from pot
*** SUMMARY ***
Total pot 504 | No rake
Seat 2: _SKR (small blind) (button) won 504


Winamax Poker - Tournament "Expresso Nitro" buyIn: 0.93€ + 0.07€ level: 7 - HandId: #2680835680409485313-18-1674081845 - Holdem no limit (60/120) - 2023/01/18 22:44:05 UTC
Table: 'Expresso Nitro(624180697)#0' 3-max (real money) Seat #1 is the button
Seat 1: Ziann22 (396)
Seat 2: _SKR (504)
*** ANTE/BLINDS ***
Ziann22 posts small blind 60
_SKR posts big blind 120
Dealt to _SKR [7h 8h]
*** PRE-FLOP *** 
Ziann22 calls 60
_SKR raises 384 to 504 and is all-in
Ziann22 calls 276 and is all-in
*** FLOP *** [Qs As Qc]
*** TURN *** [Qs As Qc][Ks]
*** RIVER *** [Qs As Qc Ks][Jd]
*** SHOW DOWN ***
Ziann22 shows [Js 6s] (Flush Ace high)
_SKR shows [7h 8h] (One pair : Queens)
_SKR collected 108 from side pot 1
Ziann22 collected 792 from main pot
*** SUMMARY ***
Total pot 900 | No rake
Board: [Qs As Qc Ks Jd]
Seat 1: Ziann22 (small blind) (button) showed [Js 6s] and won 792 with Flush Ace high
Seat 2: _SKR (big blind) showed [7h 8h] and won 108 with One pair : Queens


Winamax Poker - Tournament "Expresso Nitro" buyIn: 0.93€ + 0.07€ level: 7 - HandId: #2680835680409485313-19-1674081868 - Holdem no limit (60/120) - 2023/01/18 22:44:28 UTC
Table: 'Expresso Nitro(624180697)#0' 3-max (real money) Seat #2 is the button
Seat 1: Ziann22 (792)
Seat 2: _SKR (108)
*** ANTE/BLINDS ***
_SKR posts small blind 60
Ziann22 posts big blind 120
Dealt to _SKR [Jc 9c]
*** PRE-FLOP *** 
_SKR calls 48 and is all-in
*** FLOP *** [8h 5c Jh]
*** TURN *** [8h 5c Jh][4c]
*** RIVER *** [8h 5c Jh 4c][7h]
*** SHOW DOWN ***
_SKR shows [Jc 9c] (One pair : Jacks)
Ziann22 shows [9d Th] (Straight Jack high)
Ziann22 collected 228 from pot
*** SUMMARY ***
Total pot 228 | No rake
Board: [8h 5c Jh 4c 7h]
Seat 1: Ziann22 (big blind) showed [9d Th] and won 228 with Straight Jack high
Seat 2: _SKR (small blind) (button) showed [Jc 9c] and lost with One pair : Jacks


