Winamax Poker - Tournament "Expresso Nitro" buyIn: 0.93€ + 0.07€ level: 1 - HandId: #2676367183549825025-1-1673821540 - Holdem no limit (10/20) - 2023/01/15 22:25:40 UTC
Table: 'Expresso Nitro(623140294)#0' 3-max (real money) Seat #2 is the button
Seat 1: _SKR (300)
Seat 2: Bluff87 (300)
Seat 3: Ciko007 (300)
*** ANTE/BLINDS ***
Ciko007 posts small blind 10
_SKR posts big blind 20
Dealt to _SKR [2s As]
*** PRE-FLOP *** 
Bluff87 calls 20
Ciko007 raises 280 to 300 and is all-in
_SKR folds
Bluff87 folds
Ciko007 collected 340 from pot
*** SUMMARY ***
Total pot 340 | No rake
Seat 3: Ciko007 (small blind) won 340


Winamax Poker - Tournament "Expresso Nitro" buyIn: 0.93€ + 0.07€ level: 1 - HandId: #2676367183549825025-2-1673821565 - Holdem no limit (10/20) - 2023/01/15 22:26:05 UTC
Table: 'Expresso Nitro(623140294)#0' 3-max (real money) Seat #3 is the button
Seat 1: _SKR (280)
Seat 2: Bluff87 (280)
Seat 3: Ciko007 (340)
*** ANTE/BLINDS ***
_SKR posts small blind 10
Bluff87 posts big blind 20
Dealt to _SKR [8h 7h]
*** PRE-FLOP *** 
Ciko007 calls 20
_SKR folds
Bluff87 checks
*** FLOP *** [As 9d 7d]
Bluff87 checks
Ciko007 checks
*** TURN *** [As 9d 7d][Qd]
Bluff87 checks
Ciko007 bets 50
Bluff87 folds
Ciko007 collected 100 from pot
*** SUMMARY ***
Total pot 100 | No rake
Board: [As 9d 7d Qd]
Seat 3: Ciko007 (button) won 100


Winamax Poker - Tournament "Expresso Nitro" buyIn: 0.93€ + 0.07€ level: 1 - HandId: #2676367183549825025-3-1673821592 - Holdem no limit (10/20) - 2023/01/15 22:26:32 UTC
Table: 'Expresso Nitro(623140294)#0' 3-max (real money) Seat #1 is the button
Seat 1: _SKR (270)
Seat 2: Bluff87 (260)
Seat 3: Ciko007 (370)
*** ANTE/BLINDS ***
Bluff87 posts small blind 10
Ciko007 posts big blind 20
Dealt to _SKR [Qh Ks]
*** PRE-FLOP *** 
_SKR raises 20 to 40
Bluff87 raises 220 to 260 and is all-in
Ciko007 folds
_SKR raises 10 to 270 and is all-in
*** FLOP *** [4h Jh 3h]
*** TURN *** [4h Jh 3h][4c]
*** RIVER *** [4h Jh 3h 4c][6h]
*** SHOW DOWN ***
Bluff87 shows [As Tc] (One pair : 4)
_SKR shows [Qh Ks] (Flush Queen high)
_SKR collected 550 from pot
*** SUMMARY ***
Total pot 550 | No rake
Board: [4h Jh 3h 4c 6h]
Seat 1: _SKR (button) showed [Qh Ks] and won 550 with Flush Queen high
Seat 2: Bluff87 (small blind) showed [As Tc] and lost with One pair : 4


Winamax Poker - Tournament "Expresso Nitro" buyIn: 0.93€ + 0.07€ level: 2 - HandId: #2676367183549825025-4-1673821619 - Holdem no limit (15/30) - 2023/01/15 22:26:59 UTC
Table: 'Expresso Nitro(623140294)#0' 3-max (real money) Seat #3 is the button
Seat 1: _SKR (550)
Seat 3: Ciko007 (350)
*** ANTE/BLINDS ***
Ciko007 posts small blind 15
_SKR posts big blind 30
Dealt to _SKR [8s 2s]
*** PRE-FLOP *** 
Ciko007 folds
_SKR collected 45 from pot
*** SUMMARY ***
Total pot 45 | No rake
Seat 1: _SKR (big blind) won 45


Winamax Poker - Tournament "Expresso Nitro" buyIn: 0.93€ + 0.07€ level: 2 - HandId: #2676367183549825025-5-1673821623 - Holdem no limit (15/30) - 2023/01/15 22:27:03 UTC
Table: 'Expresso Nitro(623140294)#0' 3-max (real money) Seat #1 is the button
Seat 1: _SKR (565)
Seat 3: Ciko007 (335)
*** ANTE/BLINDS ***
_SKR posts small blind 15
Ciko007 posts big blind 30
Dealt to _SKR [Ks 4h]
*** PRE-FLOP *** 
_SKR folds
Ciko007 collected 45 from pot
*** SUMMARY ***
Total pot 45 | No rake
Seat 3: Ciko007 (big blind) won 45


Winamax Poker - Tournament "Expresso Nitro" buyIn: 0.93€ + 0.07€ level: 2 - HandId: #2676367183549825025-6-1673821627 - Holdem no limit (15/30) - 2023/01/15 22:27:07 UTC
Table: 'Expresso Nitro(623140294)#0' 3-max (real money) Seat #3 is the button
Seat 1: _SKR (550)
Seat 3: Ciko007 (350)
*** ANTE/BLINDS ***
Ciko007 posts small blind 15
_SKR posts big blind 30
Dealt to _SKR [6s As]
*** PRE-FLOP *** 
Ciko007 folds
_SKR collected 45 from pot
*** SUMMARY ***
Total pot 45 | No rake
Seat 1: _SKR (big blind) won 45


Winamax Poker - Tournament "Expresso Nitro" buyIn: 0.93€ + 0.07€ level: 2 - HandId: #2676367183549825025-7-1673821630 - Holdem no limit (15/30) - 2023/01/15 22:27:10 UTC
Table: 'Expresso Nitro(623140294)#0' 3-max (real money) Seat #1 is the button
Seat 1: _SKR (565)
Seat 3: Ciko007 (335)
*** ANTE/BLINDS ***
_SKR posts small blind 15
Ciko007 posts big blind 30
Dealt to _SKR [Th 7c]
*** PRE-FLOP *** 
_SKR folds
Ciko007 collected 45 from pot
*** SUMMARY ***
Total pot 45 | No rake
Seat 3: Ciko007 (big blind) won 45


Winamax Poker - Tournament "Expresso Nitro" buyIn: 0.93€ + 0.07€ level: 2 - HandId: #2676367183549825025-8-1673821636 - Holdem no limit (15/30) - 2023/01/15 22:27:16 UTC
Table: 'Expresso Nitro(623140294)#0' 3-max (real money) Seat #3 is the button
Seat 1: _SKR (550)
Seat 3: Ciko007 (350)
*** ANTE/BLINDS ***
Ciko007 posts small blind 15
_SKR posts big blind 30
Dealt to _SKR [Td 3c]
*** PRE-FLOP *** 
Ciko007 folds
_SKR collected 45 from pot
*** SUMMARY ***
Total pot 45 | No rake
Seat 1: _SKR (big blind) won 45


Winamax Poker - Tournament "Expresso Nitro" buyIn: 0.93€ + 0.07€ level: 2 - HandId: #2676367183549825025-9-1673821639 - Holdem no limit (15/30) - 2023/01/15 22:27:19 UTC
Table: 'Expresso Nitro(623140294)#0' 3-max (real money) Seat #1 is the button
Seat 1: _SKR (565)
Seat 3: Ciko007 (335)
*** ANTE/BLINDS ***
_SKR posts small blind 15
Ciko007 posts big blind 30
Dealt to _SKR [As Qh]
*** PRE-FLOP *** 
_SKR raises 30 to 60
Ciko007 raises 275 to 335 and is all-in
_SKR raises 230 to 565 and is all-in
*** FLOP *** [8d 9s 6h]
*** TURN *** [8d 9s 6h][2h]
*** RIVER *** [8d 9s 6h 2h][5c]
*** SHOW DOWN ***
_SKR shows [As Qh] (High card : Ace)
Ciko007 shows [4s 4d] (One pair : 4)
Ciko007 collected 670 from main pot
_SKR collected 230 from side pot 1
*** SUMMARY ***
Total pot 900 | No rake
Board: [8d 9s 6h 2h 5c]
Seat 1: _SKR (small blind) (button) showed [As Qh] and won 230 with High card : Ace
Seat 3: Ciko007 (big blind) showed [4s 4d] and won 670 with One pair : 4


Winamax Poker - Tournament "Expresso Nitro" buyIn: 0.93€ + 0.07€ level: 2 - HandId: #2676367183549825025-10-1673821655 - Holdem no limit (15/30) - 2023/01/15 22:27:35 UTC
Table: 'Expresso Nitro(623140294)#0' 3-max (real money) Seat #3 is the button
Seat 1: _SKR (230)
Seat 3: Ciko007 (670)
*** ANTE/BLINDS ***
Ciko007 posts small blind 15
_SKR posts big blind 30
Dealt to _SKR [Qc 7s]
*** PRE-FLOP *** 
Ciko007 raises 640 to 670 and is all-in
_SKR calls 200 and is all-in
*** FLOP *** [4h 3s 2d]
*** TURN *** [4h 3s 2d][5h]
*** RIVER *** [4h 3s 2d 5h][5c]
*** SHOW DOWN ***
_SKR shows [Qc 7s] (One pair : 5)
Ciko007 shows [2s Ac] (Straight 5 high)
Ciko007 collected 900 from pot
*** SUMMARY ***
Total pot 900 | No rake
Board: [4h 3s 2d 5h 5c]
Seat 1: _SKR (big blind) showed [Qc 7s] and lost with One pair : 5
Seat 3: Ciko007 (small blind) (button) showed [2s Ac] and won 900 with Straight 5 high


