Winamax Poker - Tournament "Expresso Nitro" buyIn: 0.93€ + 0.07€ level: 1 - HandId: #2675108062347395073-1-1673744856 - Holdem no limit (10/20) - 2023/01/15 01:07:36 UTC
Table: 'Expresso Nitro(622847132)#0' 3-max (real money) Seat #3 is the button
Seat 1: hitch76110 (300)
Seat 2: dopi42 (300)
Seat 3: _SKR (300)
*** ANTE/BLINDS ***
hitch76110 posts small blind 10
dopi42 posts big blind 20
Dealt to _SKR [5s Kh]
*** PRE-FLOP *** 
_SKR folds
hitch76110 raises 280 to 300 and is all-in
dopi42 folds
hitch76110 collected 320 from pot
*** SUMMARY ***
Total pot 320 | No rake
Seat 1: hitch76110 (small blind) won 320


Winamax Poker - Tournament "Expresso Nitro" buyIn: 0.93€ + 0.07€ level: 1 - HandId: #2675108062347395073-2-1673744865 - Holdem no limit (10/20) - 2023/01/15 01:07:45 UTC
Table: 'Expresso Nitro(622847132)#0' 3-max (real money) Seat #1 is the button
Seat 1: hitch76110 (320)
Seat 2: dopi42 (280)
Seat 3: _SKR (300)
*** ANTE/BLINDS ***
dopi42 posts small blind 10
_SKR posts big blind 20
Dealt to _SKR [Ah 8d]
*** PRE-FLOP *** 
hitch76110 folds
dopi42 raises 20 to 40
_SKR raises 260 to 300 and is all-in
dopi42 calls 240 and is all-in
*** FLOP *** [Tc 5s 8c]
*** TURN *** [Tc 5s 8c][8s]
*** RIVER *** [Tc 5s 8c 8s][Qs]
*** SHOW DOWN ***
dopi42 shows [Th Ac] (Two pairs : Tens and 8)
_SKR shows [Ah 8d] (Trips of 8)
_SKR collected 580 from pot
*** SUMMARY ***
Total pot 580 | No rake
Board: [Tc 5s 8c 8s Qs]
Seat 2: dopi42 (small blind) showed [Th Ac] and lost with Two pairs : Tens and 8
Seat 3: _SKR (big blind) showed [Ah 8d] and won 580 with Trips of 8


Winamax Poker - Tournament "Expresso Nitro" buyIn: 0.93€ + 0.07€ level: 1 - HandId: #2675108062347395073-3-1673744883 - Holdem no limit (10/20) - 2023/01/15 01:08:03 UTC
Table: 'Expresso Nitro(622847132)#0' 3-max (real money) Seat #3 is the button
Seat 1: hitch76110 (320)
Seat 3: _SKR (580)
*** ANTE/BLINDS ***
_SKR posts small blind 10
hitch76110 posts big blind 20
Dealt to _SKR [2c 7d]
*** PRE-FLOP *** 
_SKR folds
hitch76110 collected 30 from pot
*** SUMMARY ***
Total pot 30 | No rake
Seat 1: hitch76110 (big blind) won 30


Winamax Poker - Tournament "Expresso Nitro" buyIn: 0.93€ + 0.07€ level: 1 - HandId: #2675108062347395073-4-1673744887 - Holdem no limit (10/20) - 2023/01/15 01:08:07 UTC
Table: 'Expresso Nitro(622847132)#0' 3-max (real money) Seat #1 is the button
Seat 1: hitch76110 (330)
Seat 3: _SKR (570)
*** ANTE/BLINDS ***
hitch76110 posts small blind 10
_SKR posts big blind 20
Dealt to _SKR [Qd 4h]
*** PRE-FLOP *** 
hitch76110 calls 10
_SKR checks
*** FLOP *** [Jh 9h 5d]
_SKR checks
hitch76110 checks
*** TURN *** [Jh 9h 5d][6s]
_SKR checks
hitch76110 checks
*** RIVER *** [Jh 9h 5d 6s][Qc]
_SKR checks
hitch76110 checks
*** SHOW DOWN ***
hitch76110 shows [3c Ts] (High card : Queen)
_SKR shows [Qd 4h] (One pair : Queens)
_SKR collected 40 from pot
*** SUMMARY ***
Total pot 40 | No rake
Board: [Jh 9h 5d 6s Qc]
Seat 1: hitch76110 (small blind) (button) showed [3c Ts] and lost with High card : Queen
Seat 3: _SKR (big blind) showed [Qd 4h] and won 40 with One pair : Queens


Winamax Poker - Tournament "Expresso Nitro" buyIn: 0.93€ + 0.07€ level: 2 - HandId: #2675108062347395073-5-1673744917 - Holdem no limit (15/30) - 2023/01/15 01:08:37 UTC
Table: 'Expresso Nitro(622847132)#0' 3-max (real money) Seat #3 is the button
Seat 1: hitch76110 (310)
Seat 3: _SKR (590)
*** ANTE/BLINDS ***
_SKR posts small blind 15
hitch76110 posts big blind 30
Dealt to _SKR [Td 6s]
*** PRE-FLOP *** 
_SKR folds
hitch76110 collected 45 from pot
*** SUMMARY ***
Total pot 45 | No rake
Seat 1: hitch76110 (big blind) won 45


Winamax Poker - Tournament "Expresso Nitro" buyIn: 0.93€ + 0.07€ level: 2 - HandId: #2675108062347395073-6-1673744921 - Holdem no limit (15/30) - 2023/01/15 01:08:41 UTC
Table: 'Expresso Nitro(622847132)#0' 3-max (real money) Seat #1 is the button
Seat 1: hitch76110 (325)
Seat 3: _SKR (575)
*** ANTE/BLINDS ***
hitch76110 posts small blind 15
_SKR posts big blind 30
Dealt to _SKR [2d 9h]
*** PRE-FLOP *** 
hitch76110 calls 15
_SKR checks
*** FLOP *** [4h Qs 5s]
_SKR checks
hitch76110 checks
*** TURN *** [4h Qs 5s][3d]
_SKR checks
hitch76110 bets 39
_SKR folds
hitch76110 collected 99 from pot
*** SUMMARY ***
Total pot 99 | No rake
Board: [4h Qs 5s 3d]
Seat 1: hitch76110 (small blind) (button) won 99


Winamax Poker - Tournament "Expresso Nitro" buyIn: 0.93€ + 0.07€ level: 2 - HandId: #2675108062347395073-7-1673744940 - Holdem no limit (15/30) - 2023/01/15 01:09:00 UTC
Table: 'Expresso Nitro(622847132)#0' 3-max (real money) Seat #3 is the button
Seat 1: hitch76110 (355)
Seat 3: _SKR (545)
*** ANTE/BLINDS ***
_SKR posts small blind 15
hitch76110 posts big blind 30
Dealt to _SKR [Ac 3c]
*** PRE-FLOP *** 
_SKR raises 515 to 545 and is all-in
hitch76110 calls 325 and is all-in
*** FLOP *** [2s Kh 9h]
*** TURN *** [2s Kh 9h][Qh]
*** RIVER *** [2s Kh 9h Qh][7c]
*** SHOW DOWN ***
hitch76110 shows [Qs Ah] (One pair : Queens)
_SKR shows [Ac 3c] (High card : Ace)
_SKR collected 190 from side pot 1
hitch76110 collected 710 from main pot
*** SUMMARY ***
Total pot 900 | No rake
Board: [2s Kh 9h Qh 7c]
Seat 1: hitch76110 (big blind) showed [Qs Ah] and won 710 with One pair : Queens
Seat 3: _SKR (small blind) (button) showed [Ac 3c] and won 190 with High card : Ace


Winamax Poker - Tournament "Expresso Nitro" buyIn: 0.93€ + 0.07€ level: 2 - HandId: #2675108062347395073-8-1673744952 - Holdem no limit (15/30) - 2023/01/15 01:09:12 UTC
Table: 'Expresso Nitro(622847132)#0' 3-max (real money) Seat #1 is the button
Seat 1: hitch76110 (710)
Seat 3: _SKR (190)
*** ANTE/BLINDS ***
hitch76110 posts small blind 15
_SKR posts big blind 30
Dealt to _SKR [7c 6c]
*** PRE-FLOP *** 
hitch76110 folds
_SKR collected 45 from pot
*** SUMMARY ***
Total pot 45 | No rake
Seat 3: _SKR (big blind) won 45


Winamax Poker - Tournament "Expresso Nitro" buyIn: 0.93€ + 0.07€ level: 2 - HandId: #2675108062347395073-9-1673744959 - Holdem no limit (15/30) - 2023/01/15 01:09:19 UTC
Table: 'Expresso Nitro(622847132)#0' 3-max (real money) Seat #3 is the button
Seat 1: hitch76110 (695)
Seat 3: _SKR (205)
*** ANTE/BLINDS ***
_SKR posts small blind 15
hitch76110 posts big blind 30
Dealt to _SKR [As 4h]
*** PRE-FLOP *** 
_SKR raises 175 to 205 and is all-in
hitch76110 folds
_SKR collected 235 from pot
*** SUMMARY ***
Total pot 235 | No rake
Seat 3: _SKR (small blind) (button) won 235


Winamax Poker - Tournament "Expresso Nitro" buyIn: 0.93€ + 0.07€ level: 2 - HandId: #2675108062347395073-10-1673744966 - Holdem no limit (15/30) - 2023/01/15 01:09:26 UTC
Table: 'Expresso Nitro(622847132)#0' 3-max (real money) Seat #1 is the button
Seat 1: hitch76110 (665)
Seat 3: _SKR (235)
*** ANTE/BLINDS ***
hitch76110 posts small blind 15
_SKR posts big blind 30
Dealt to _SKR [7h 2h]
*** PRE-FLOP *** 
hitch76110 folds
_SKR collected 45 from pot
*** SUMMARY ***
Total pot 45 | No rake
Seat 3: _SKR (big blind) won 45


Winamax Poker - Tournament "Expresso Nitro" buyIn: 0.93€ + 0.07€ level: 2 - HandId: #2675108062347395073-11-1673744970 - Holdem no limit (15/30) - 2023/01/15 01:09:30 UTC
Table: 'Expresso Nitro(622847132)#0' 3-max (real money) Seat #3 is the button
Seat 1: hitch76110 (650)
Seat 3: _SKR (250)
*** ANTE/BLINDS ***
_SKR posts small blind 15
hitch76110 posts big blind 30
Dealt to _SKR [7s As]
*** PRE-FLOP *** 
_SKR raises 220 to 250 and is all-in
hitch76110 folds
_SKR collected 280 from pot
*** SUMMARY ***
Total pot 280 | No rake
Seat 3: _SKR (small blind) (button) won 280


Winamax Poker - Tournament "Expresso Nitro" buyIn: 0.93€ + 0.07€ level: 3 - HandId: #2675108062347395073-12-1673744975 - Holdem no limit (20/40) - 2023/01/15 01:09:35 UTC
Table: 'Expresso Nitro(622847132)#0' 3-max (real money) Seat #1 is the button
Seat 1: hitch76110 (620)
Seat 3: _SKR (280)
*** ANTE/BLINDS ***
hitch76110 posts small blind 20
_SKR posts big blind 40
Dealt to _SKR [5s 9c]
*** PRE-FLOP *** 
hitch76110 folds
_SKR collected 60 from pot
*** SUMMARY ***
Total pot 60 | No rake
Seat 3: _SKR (big blind) won 60


Winamax Poker - Tournament "Expresso Nitro" buyIn: 0.93€ + 0.07€ level: 3 - HandId: #2675108062347395073-13-1673744978 - Holdem no limit (20/40) - 2023/01/15 01:09:38 UTC
Table: 'Expresso Nitro(622847132)#0' 3-max (real money) Seat #3 is the button
Seat 1: hitch76110 (600)
Seat 3: _SKR (300)
*** ANTE/BLINDS ***
_SKR posts small blind 20
hitch76110 posts big blind 40
Dealt to _SKR [3s 9s]
*** PRE-FLOP *** 
_SKR folds
hitch76110 collected 60 from pot
*** SUMMARY ***
Total pot 60 | No rake
Seat 1: hitch76110 (big blind) won 60


Winamax Poker - Tournament "Expresso Nitro" buyIn: 0.93€ + 0.07€ level: 3 - HandId: #2675108062347395073-14-1673744985 - Holdem no limit (20/40) - 2023/01/15 01:09:45 UTC
Table: 'Expresso Nitro(622847132)#0' 3-max (real money) Seat #1 is the button
Seat 1: hitch76110 (620)
Seat 3: _SKR (280)
*** ANTE/BLINDS ***
hitch76110 posts small blind 20
_SKR posts big blind 40
Dealt to _SKR [2h 9c]
*** PRE-FLOP *** 
hitch76110 folds
_SKR collected 60 from pot
*** SUMMARY ***
Total pot 60 | No rake
Seat 3: _SKR (big blind) won 60


Winamax Poker - Tournament "Expresso Nitro" buyIn: 0.93€ + 0.07€ level: 3 - HandId: #2675108062347395073-15-1673744989 - Holdem no limit (20/40) - 2023/01/15 01:09:49 UTC
Table: 'Expresso Nitro(622847132)#0' 3-max (real money) Seat #3 is the button
Seat 1: hitch76110 (600)
Seat 3: _SKR (300)
*** ANTE/BLINDS ***
_SKR posts small blind 20
hitch76110 posts big blind 40
Dealt to _SKR [5d Td]
*** PRE-FLOP *** 
_SKR folds
hitch76110 collected 60 from pot
*** SUMMARY ***
Total pot 60 | No rake
Seat 1: hitch76110 (big blind) won 60


Winamax Poker - Tournament "Expresso Nitro" buyIn: 0.93€ + 0.07€ level: 3 - HandId: #2675108062347395073-16-1673744994 - Holdem no limit (20/40) - 2023/01/15 01:09:54 UTC
Table: 'Expresso Nitro(622847132)#0' 3-max (real money) Seat #1 is the button
Seat 1: hitch76110 (620)
Seat 3: _SKR (280)
*** ANTE/BLINDS ***
hitch76110 posts small blind 20
_SKR posts big blind 40
Dealt to _SKR [Qc 2d]
*** PRE-FLOP *** 
hitch76110 folds
_SKR collected 60 from pot
*** SUMMARY ***
Total pot 60 | No rake
Seat 3: _SKR (big blind) won 60


Winamax Poker - Tournament "Expresso Nitro" buyIn: 0.93€ + 0.07€ level: 3 - HandId: #2675108062347395073-17-1673744997 - Holdem no limit (20/40) - 2023/01/15 01:09:57 UTC
Table: 'Expresso Nitro(622847132)#0' 3-max (real money) Seat #3 is the button
Seat 1: hitch76110 (600)
Seat 3: _SKR (300)
*** ANTE/BLINDS ***
_SKR posts small blind 20
hitch76110 posts big blind 40
Dealt to _SKR [As 4s]
*** PRE-FLOP *** 
_SKR raises 260 to 300 and is all-in
hitch76110 folds
_SKR collected 340 from pot
*** SUMMARY ***
Total pot 340 | No rake
Seat 3: _SKR (small blind) (button) won 340


Winamax Poker - Tournament "Expresso Nitro" buyIn: 0.93€ + 0.07€ level: 3 - HandId: #2675108062347395073-18-1673745002 - Holdem no limit (20/40) - 2023/01/15 01:10:02 UTC
Table: 'Expresso Nitro(622847132)#0' 3-max (real money) Seat #1 is the button
Seat 1: hitch76110 (560)
Seat 3: _SKR (340)
*** ANTE/BLINDS ***
hitch76110 posts small blind 20
_SKR posts big blind 40
Dealt to _SKR [Jc 5s]
*** PRE-FLOP *** 
hitch76110 calls 20
_SKR checks
*** FLOP *** [7s Qh 6d]
_SKR checks
hitch76110 bets 40
_SKR folds
hitch76110 collected 120 from pot
*** SUMMARY ***
Total pot 120 | No rake
Board: [7s Qh 6d]
Seat 1: hitch76110 (small blind) (button) won 120


Winamax Poker - Tournament "Expresso Nitro" buyIn: 0.93€ + 0.07€ level: 3 - HandId: #2675108062347395073-19-1673745011 - Holdem no limit (20/40) - 2023/01/15 01:10:11 UTC
Table: 'Expresso Nitro(622847132)#0' 3-max (real money) Seat #3 is the button
Seat 1: hitch76110 (600)
Seat 3: _SKR (300)
*** ANTE/BLINDS ***
_SKR posts small blind 20
hitch76110 posts big blind 40
Dealt to _SKR [4c 6h]
*** PRE-FLOP *** 
_SKR folds
hitch76110 collected 60 from pot
*** SUMMARY ***
Total pot 60 | No rake
Seat 1: hitch76110 (big blind) won 60


Winamax Poker - Tournament "Expresso Nitro" buyIn: 0.93€ + 0.07€ level: 3 - HandId: #2675108062347395073-20-1673745014 - Holdem no limit (20/40) - 2023/01/15 01:10:14 UTC
Table: 'Expresso Nitro(622847132)#0' 3-max (real money) Seat #1 is the button
Seat 1: hitch76110 (620)
Seat 3: _SKR (280)
*** ANTE/BLINDS ***
hitch76110 posts small blind 20
_SKR posts big blind 40
Dealt to _SKR [Kd 3h]
*** PRE-FLOP *** 
hitch76110 raises 580 to 620 and is all-in
_SKR folds
hitch76110 collected 660 from pot
*** SUMMARY ***
Total pot 660 | No rake
Seat 1: hitch76110 (small blind) (button) won 660


Winamax Poker - Tournament "Expresso Nitro" buyIn: 0.93€ + 0.07€ level: 3 - HandId: #2675108062347395073-21-1673745021 - Holdem no limit (20/40) - 2023/01/15 01:10:21 UTC
Table: 'Expresso Nitro(622847132)#0' 3-max (real money) Seat #3 is the button
Seat 1: hitch76110 (660)
Seat 3: _SKR (240)
*** ANTE/BLINDS ***
_SKR posts small blind 20
hitch76110 posts big blind 40
Dealt to _SKR [2d Qh]
*** PRE-FLOP *** 
_SKR raises 200 to 240 and is all-in
hitch76110 folds
_SKR collected 280 from pot
*** SUMMARY ***
Total pot 280 | No rake
Seat 3: _SKR (small blind) (button) won 280


Winamax Poker - Tournament "Expresso Nitro" buyIn: 0.93€ + 0.07€ level: 3 - HandId: #2675108062347395073-22-1673745027 - Holdem no limit (20/40) - 2023/01/15 01:10:27 UTC
Table: 'Expresso Nitro(622847132)#0' 3-max (real money) Seat #1 is the button
Seat 1: hitch76110 (620)
Seat 3: _SKR (280)
*** ANTE/BLINDS ***
hitch76110 posts small blind 20
_SKR posts big blind 40
Dealt to _SKR [9s Js]
*** PRE-FLOP *** 
hitch76110 raises 580 to 620 and is all-in
_SKR calls 240 and is all-in
*** FLOP *** [8d Ah Ks]
*** TURN *** [8d Ah Ks][Th]
*** RIVER *** [8d Ah Ks Th][7h]
*** SHOW DOWN ***
hitch76110 shows [3s Ac] (One pair : Aces)
_SKR shows [9s Js] (Straight Jack high)
_SKR collected 560 from main pot
hitch76110 collected 340 from side pot 1
*** SUMMARY ***
Total pot 900 | No rake
Board: [8d Ah Ks Th 7h]
Seat 1: hitch76110 (small blind) (button) showed [3s Ac] and won 340 with One pair : Aces
Seat 3: _SKR (big blind) showed [9s Js] and won 560 with Straight Jack high


Winamax Poker - Tournament "Expresso Nitro" buyIn: 0.93€ + 0.07€ level: 4 - HandId: #2675108062347395073-23-1673745038 - Holdem no limit (30/60) - 2023/01/15 01:10:38 UTC
Table: 'Expresso Nitro(622847132)#0' 3-max (real money) Seat #3 is the button
Seat 1: hitch76110 (340)
Seat 3: _SKR (560)
*** ANTE/BLINDS ***
_SKR posts small blind 30
hitch76110 posts big blind 60
Dealt to _SKR [Th Ks]
*** PRE-FLOP *** 
_SKR raises 500 to 560 and is all-in
hitch76110 folds
_SKR collected 620 from pot
*** SUMMARY ***
Total pot 620 | No rake
Seat 3: _SKR (small blind) (button) won 620


Winamax Poker - Tournament "Expresso Nitro" buyIn: 0.93€ + 0.07€ level: 4 - HandId: #2675108062347395073-24-1673745044 - Holdem no limit (30/60) - 2023/01/15 01:10:44 UTC
Table: 'Expresso Nitro(622847132)#0' 3-max (real money) Seat #1 is the button
Seat 1: hitch76110 (280)
Seat 3: _SKR (620)
*** ANTE/BLINDS ***
hitch76110 posts small blind 30
_SKR posts big blind 60
Dealt to _SKR [8d 3d]
*** PRE-FLOP *** 
hitch76110 raises 220 to 280 and is all-in
_SKR folds
hitch76110 collected 340 from pot
*** SUMMARY ***
Total pot 340 | No rake
Seat 1: hitch76110 (small blind) (button) won 340


Winamax Poker - Tournament "Expresso Nitro" buyIn: 0.93€ + 0.07€ level: 4 - HandId: #2675108062347395073-25-1673745049 - Holdem no limit (30/60) - 2023/01/15 01:10:49 UTC
Table: 'Expresso Nitro(622847132)#0' 3-max (real money) Seat #3 is the button
Seat 1: hitch76110 (340)
Seat 3: _SKR (560)
*** ANTE/BLINDS ***
_SKR posts small blind 30
hitch76110 posts big blind 60
Dealt to _SKR [Ts Ks]
*** PRE-FLOP *** 
_SKR raises 500 to 560 and is all-in
hitch76110 folds
_SKR collected 620 from pot
*** SUMMARY ***
Total pot 620 | No rake
Seat 3: _SKR (small blind) (button) won 620


Winamax Poker - Tournament "Expresso Nitro" buyIn: 0.93€ + 0.07€ level: 4 - HandId: #2675108062347395073-26-1673745054 - Holdem no limit (30/60) - 2023/01/15 01:10:54 UTC
Table: 'Expresso Nitro(622847132)#0' 3-max (real money) Seat #1 is the button
Seat 1: hitch76110 (280)
Seat 3: _SKR (620)
*** ANTE/BLINDS ***
hitch76110 posts small blind 30
_SKR posts big blind 60
Dealt to _SKR [2s 4s]
*** PRE-FLOP *** 
hitch76110 raises 220 to 280 and is all-in
_SKR folds
hitch76110 collected 340 from pot
*** SUMMARY ***
Total pot 340 | No rake
Seat 1: hitch76110 (small blind) (button) won 340


Winamax Poker - Tournament "Expresso Nitro" buyIn: 0.93€ + 0.07€ level: 4 - HandId: #2675108062347395073-27-1673745059 - Holdem no limit (30/60) - 2023/01/15 01:10:59 UTC
Table: 'Expresso Nitro(622847132)#0' 3-max (real money) Seat #3 is the button
Seat 1: hitch76110 (340)
Seat 3: _SKR (560)
*** ANTE/BLINDS ***
_SKR posts small blind 30
hitch76110 posts big blind 60
Dealt to _SKR [5s 6c]
*** PRE-FLOP *** 
_SKR folds
hitch76110 collected 90 from pot
*** SUMMARY ***
Total pot 90 | No rake
Seat 1: hitch76110 (big blind) won 90


Winamax Poker - Tournament "Expresso Nitro" buyIn: 0.93€ + 0.07€ level: 4 - HandId: #2675108062347395073-28-1673745062 - Holdem no limit (30/60) - 2023/01/15 01:11:02 UTC
Table: 'Expresso Nitro(622847132)#0' 3-max (real money) Seat #1 is the button
Seat 1: hitch76110 (370)
Seat 3: _SKR (530)
*** ANTE/BLINDS ***
hitch76110 posts small blind 30
_SKR posts big blind 60
Dealt to _SKR [Ts 3h]
*** PRE-FLOP *** 
hitch76110 folds
_SKR collected 90 from pot
*** SUMMARY ***
Total pot 90 | No rake
Seat 3: _SKR (big blind) won 90


Winamax Poker - Tournament "Expresso Nitro" buyIn: 0.93€ + 0.07€ level: 4 - HandId: #2675108062347395073-29-1673745066 - Holdem no limit (30/60) - 2023/01/15 01:11:06 UTC
Table: 'Expresso Nitro(622847132)#0' 3-max (real money) Seat #3 is the button
Seat 1: hitch76110 (340)
Seat 3: _SKR (560)
*** ANTE/BLINDS ***
_SKR posts small blind 30
hitch76110 posts big blind 60
Dealt to _SKR [Jh 6c]
*** PRE-FLOP *** 
_SKR raises 500 to 560 and is all-in
hitch76110 folds
_SKR collected 620 from pot
*** SUMMARY ***
Total pot 620 | No rake
Seat 3: _SKR (small blind) (button) won 620


Winamax Poker - Tournament "Expresso Nitro" buyIn: 0.93€ + 0.07€ level: 4 - HandId: #2675108062347395073-30-1673745070 - Holdem no limit (30/60) - 2023/01/15 01:11:10 UTC
Table: 'Expresso Nitro(622847132)#0' 3-max (real money) Seat #1 is the button
Seat 1: hitch76110 (280)
Seat 3: _SKR (620)
*** ANTE/BLINDS ***
hitch76110 posts small blind 30
_SKR posts big blind 60
Dealt to _SKR [Tc 5c]
*** PRE-FLOP *** 
hitch76110 folds
_SKR collected 90 from pot
*** SUMMARY ***
Total pot 90 | No rake
Seat 3: _SKR (big blind) won 90


Winamax Poker - Tournament "Expresso Nitro" buyIn: 0.93€ + 0.07€ level: 4 - HandId: #2675108062347395073-31-1673745075 - Holdem no limit (30/60) - 2023/01/15 01:11:15 UTC
Table: 'Expresso Nitro(622847132)#0' 3-max (real money) Seat #3 is the button
Seat 1: hitch76110 (250)
Seat 3: _SKR (650)
*** ANTE/BLINDS ***
_SKR posts small blind 30
hitch76110 posts big blind 60
Dealt to _SKR [3c Ad]
*** PRE-FLOP *** 
_SKR raises 590 to 650 and is all-in
hitch76110 folds
_SKR collected 710 from pot
*** SUMMARY ***
Total pot 710 | No rake
Seat 3: _SKR (small blind) (button) won 710


Winamax Poker - Tournament "Expresso Nitro" buyIn: 0.93€ + 0.07€ level: 4 - HandId: #2675108062347395073-32-1673745080 - Holdem no limit (30/60) - 2023/01/15 01:11:20 UTC
Table: 'Expresso Nitro(622847132)#0' 3-max (real money) Seat #1 is the button
Seat 1: hitch76110 (190)
Seat 3: _SKR (710)
*** ANTE/BLINDS ***
hitch76110 posts small blind 30
_SKR posts big blind 60
Dealt to _SKR [Kd Jh]
*** PRE-FLOP *** 
hitch76110 raises 130 to 190 and is all-in
_SKR calls 130
*** FLOP *** [4h Qc 7d]
*** TURN *** [4h Qc 7d][4d]
*** RIVER *** [4h Qc 7d 4d][Ah]
*** SHOW DOWN ***
hitch76110 shows [Kc 8d] (One pair : 4)
_SKR shows [Kd Jh] (One pair : 4)
_SKR collected 190 from pot
hitch76110 collected 190 from pot
*** SUMMARY ***
Total pot 380 | No rake
Board: [4h Qc 7d 4d Ah]
Seat 1: hitch76110 (small blind) (button) showed [Kc 8d] and won 190 with One pair : 4
Seat 3: _SKR (big blind) showed [Kd Jh] and won 190 with One pair : 4


Winamax Poker - Tournament "Expresso Nitro" buyIn: 0.93€ + 0.07€ level: 4 - HandId: #2675108062347395073-33-1673745091 - Holdem no limit (30/60) - 2023/01/15 01:11:31 UTC
Table: 'Expresso Nitro(622847132)#0' 3-max (real money) Seat #3 is the button
Seat 1: hitch76110 (190)
Seat 3: _SKR (710)
*** ANTE/BLINDS ***
_SKR posts small blind 30
hitch76110 posts big blind 60
Dealt to _SKR [5c 3d]
*** PRE-FLOP *** 
_SKR folds
hitch76110 collected 90 from pot
*** SUMMARY ***
Total pot 90 | No rake
Seat 1: hitch76110 (big blind) won 90


Winamax Poker - Tournament "Expresso Nitro" buyIn: 0.93€ + 0.07€ level: 5 - HandId: #2675108062347395073-34-1673745094 - Holdem no limit (40/80) - 2023/01/15 01:11:34 UTC
Table: 'Expresso Nitro(622847132)#0' 3-max (real money) Seat #1 is the button
Seat 1: hitch76110 (220)
Seat 3: _SKR (680)
*** ANTE/BLINDS ***
hitch76110 posts small blind 40
_SKR posts big blind 80
Dealt to _SKR [Kc Jd]
*** PRE-FLOP *** 
hitch76110 raises 140 to 220 and is all-in
_SKR calls 140
*** FLOP *** [3h Tc 8s]
*** TURN *** [3h Tc 8s][7d]
*** RIVER *** [3h Tc 8s 7d][Kd]
*** SHOW DOWN ***
hitch76110 shows [Ad Qd] (High card : Ace)
_SKR shows [Kc Jd] (One pair : Kings)
_SKR collected 440 from pot
*** SUMMARY ***
Total pot 440 | No rake
Board: [3h Tc 8s 7d Kd]
Seat 1: hitch76110 (small blind) (button) showed [Ad Qd] and lost with High card : Ace
Seat 3: _SKR (big blind) showed [Kc Jd] and won 440 with One pair : Kings


