Winamax Poker - Tournament "Expresso Nitro" buyIn: 1.86€ + 0.14€ level: 1 - HandId: #2696580308962115585-1-1675088164 - Holdem no limit (10/20) - 2023/01/30 14:16:04 UTC
Table: 'Expresso Nitro(627846529)#0' 3-max (real money) Seat #2 is the button
Seat 1: _SKR (300)
Seat 2: TKTA0301 (300)
Seat 3: chuPakCaBraS (300)
*** ANTE/BLINDS ***
chuPakCaBraS posts small blind 10
_SKR posts big blind 20
Dealt to _SKR [5h 9h]
*** PRE-FLOP *** 
TKTA0301 raises 30 to 50
chuPakCaBraS folds
_SKR folds
TKTA0301 collected 80 from pot
*** SUMMARY ***
Total pot 80 | No rake
Seat 2: TKTA0301 (button) won 80


Winamax Poker - Tournament "Expresso Nitro" buyIn: 1.86€ + 0.14€ level: 1 - HandId: #2696580308962115585-2-1675088175 - Holdem no limit (10/20) - 2023/01/30 14:16:15 UTC
Table: 'Expresso Nitro(627846529)#0' 3-max (real money) Seat #3 is the button
Seat 1: _SKR (280)
Seat 2: TKTA0301 (330)
Seat 3: chuPakCaBraS (290)
*** ANTE/BLINDS ***
_SKR posts small blind 10
TKTA0301 posts big blind 20
Dealt to _SKR [Th Qd]
*** PRE-FLOP *** 
chuPakCaBraS folds
_SKR folds
TKTA0301 collected 30 from pot
*** SUMMARY ***
Total pot 30 | No rake
Seat 2: TKTA0301 (big blind) won 30


Winamax Poker - Tournament "Expresso Nitro" buyIn: 1.86€ + 0.14€ level: 1 - HandId: #2696580308962115585-3-1675088187 - Holdem no limit (10/20) - 2023/01/30 14:16:27 UTC
Table: 'Expresso Nitro(627846529)#0' 3-max (real money) Seat #1 is the button
Seat 1: _SKR (270)
Seat 2: TKTA0301 (340)
Seat 3: chuPakCaBraS (290)
*** ANTE/BLINDS ***
TKTA0301 posts small blind 10
chuPakCaBraS posts big blind 20
Dealt to _SKR [6d As]
*** PRE-FLOP *** 
_SKR raises 250 to 270 and is all-in
TKTA0301 folds
chuPakCaBraS folds
_SKR collected 300 from pot
*** SUMMARY ***
Total pot 300 | No rake
Seat 1: _SKR (button) won 300


Winamax Poker - Tournament "Expresso Nitro" buyIn: 1.86€ + 0.14€ level: 1 - HandId: #2696580308962115585-4-1675088201 - Holdem no limit (10/20) - 2023/01/30 14:16:41 UTC
Table: 'Expresso Nitro(627846529)#0' 3-max (real money) Seat #2 is the button
Seat 1: _SKR (300)
Seat 2: TKTA0301 (330)
Seat 3: chuPakCaBraS (270)
*** ANTE/BLINDS ***
chuPakCaBraS posts small blind 10
_SKR posts big blind 20
Dealt to _SKR [Jd 8s]
*** PRE-FLOP *** 
TKTA0301 calls 20
chuPakCaBraS folds
_SKR checks
*** FLOP *** [5d 3d 3h]
_SKR checks
TKTA0301 checks
*** TURN *** [5d 3d 3h][2s]
_SKR checks
TKTA0301 checks
*** RIVER *** [5d 3d 3h 2s][8d]
_SKR checks
TKTA0301 checks
*** SHOW DOWN ***
TKTA0301 shows [Td Ks] (One pair : 3)
_SKR shows [Jd 8s] (Two pairs : 8 and 3)
_SKR collected 50 from pot
*** SUMMARY ***
Total pot 50 | No rake
Board: [5d 3d 3h 2s 8d]
Seat 1: _SKR (big blind) showed [Jd 8s] and won 50 with Two pairs : 8 and 3
Seat 2: TKTA0301 (button) showed [Td Ks] and lost with One pair : 3


Winamax Poker - Tournament "Expresso Nitro" buyIn: 1.86€ + 0.14€ level: 2 - HandId: #2696580308962115585-5-1675088228 - Holdem no limit (15/30) - 2023/01/30 14:17:08 UTC
Table: 'Expresso Nitro(627846529)#0' 3-max (real money) Seat #3 is the button
Seat 1: _SKR (330)
Seat 2: TKTA0301 (310)
Seat 3: chuPakCaBraS (260)
*** ANTE/BLINDS ***
_SKR posts small blind 15
TKTA0301 posts big blind 30
Dealt to _SKR [7s Td]
*** PRE-FLOP *** 
chuPakCaBraS folds
_SKR folds
TKTA0301 collected 45 from pot
*** SUMMARY ***
Total pot 45 | No rake
Seat 2: TKTA0301 (big blind) won 45


Winamax Poker - Tournament "Expresso Nitro" buyIn: 1.86€ + 0.14€ level: 2 - HandId: #2696580308962115585-6-1675088246 - Holdem no limit (15/30) - 2023/01/30 14:17:26 UTC
Table: 'Expresso Nitro(627846529)#0' 3-max (real money) Seat #1 is the button
Seat 1: _SKR (315)
Seat 2: TKTA0301 (325)
Seat 3: chuPakCaBraS (260)
*** ANTE/BLINDS ***
TKTA0301 posts small blind 15
chuPakCaBraS posts big blind 30
Dealt to _SKR [5d 6s]
*** PRE-FLOP *** 
_SKR folds
TKTA0301 calls 15
chuPakCaBraS checks
*** FLOP *** [8c Ks Qh]
TKTA0301 checks
chuPakCaBraS bets 30
TKTA0301 folds
chuPakCaBraS collected 90 from pot
*** SUMMARY ***
Total pot 90 | No rake
Board: [8c Ks Qh]
Seat 3: chuPakCaBraS (big blind) won 90


Winamax Poker - Tournament "Expresso Nitro" buyIn: 1.86€ + 0.14€ level: 2 - HandId: #2696580308962115585-7-1675088265 - Holdem no limit (15/30) - 2023/01/30 14:17:45 UTC
Table: 'Expresso Nitro(627846529)#0' 3-max (real money) Seat #2 is the button
Seat 1: _SKR (315)
Seat 2: TKTA0301 (295)
Seat 3: chuPakCaBraS (290)
*** ANTE/BLINDS ***
chuPakCaBraS posts small blind 15
_SKR posts big blind 30
Dealt to _SKR [9s 5c]
*** PRE-FLOP *** 
TKTA0301 folds
chuPakCaBraS folds
_SKR collected 45 from pot
*** SUMMARY ***
Total pot 45 | No rake
Seat 1: _SKR (big blind) won 45


Winamax Poker - Tournament "Expresso Nitro" buyIn: 1.86€ + 0.14€ level: 2 - HandId: #2696580308962115585-8-1675088272 - Holdem no limit (15/30) - 2023/01/30 14:17:52 UTC
Table: 'Expresso Nitro(627846529)#0' 3-max (real money) Seat #3 is the button
Seat 1: _SKR (330)
Seat 2: TKTA0301 (295)
Seat 3: chuPakCaBraS (275)
*** ANTE/BLINDS ***
_SKR posts small blind 15
TKTA0301 posts big blind 30
Dealt to _SKR [Kc Qh]
*** PRE-FLOP *** 
chuPakCaBraS folds
_SKR raises 300 to 330 and is all-in
TKTA0301 calls 265 and is all-in
*** FLOP *** [2h 9d 2s]
*** TURN *** [2h 9d 2s][9s]
*** RIVER *** [2h 9d 2s 9s][Js]
*** SHOW DOWN ***
_SKR shows [Kc Qh] (Two pairs : 9 and 2)
TKTA0301 shows [4s 4c] (Two pairs : 9 and 4)
TKTA0301 collected 590 from main pot
_SKR collected 35 from side pot 1
*** SUMMARY ***
Total pot 625 | No rake
Board: [2h 9d 2s 9s Js]
Seat 1: _SKR (small blind) showed [Kc Qh] and won 35 with Two pairs : 9 and 2
Seat 2: TKTA0301 (big blind) showed [4s 4c] and won 590 with Two pairs : 9 and 4


Winamax Poker - Tournament "Expresso Nitro" buyIn: 1.86€ + 0.14€ level: 3 - HandId: #2696580308962115585-9-1675088291 - Holdem no limit (20/40) - 2023/01/30 14:18:11 UTC
Table: 'Expresso Nitro(627846529)#0' 3-max (real money) Seat #1 is the button
Seat 1: _SKR (35)
Seat 2: TKTA0301 (590)
Seat 3: chuPakCaBraS (275)
*** ANTE/BLINDS ***
TKTA0301 posts small blind 20
chuPakCaBraS posts big blind 40
Dealt to _SKR [As 5d]
*** PRE-FLOP *** 
_SKR calls 35 and is all-in
TKTA0301 calls 20
chuPakCaBraS raises 40 to 80
TKTA0301 calls 40
*** FLOP *** [Qh Ks 3c]
TKTA0301 checks
chuPakCaBraS checks
*** TURN *** [Qh Ks 3c][9c]
TKTA0301 checks
chuPakCaBraS checks
*** RIVER *** [Qh Ks 3c 9c][8c]
TKTA0301 checks
chuPakCaBraS checks
*** SHOW DOWN ***
_SKR shows [As 5d] (High card : Ace)
chuPakCaBraS shows [Ad Js] (High card : Ace)
TKTA0301 shows [8s 7h] (One pair : 8)
TKTA0301 collected 195 from pot
*** SUMMARY ***
Total pot 195 | No rake
Board: [Qh Ks 3c 9c 8c]
Seat 1: _SKR (button) showed [As 5d] and lost with High card : Ace
Seat 2: TKTA0301 (small blind) showed [8s 7h] and won 195 with One pair : 8
Seat 3: chuPakCaBraS (big blind) showed [Ad Js] and lost with High card : Ace


