Winamax Poker - Tournament "Expresso Nitro" buyIn: 0.93€ + 0.07€ level: 1 - HandId: #2689877024654229505-1-1674657168 - Holdem no limit (10/20) - 2023/01/25 14:32:48 UTC
Table: 'Expresso Nitro(626285799)#0' 3-max (real money) Seat #3 is the button
Seat 1: Weakfish33 (300)
Seat 2: _SKR (300)
Seat 3: jesusrubio (300)
*** ANTE/BLINDS ***
Weakfish33 posts small blind 10
_SKR posts big blind 20
Dealt to _SKR [8s 2d]
*** PRE-FLOP *** 
jesusrubio calls 20
Weakfish33 folds
_SKR checks
*** FLOP *** [9s 2s Qc]
_SKR checks
jesusrubio bets 50
_SKR folds
jesusrubio collected 100 from pot
*** SUMMARY ***
Total pot 100 | No rake
Board: [9s 2s Qc]
Seat 3: jesusrubio (button) won 100


Winamax Poker - Tournament "Expresso Nitro" buyIn: 0.93€ + 0.07€ level: 1 - HandId: #2689877024654229505-2-1674657184 - Holdem no limit (10/20) - 2023/01/25 14:33:04 UTC
Table: 'Expresso Nitro(626285799)#0' 3-max (real money) Seat #1 is the button
Seat 1: Weakfish33 (290)
Seat 2: _SKR (280)
Seat 3: jesusrubio (330)
*** ANTE/BLINDS ***
_SKR posts small blind 10
jesusrubio posts big blind 20
Dealt to _SKR [2d Qs]
*** PRE-FLOP *** 
Weakfish33 folds
_SKR folds
jesusrubio collected 30 from pot
*** SUMMARY ***
Total pot 30 | No rake
Seat 3: jesusrubio (big blind) won 30


Winamax Poker - Tournament "Expresso Nitro" buyIn: 0.93€ + 0.07€ level: 1 - HandId: #2689877024654229505-3-1674657191 - Holdem no limit (10/20) - 2023/01/25 14:33:11 UTC
Table: 'Expresso Nitro(626285799)#0' 3-max (real money) Seat #2 is the button
Seat 1: Weakfish33 (290)
Seat 2: _SKR (270)
Seat 3: jesusrubio (340)
*** ANTE/BLINDS ***
jesusrubio posts small blind 10
Weakfish33 posts big blind 20
Dealt to _SKR [5s Kh]
*** PRE-FLOP *** 
_SKR folds
jesusrubio calls 10
Weakfish33 checks
*** FLOP *** [6h 3s 5c]
jesusrubio checks
Weakfish33 checks
*** TURN *** [6h 3s 5c][6c]
jesusrubio checks
Weakfish33 checks
*** RIVER *** [6h 3s 5c 6c][Kd]
jesusrubio checks
Weakfish33 checks
*** SHOW DOWN ***
jesusrubio shows [9h 7h] (One pair : 6)
Weakfish33 shows [8h Jh] (One pair : 6)
Weakfish33 collected 40 from pot
*** SUMMARY ***
Total pot 40 | No rake
Board: [6h 3s 5c 6c Kd]
Seat 1: Weakfish33 (big blind) showed [8h Jh] and won 40 with One pair : 6
Seat 3: jesusrubio (small blind) showed [9h 7h] and lost with One pair : 6


Winamax Poker - Tournament "Expresso Nitro" buyIn: 0.93€ + 0.07€ level: 2 - HandId: #2689877024654229505-4-1674657225 - Holdem no limit (15/30) - 2023/01/25 14:33:45 UTC
Table: 'Expresso Nitro(626285799)#0' 3-max (real money) Seat #3 is the button
Seat 1: Weakfish33 (310)
Seat 2: _SKR (270)
Seat 3: jesusrubio (320)
*** ANTE/BLINDS ***
Weakfish33 posts small blind 15
_SKR posts big blind 30
Dealt to _SKR [4c Kd]
*** PRE-FLOP *** 
jesusrubio folds
Weakfish33 folds
_SKR collected 45 from pot
*** SUMMARY ***
Total pot 45 | No rake
Seat 2: _SKR (big blind) won 45


Winamax Poker - Tournament "Expresso Nitro" buyIn: 0.93€ + 0.07€ level: 2 - HandId: #2689877024654229505-5-1674657233 - Holdem no limit (15/30) - 2023/01/25 14:33:53 UTC
Table: 'Expresso Nitro(626285799)#0' 3-max (real money) Seat #1 is the button
Seat 1: Weakfish33 (295)
Seat 2: _SKR (285)
Seat 3: jesusrubio (320)
*** ANTE/BLINDS ***
_SKR posts small blind 15
jesusrubio posts big blind 30
Dealt to _SKR [7c 9s]
*** PRE-FLOP *** 
Weakfish33 folds
_SKR folds
jesusrubio collected 45 from pot
*** SUMMARY ***
Total pot 45 | No rake
Seat 3: jesusrubio (big blind) won 45


Winamax Poker - Tournament "Expresso Nitro" buyIn: 0.93€ + 0.07€ level: 2 - HandId: #2689877024654229505-6-1674657240 - Holdem no limit (15/30) - 2023/01/25 14:34:00 UTC
Table: 'Expresso Nitro(626285799)#0' 3-max (real money) Seat #2 is the button
Seat 1: Weakfish33 (295)
Seat 2: _SKR (270)
Seat 3: jesusrubio (335)
*** ANTE/BLINDS ***
jesusrubio posts small blind 15
Weakfish33 posts big blind 30
Dealt to _SKR [Ad Kc]
*** PRE-FLOP *** 
_SKR raises 240 to 270 and is all-in
jesusrubio calls 255
Weakfish33 folds
*** FLOP *** [7c 4c 5h]
*** TURN *** [7c 4c 5h][2h]
*** RIVER *** [7c 4c 5h 2h][9s]
*** SHOW DOWN ***
jesusrubio shows [Qh Kh] (High card : King)
_SKR shows [Ad Kc] (High card : Ace)
_SKR collected 570 from pot
*** SUMMARY ***
Total pot 570 | No rake
Board: [7c 4c 5h 2h 9s]
Seat 2: _SKR (button) showed [Ad Kc] and won 570 with High card : Ace
Seat 3: jesusrubio (small blind) showed [Qh Kh] and lost with High card : King


Winamax Poker - Tournament "Expresso Nitro" buyIn: 0.93€ + 0.07€ level: 2 - HandId: #2689877024654229505-7-1674657255 - Holdem no limit (15/30) - 2023/01/25 14:34:15 UTC
Table: 'Expresso Nitro(626285799)#0' 3-max (real money) Seat #3 is the button
Seat 1: Weakfish33 (265)
Seat 2: _SKR (570)
Seat 3: jesusrubio (65)
*** ANTE/BLINDS ***
Weakfish33 posts small blind 15
_SKR posts big blind 30
Dealt to _SKR [Ts 8s]
*** PRE-FLOP *** 
jesusrubio raises 35 to 65 and is all-in
Weakfish33 folds
_SKR calls 35
*** FLOP *** [Ad 2s Js]
*** TURN *** [Ad 2s Js][6d]
*** RIVER *** [Ad 2s Js 6d][7h]
*** SHOW DOWN ***
_SKR shows [Ts 8s] (High card : Ace)
jesusrubio shows [As 5s] (One pair : Aces)
jesusrubio collected 145 from pot
*** SUMMARY ***
Total pot 145 | No rake
Board: [Ad 2s Js 6d 7h]
Seat 2: _SKR (big blind) showed [Ts 8s] and lost with High card : Ace
Seat 3: jesusrubio (button) showed [As 5s] and won 145 with One pair : Aces


Winamax Poker - Tournament "Expresso Nitro" buyIn: 0.93€ + 0.07€ level: 2 - HandId: #2689877024654229505-8-1674657270 - Holdem no limit (15/30) - 2023/01/25 14:34:30 UTC
Table: 'Expresso Nitro(626285799)#0' 3-max (real money) Seat #1 is the button
Seat 1: Weakfish33 (250)
Seat 2: _SKR (505)
Seat 3: jesusrubio (145)
*** ANTE/BLINDS ***
_SKR posts small blind 15
jesusrubio posts big blind 30
Dealt to _SKR [Td Ks]
*** PRE-FLOP *** 
Weakfish33 folds
_SKR raises 475 to 505 and is all-in
jesusrubio folds
_SKR collected 535 from pot
*** SUMMARY ***
Total pot 535 | No rake
Seat 2: _SKR (small blind) won 535


Winamax Poker - Tournament "Expresso Nitro" buyIn: 0.93€ + 0.07€ level: 2 - HandId: #2689877024654229505-9-1674657276 - Holdem no limit (15/30) - 2023/01/25 14:34:36 UTC
Table: 'Expresso Nitro(626285799)#0' 3-max (real money) Seat #2 is the button
Seat 1: Weakfish33 (250)
Seat 2: _SKR (535)
Seat 3: jesusrubio (115)
*** ANTE/BLINDS ***
jesusrubio posts small blind 15
Weakfish33 posts big blind 30
Dealt to _SKR [3s 4c]
*** PRE-FLOP *** 
_SKR folds
jesusrubio raises 85 to 115 and is all-in
Weakfish33 calls 85
*** FLOP *** [5s 7c 9s]
*** TURN *** [5s 7c 9s][8c]
*** RIVER *** [5s 7c 9s 8c][Ts]
*** SHOW DOWN ***
jesusrubio shows [Jc Kd] (Straight Jack high)
Weakfish33 shows [Qh Js] (Straight Queen high)
Weakfish33 collected 230 from pot
*** SUMMARY ***
Total pot 230 | No rake
Board: [5s 7c 9s 8c Ts]
Seat 1: Weakfish33 (big blind) showed [Qh Js] and won 230 with Straight Queen high
Seat 3: jesusrubio (small blind) showed [Jc Kd] and lost with Straight Jack high


Winamax Poker - Tournament "Expresso Nitro" buyIn: 0.93€ + 0.07€ level: 3 - HandId: #2689877024654229505-10-1674657290 - Holdem no limit (20/40) - 2023/01/25 14:34:50 UTC
Table: 'Expresso Nitro(626285799)#0' 3-max (real money) Seat #1 is the button
Seat 1: Weakfish33 (365)
Seat 2: _SKR (535)
*** ANTE/BLINDS ***
Weakfish33 posts small blind 20
_SKR posts big blind 40
Dealt to _SKR [Ah Jc]
*** PRE-FLOP *** 
Weakfish33 raises 40 to 80
_SKR raises 455 to 535 and is all-in
Weakfish33 calls 285 and is all-in
*** FLOP *** [9c Qs Td]
*** TURN *** [9c Qs Td][5d]
*** RIVER *** [9c Qs Td 5d][Jh]
*** SHOW DOWN ***
Weakfish33 shows [9d Kh] (Straight King high)
_SKR shows [Ah Jc] (One pair : Jacks)
_SKR collected 170 from side pot 1
Weakfish33 collected 730 from main pot
*** SUMMARY ***
Total pot 900 | No rake
Board: [9c Qs Td 5d Jh]
Seat 1: Weakfish33 (small blind) (button) showed [9d Kh] and won 730 with Straight King high
Seat 2: _SKR (big blind) showed [Ah Jc] and won 170 with One pair : Jacks


Winamax Poker - Tournament "Expresso Nitro" buyIn: 0.93€ + 0.07€ level: 3 - HandId: #2689877024654229505-11-1674657304 - Holdem no limit (20/40) - 2023/01/25 14:35:04 UTC
Table: 'Expresso Nitro(626285799)#0' 3-max (real money) Seat #2 is the button
Seat 1: Weakfish33 (730)
Seat 2: _SKR (170)
*** ANTE/BLINDS ***
_SKR posts small blind 20
Weakfish33 posts big blind 40
Dealt to _SKR [4h As]
*** PRE-FLOP *** 
_SKR raises 130 to 170 and is all-in
Weakfish33 calls 130
*** FLOP *** [9h 6c 5d]
*** TURN *** [9h 6c 5d][7c]
*** RIVER *** [9h 6c 5d 7c][Tc]
*** SHOW DOWN ***
_SKR shows [4h As] (High card : Ace)
Weakfish33 shows [Js Ac] (High card : Ace)
Weakfish33 collected 340 from pot
*** SUMMARY ***
Total pot 340 | No rake
Board: [9h 6c 5d 7c Tc]
Seat 1: Weakfish33 (big blind) showed [Js Ac] and won 340 with High card : Ace
Seat 2: _SKR (small blind) (button) showed [4h As] and lost with High card : Ace


