Winamax Poker - Tournament "Expresso Nitro" buyIn: 0.93€ + 0.07€ level: 1 - HandId: #2674109469566173185-1-1673701405 - Holdem no limit (10/20) - 2023/01/14 13:03:25 UTC
Table: 'Expresso Nitro(622614629)#0' 3-max (real money) Seat #1 is the button
Seat 1: _SKR (300)
Seat 2: BBWarrior354 (300)
Seat 3: Nosiel (300)
*** ANTE/BLINDS ***
BBWarrior354 posts small blind 10
Nosiel posts big blind 20
Dealt to _SKR [6h 4s]
*** PRE-FLOP *** 
_SKR folds
BBWarrior354 raises 280 to 300 and is all-in
Nosiel calls 280 and is all-in
*** FLOP *** [Ts 4h 5d]
*** TURN *** [Ts 4h 5d][As]
*** RIVER *** [Ts 4h 5d As][9c]
*** SHOW DOWN ***
BBWarrior354 shows [Js Kd] (High card : Ace)
Nosiel shows [Ac Kh] (One pair : Aces)
Nosiel collected 600 from pot
*** SUMMARY ***
Total pot 600 | No rake
Board: [Ts 4h 5d As 9c]
Seat 2: BBWarrior354 (small blind) showed [Js Kd] and lost with High card : Ace
Seat 3: Nosiel (big blind) showed [Ac Kh] and won 600 with One pair : Aces


Winamax Poker - Tournament "Expresso Nitro" buyIn: 0.93€ + 0.07€ level: 1 - HandId: #2674109469566173185-2-1673701422 - Holdem no limit (10/20) - 2023/01/14 13:03:42 UTC
Table: 'Expresso Nitro(622614629)#0' 3-max (real money) Seat #3 is the button
Seat 1: _SKR (300)
Seat 3: Nosiel (600)
*** ANTE/BLINDS ***
Nosiel posts small blind 10
_SKR posts big blind 20
Dealt to _SKR [Ah Qc]
*** PRE-FLOP *** 
Nosiel raises 580 to 600 and is all-in
_SKR calls 280 and is all-in
*** FLOP *** [Jh 4d Js]
*** TURN *** [Jh 4d Js][Tc]
*** RIVER *** [Jh 4d Js Tc][5d]
*** SHOW DOWN ***
_SKR shows [Ah Qc] (One pair : Jacks)
Nosiel shows [6h As] (One pair : Jacks)
Nosiel collected 300 from side pot 1
_SKR collected 600 from main pot
*** SUMMARY ***
Total pot 900 | No rake
Board: [Jh 4d Js Tc 5d]
Seat 1: _SKR (big blind) showed [Ah Qc] and won 600 with One pair : Jacks
Seat 3: Nosiel (small blind) (button) showed [6h As] and won 300 with One pair : Jacks


Winamax Poker - Tournament "Expresso Nitro" buyIn: 0.93€ + 0.07€ level: 1 - HandId: #2674109469566173185-3-1673701440 - Holdem no limit (10/20) - 2023/01/14 13:04:00 UTC
Table: 'Expresso Nitro(622614629)#0' 3-max (real money) Seat #1 is the button
Seat 1: _SKR (600)
Seat 3: Nosiel (300)
*** ANTE/BLINDS ***
_SKR posts small blind 10
Nosiel posts big blind 20
Dealt to _SKR [5d 5s]
*** PRE-FLOP *** 
_SKR raises 580 to 600 and is all-in
Nosiel folds
_SKR collected 620 from pot
*** SUMMARY ***
Total pot 620 | No rake
Seat 1: _SKR (small blind) (button) won 620


Winamax Poker - Tournament "Expresso Nitro" buyIn: 0.93€ + 0.07€ level: 1 - HandId: #2674109469566173185-4-1673701448 - Holdem no limit (10/20) - 2023/01/14 13:04:08 UTC
Table: 'Expresso Nitro(622614629)#0' 3-max (real money) Seat #3 is the button
Seat 1: _SKR (620)
Seat 3: Nosiel (280)
*** ANTE/BLINDS ***
Nosiel posts small blind 10
_SKR posts big blind 20
Dealt to _SKR [6s Ah]
*** PRE-FLOP *** 
Nosiel folds
_SKR collected 30 from pot
*** SUMMARY ***
Total pot 30 | No rake
Seat 1: _SKR (big blind) won 30


Winamax Poker - Tournament "Expresso Nitro" buyIn: 0.93€ + 0.07€ level: 1 - HandId: #2674109469566173185-5-1673701451 - Holdem no limit (10/20) - 2023/01/14 13:04:11 UTC
Table: 'Expresso Nitro(622614629)#0' 3-max (real money) Seat #1 is the button
Seat 1: _SKR (630)
Seat 3: Nosiel (270)
*** ANTE/BLINDS ***
_SKR posts small blind 10
Nosiel posts big blind 20
Dealt to _SKR [4d 3c]
*** PRE-FLOP *** 
_SKR folds
Nosiel collected 30 from pot
*** SUMMARY ***
Total pot 30 | No rake
Seat 3: Nosiel (big blind) won 30


Winamax Poker - Tournament "Expresso Nitro" buyIn: 0.93€ + 0.07€ level: 1 - HandId: #2674109469566173185-6-1673701454 - Holdem no limit (10/20) - 2023/01/14 13:04:14 UTC
Table: 'Expresso Nitro(622614629)#0' 3-max (real money) Seat #3 is the button
Seat 1: _SKR (620)
Seat 3: Nosiel (280)
*** ANTE/BLINDS ***
Nosiel posts small blind 10
_SKR posts big blind 20
Dealt to _SKR [Js 7c]
*** PRE-FLOP *** 
Nosiel folds
_SKR collected 30 from pot
*** SUMMARY ***
Total pot 30 | No rake
Seat 1: _SKR (big blind) won 30


Winamax Poker - Tournament "Expresso Nitro" buyIn: 0.93€ + 0.07€ level: 1 - HandId: #2674109469566173185-7-1673701458 - Holdem no limit (10/20) - 2023/01/14 13:04:18 UTC
Table: 'Expresso Nitro(622614629)#0' 3-max (real money) Seat #1 is the button
Seat 1: _SKR (630)
Seat 3: Nosiel (270)
*** ANTE/BLINDS ***
_SKR posts small blind 10
Nosiel posts big blind 20
Dealt to _SKR [6d 5s]
*** PRE-FLOP *** 
_SKR folds
Nosiel collected 30 from pot
*** SUMMARY ***
Total pot 30 | No rake
Seat 3: Nosiel (big blind) won 30


Winamax Poker - Tournament "Expresso Nitro" buyIn: 0.93€ + 0.07€ level: 2 - HandId: #2674109469566173185-8-1673701461 - Holdem no limit (15/30) - 2023/01/14 13:04:21 UTC
Table: 'Expresso Nitro(622614629)#0' 3-max (real money) Seat #3 is the button
Seat 1: _SKR (620)
Seat 3: Nosiel (280)
*** ANTE/BLINDS ***
Nosiel posts small blind 15
_SKR posts big blind 30
Dealt to _SKR [9c Qc]
*** PRE-FLOP *** 
Nosiel folds
_SKR collected 45 from pot
*** SUMMARY ***
Total pot 45 | No rake
Seat 1: _SKR (big blind) won 45


Winamax Poker - Tournament "Expresso Nitro" buyIn: 0.93€ + 0.07€ level: 2 - HandId: #2674109469566173185-9-1673701467 - Holdem no limit (15/30) - 2023/01/14 13:04:27 UTC
Table: 'Expresso Nitro(622614629)#0' 3-max (real money) Seat #1 is the button
Seat 1: _SKR (635)
Seat 3: Nosiel (265)
*** ANTE/BLINDS ***
_SKR posts small blind 15
Nosiel posts big blind 30
Dealt to _SKR [9s 9d]
*** PRE-FLOP *** 
_SKR raises 605 to 635 and is all-in
Nosiel folds
_SKR collected 665 from pot
*** SUMMARY ***
Total pot 665 | No rake
Seat 1: _SKR (small blind) (button) won 665


Winamax Poker - Tournament "Expresso Nitro" buyIn: 0.93€ + 0.07€ level: 2 - HandId: #2674109469566173185-10-1673701480 - Holdem no limit (15/30) - 2023/01/14 13:04:40 UTC
Table: 'Expresso Nitro(622614629)#0' 3-max (real money) Seat #3 is the button
Seat 1: _SKR (665)
Seat 3: Nosiel (235)
*** ANTE/BLINDS ***
Nosiel posts small blind 15
_SKR posts big blind 30
Dealt to _SKR [2c 8c]
*** PRE-FLOP *** 
Nosiel raises 205 to 235 and is all-in
_SKR folds
Nosiel collected 265 from pot
*** SUMMARY ***
Total pot 265 | No rake
Seat 3: Nosiel (small blind) (button) won 265


Winamax Poker - Tournament "Expresso Nitro" buyIn: 0.93€ + 0.07€ level: 2 - HandId: #2674109469566173185-11-1673701488 - Holdem no limit (15/30) - 2023/01/14 13:04:48 UTC
Table: 'Expresso Nitro(622614629)#0' 3-max (real money) Seat #1 is the button
Seat 1: _SKR (635)
Seat 3: Nosiel (265)
*** ANTE/BLINDS ***
_SKR posts small blind 15
Nosiel posts big blind 30
Dealt to _SKR [4h Qs]
*** PRE-FLOP *** 
_SKR folds
Nosiel collected 45 from pot
*** SUMMARY ***
Total pot 45 | No rake
Seat 3: Nosiel (big blind) won 45


Winamax Poker - Tournament "Expresso Nitro" buyIn: 0.93€ + 0.07€ level: 2 - HandId: #2674109469566173185-12-1673701492 - Holdem no limit (15/30) - 2023/01/14 13:04:52 UTC
Table: 'Expresso Nitro(622614629)#0' 3-max (real money) Seat #3 is the button
Seat 1: _SKR (620)
Seat 3: Nosiel (280)
*** ANTE/BLINDS ***
Nosiel posts small blind 15
_SKR posts big blind 30
Dealt to _SKR [2h Qh]
*** PRE-FLOP *** 
Nosiel folds
_SKR collected 45 from pot
*** SUMMARY ***
Total pot 45 | No rake
Seat 1: _SKR (big blind) won 45


Winamax Poker - Tournament "Expresso Nitro" buyIn: 0.93€ + 0.07€ level: 2 - HandId: #2674109469566173185-13-1673701500 - Holdem no limit (15/30) - 2023/01/14 13:05:00 UTC
Table: 'Expresso Nitro(622614629)#0' 3-max (real money) Seat #1 is the button
Seat 1: _SKR (635)
Seat 3: Nosiel (265)
*** ANTE/BLINDS ***
_SKR posts small blind 15
Nosiel posts big blind 30
Dealt to _SKR [8h 9h]
*** PRE-FLOP *** 
_SKR raises 605 to 635 and is all-in
Nosiel calls 235 and is all-in
*** FLOP *** [Td Kh 9d]
*** TURN *** [Td Kh 9d][3h]
*** RIVER *** [Td Kh 9d 3h][3s]
*** SHOW DOWN ***
Nosiel shows [6s 6c] (Two pairs : 6 and 3)
_SKR shows [8h 9h] (Two pairs : 9 and 3)
_SKR collected 900 from pot
*** SUMMARY ***
Total pot 900 | No rake
Board: [Td Kh 9d 3h 3s]
Seat 1: _SKR (small blind) (button) showed [8h 9h] and won 900 with Two pairs : 9 and 3
Seat 3: Nosiel (big blind) showed [6s 6c] and lost with Two pairs : 6 and 3


