Winamax Poker - Tournament "Expresso Nitro" buyIn: 1.86€ + 0.14€ level: 1 - HandId: #2698114497050050561-1-1675181315 - Holdem no limit (10/20) - 2023/01/31 16:08:35 UTC
Table: 'Expresso Nitro(628203735)#0' 3-max (real money) Seat #1 is the button
Seat 1: Vnik (300)
Seat 2: _SKR (300)
Seat 3: Zakiki68 (300)
*** ANTE/BLINDS ***
_SKR posts small blind 10
Zakiki68 posts big blind 20
Dealt to _SKR [4d 7c]
*** PRE-FLOP *** 
Vnik raises 280 to 300 and is all-in
_SKR folds
Zakiki68 calls 280 and is all-in
*** FLOP *** [7h Tc 8h]
*** TURN *** [7h Tc 8h][Qh]
*** RIVER *** [7h Tc 8h Qh][8d]
*** SHOW DOWN ***
Vnik shows [Ah 5s] (One pair : 8)
Zakiki68 shows [Ts Jd] (Two pairs : Tens and 8)
Zakiki68 collected 610 from pot
*** SUMMARY ***
Total pot 610 | No rake
Board: [7h Tc 8h Qh 8d]
Seat 1: Vnik (button) showed [Ah 5s] and lost with One pair : 8
Seat 3: Zakiki68 (big blind) showed [Ts Jd] and won 610 with Two pairs : Tens and 8


Winamax Poker - Tournament "Expresso Nitro" buyIn: 1.86€ + 0.14€ level: 1 - HandId: #2698114497050050561-2-1675181331 - Holdem no limit (10/20) - 2023/01/31 16:08:51 UTC
Table: 'Expresso Nitro(628203735)#0' 3-max (real money) Seat #3 is the button
Seat 2: _SKR (290)
Seat 3: Zakiki68 (610)
*** ANTE/BLINDS ***
Zakiki68 posts small blind 10
_SKR posts big blind 20
Dealt to _SKR [3d 8s]
*** PRE-FLOP *** 
Zakiki68 calls 10
_SKR checks
*** FLOP *** [8h 5h 9d]
_SKR checks
Zakiki68 bets 590 and is all-in
_SKR folds
Zakiki68 collected 630 from pot
*** SUMMARY ***
Total pot 630 | No rake
Board: [8h 5h 9d]
Seat 3: Zakiki68 (small blind) (button) won 630


Winamax Poker - Tournament "Expresso Nitro" buyIn: 1.86€ + 0.14€ level: 1 - HandId: #2698114497050050561-3-1675181349 - Holdem no limit (10/20) - 2023/01/31 16:09:09 UTC
Table: 'Expresso Nitro(628203735)#0' 3-max (real money) Seat #2 is the button
Seat 2: _SKR (270)
Seat 3: Zakiki68 (630)
*** ANTE/BLINDS ***
_SKR posts small blind 10
Zakiki68 posts big blind 20
Dealt to _SKR [4s 2d]
*** PRE-FLOP *** 
_SKR folds
Zakiki68 collected 30 from pot
*** SUMMARY ***
Total pot 30 | No rake
Seat 3: Zakiki68 (big blind) won 30


Winamax Poker - Tournament "Expresso Nitro" buyIn: 1.86€ + 0.14€ level: 1 - HandId: #2698114497050050561-4-1675181353 - Holdem no limit (10/20) - 2023/01/31 16:09:13 UTC
Table: 'Expresso Nitro(628203735)#0' 3-max (real money) Seat #3 is the button
Seat 2: _SKR (260)
Seat 3: Zakiki68 (640)
*** ANTE/BLINDS ***
Zakiki68 posts small blind 10
_SKR posts big blind 20
Dealt to _SKR [6h 9d]
*** PRE-FLOP *** 
Zakiki68 raises 20 to 40
_SKR folds
Zakiki68 collected 60 from pot
*** SUMMARY ***
Total pot 60 | No rake
Seat 3: Zakiki68 (small blind) (button) won 60


Winamax Poker - Tournament "Expresso Nitro" buyIn: 1.86€ + 0.14€ level: 1 - HandId: #2698114497050050561-5-1675181365 - Holdem no limit (10/20) - 2023/01/31 16:09:25 UTC
Table: 'Expresso Nitro(628203735)#0' 3-max (real money) Seat #2 is the button
Seat 2: _SKR (240)
Seat 3: Zakiki68 (660)
*** ANTE/BLINDS ***
_SKR posts small blind 10
Zakiki68 posts big blind 20
Dealt to _SKR [Jh 2c]
*** PRE-FLOP *** 
_SKR folds
Zakiki68 collected 30 from pot
*** SUMMARY ***
Total pot 30 | No rake
Seat 3: Zakiki68 (big blind) won 30


Winamax Poker - Tournament "Expresso Nitro" buyIn: 1.86€ + 0.14€ level: 2 - HandId: #2698114497050050561-6-1675181373 - Holdem no limit (15/30) - 2023/01/31 16:09:33 UTC
Table: 'Expresso Nitro(628203735)#0' 3-max (real money) Seat #3 is the button
Seat 2: _SKR (230)
Seat 3: Zakiki68 (670)
*** ANTE/BLINDS ***
Zakiki68 posts small blind 15
_SKR posts big blind 30
Dealt to _SKR [Ah Qc]
*** PRE-FLOP *** 
Zakiki68 folds
_SKR collected 45 from pot
*** SUMMARY ***
Total pot 45 | No rake
Seat 2: _SKR (big blind) won 45


Winamax Poker - Tournament "Expresso Nitro" buyIn: 1.86€ + 0.14€ level: 2 - HandId: #2698114497050050561-7-1675181376 - Holdem no limit (15/30) - 2023/01/31 16:09:36 UTC
Table: 'Expresso Nitro(628203735)#0' 3-max (real money) Seat #2 is the button
Seat 2: _SKR (245)
Seat 3: Zakiki68 (655)
*** ANTE/BLINDS ***
_SKR posts small blind 15
Zakiki68 posts big blind 30
Dealt to _SKR [Td 6h]
*** PRE-FLOP *** 
_SKR folds
Zakiki68 collected 45 from pot
*** SUMMARY ***
Total pot 45 | No rake
Seat 3: Zakiki68 (big blind) won 45


Winamax Poker - Tournament "Expresso Nitro" buyIn: 1.86€ + 0.14€ level: 2 - HandId: #2698114497050050561-8-1675181381 - Holdem no limit (15/30) - 2023/01/31 16:09:41 UTC
Table: 'Expresso Nitro(628203735)#0' 3-max (real money) Seat #3 is the button
Seat 2: _SKR (230)
Seat 3: Zakiki68 (670)
*** ANTE/BLINDS ***
Zakiki68 posts small blind 15
_SKR posts big blind 30
Dealt to _SKR [8d 3s]
*** PRE-FLOP *** 
Zakiki68 calls 15
_SKR checks
*** FLOP *** [8s 4c 7d]
_SKR checks
Zakiki68 checks
*** TURN *** [8s 4c 7d][7h]
_SKR bets 39
Zakiki68 folds
_SKR collected 99 from pot
*** SUMMARY ***
Total pot 99 | No rake
Board: [8s 4c 7d 7h]
Seat 2: _SKR (big blind) won 99


Winamax Poker - Tournament "Expresso Nitro" buyIn: 1.86€ + 0.14€ level: 2 - HandId: #2698114497050050561-9-1675181403 - Holdem no limit (15/30) - 2023/01/31 16:10:03 UTC
Table: 'Expresso Nitro(628203735)#0' 3-max (real money) Seat #2 is the button
Seat 2: _SKR (260)
Seat 3: Zakiki68 (640)
*** ANTE/BLINDS ***
_SKR posts small blind 15
Zakiki68 posts big blind 30
Dealt to _SKR [Ad 9c]
*** PRE-FLOP *** 
_SKR raises 230 to 260 and is all-in
Zakiki68 folds
_SKR collected 290 from pot
*** SUMMARY ***
Total pot 290 | No rake
Seat 2: _SKR (small blind) (button) won 290


Winamax Poker - Tournament "Expresso Nitro" buyIn: 1.86€ + 0.14€ level: 2 - HandId: #2698114497050050561-10-1675181410 - Holdem no limit (15/30) - 2023/01/31 16:10:10 UTC
Table: 'Expresso Nitro(628203735)#0' 3-max (real money) Seat #3 is the button
Seat 2: _SKR (290)
Seat 3: Zakiki68 (610)
*** ANTE/BLINDS ***
Zakiki68 posts small blind 15
_SKR posts big blind 30
Dealt to _SKR [8h 5h]
*** PRE-FLOP *** 
Zakiki68 raises 30 to 60
_SKR folds
Zakiki68 collected 90 from pot
*** SUMMARY ***
Total pot 90 | No rake
Seat 3: Zakiki68 (small blind) (button) won 90


Winamax Poker - Tournament "Expresso Nitro" buyIn: 1.86€ + 0.14€ level: 2 - HandId: #2698114497050050561-11-1675181415 - Holdem no limit (15/30) - 2023/01/31 16:10:15 UTC
Table: 'Expresso Nitro(628203735)#0' 3-max (real money) Seat #2 is the button
Seat 2: _SKR (260)
Seat 3: Zakiki68 (640)
*** ANTE/BLINDS ***
_SKR posts small blind 15
Zakiki68 posts big blind 30
Dealt to _SKR [9c Kc]
*** PRE-FLOP *** 
_SKR raises 230 to 260 and is all-in
Zakiki68 raises 380 to 640 and is all-in
*** FLOP *** [Qh Qs As]
*** TURN *** [Qh Qs As][8c]
*** RIVER *** [Qh Qs As 8c][Jh]
*** SHOW DOWN ***
_SKR shows [9c Kc] (One pair : Queens)
Zakiki68 shows [Ah 5h] (Two pairs : Aces and Queens)
Zakiki68 collected 900 from pot
*** SUMMARY ***
Total pot 900 | No rake
Board: [Qh Qs As 8c Jh]
Seat 2: _SKR (small blind) (button) showed [9c Kc] and lost with One pair : Queens
Seat 3: Zakiki68 (big blind) showed [Ah 5h] and won 900 with Two pairs : Aces and Queens


