Winamax Poker - Tournament "Expresso Nitro" buyIn: 1.86€ + 0.14€ level: 1 - HandId: #2695213903771598849-1-1675000299 - Holdem no limit (10/20) - 2023/01/29 13:51:39 UTC
Table: 'Expresso Nitro(627528388)#0' 3-max (real money) Seat #2 is the button
Seat 1: MERCIWINA13 (300)
Seat 2: LA SOMTUEUSE (300)
Seat 3: _SKR (300)
*** ANTE/BLINDS ***
_SKR posts small blind 10
MERCIWINA13 posts big blind 20
Dealt to _SKR [8h 9d]
*** PRE-FLOP *** 
LA SOMTUEUSE folds
_SKR calls 10
MERCIWINA13 raises 280 to 300 and is all-in
_SKR folds
MERCIWINA13 collected 320 from pot
*** SUMMARY ***
Total pot 320 | No rake
Seat 1: MERCIWINA13 (big blind) won 320


Winamax Poker - Tournament "Expresso Nitro" buyIn: 1.86€ + 0.14€ level: 1 - HandId: #2695213903771598849-2-1675000316 - Holdem no limit (10/20) - 2023/01/29 13:51:56 UTC
Table: 'Expresso Nitro(627528388)#0' 3-max (real money) Seat #3 is the button
Seat 1: MERCIWINA13 (320)
Seat 2: LA SOMTUEUSE (300)
Seat 3: _SKR (280)
*** ANTE/BLINDS ***
MERCIWINA13 posts small blind 10
LA SOMTUEUSE posts big blind 20
Dealt to _SKR [7s As]
*** PRE-FLOP *** 
_SKR raises 260 to 280 and is all-in
MERCIWINA13 folds
LA SOMTUEUSE folds
_SKR collected 310 from pot
*** SUMMARY ***
Total pot 310 | No rake
Seat 3: _SKR (button) won 310


Winamax Poker - Tournament "Expresso Nitro" buyIn: 1.86€ + 0.14€ level: 1 - HandId: #2695213903771598849-3-1675000329 - Holdem no limit (10/20) - 2023/01/29 13:52:09 UTC
Table: 'Expresso Nitro(627528388)#0' 3-max (real money) Seat #1 is the button
Seat 1: MERCIWINA13 (310)
Seat 2: LA SOMTUEUSE (280)
Seat 3: _SKR (310)
*** ANTE/BLINDS ***
LA SOMTUEUSE posts small blind 10
_SKR posts big blind 20
Dealt to _SKR [Qc Jd]
*** PRE-FLOP *** 
MERCIWINA13 calls 20
LA SOMTUEUSE folds
_SKR raises 290 to 310 and is all-in
MERCIWINA13 folds
_SKR collected 340 from pot
*** SUMMARY ***
Total pot 340 | No rake
Seat 3: _SKR (big blind) won 340


Winamax Poker - Tournament "Expresso Nitro" buyIn: 1.86€ + 0.14€ level: 1 - HandId: #2695213903771598849-4-1675000345 - Holdem no limit (10/20) - 2023/01/29 13:52:25 UTC
Table: 'Expresso Nitro(627528388)#0' 3-max (real money) Seat #2 is the button
Seat 1: MERCIWINA13 (290)
Seat 2: LA SOMTUEUSE (270)
Seat 3: _SKR (340)
*** ANTE/BLINDS ***
_SKR posts small blind 10
MERCIWINA13 posts big blind 20
Dealt to _SKR [8d 7d]
*** PRE-FLOP *** 
LA SOMTUEUSE folds
_SKR calls 10
MERCIWINA13 raises 270 to 290 and is all-in
_SKR folds
MERCIWINA13 collected 310 from pot
*** SUMMARY ***
Total pot 310 | No rake
Seat 1: MERCIWINA13 (big blind) won 310


Winamax Poker - Tournament "Expresso Nitro" buyIn: 1.86€ + 0.14€ level: 2 - HandId: #2695213903771598849-5-1675000363 - Holdem no limit (15/30) - 2023/01/29 13:52:43 UTC
Table: 'Expresso Nitro(627528388)#0' 3-max (real money) Seat #3 is the button
Seat 1: MERCIWINA13 (310)
Seat 2: LA SOMTUEUSE (270)
Seat 3: _SKR (320)
*** ANTE/BLINDS ***
MERCIWINA13 posts small blind 15
LA SOMTUEUSE posts big blind 30
Dealt to _SKR [7h 2s]
*** PRE-FLOP *** 
_SKR folds
MERCIWINA13 folds
LA SOMTUEUSE collected 45 from pot
*** SUMMARY ***
Total pot 45 | No rake
Seat 2: LA SOMTUEUSE (big blind) won 45


Winamax Poker - Tournament "Expresso Nitro" buyIn: 1.86€ + 0.14€ level: 2 - HandId: #2695213903771598849-6-1675000368 - Holdem no limit (15/30) - 2023/01/29 13:52:48 UTC
Table: 'Expresso Nitro(627528388)#0' 3-max (real money) Seat #1 is the button
Seat 1: MERCIWINA13 (295)
Seat 2: LA SOMTUEUSE (285)
Seat 3: _SKR (320)
*** ANTE/BLINDS ***
LA SOMTUEUSE posts small blind 15
_SKR posts big blind 30
Dealt to _SKR [Ts 4s]
*** PRE-FLOP *** 
MERCIWINA13 folds
LA SOMTUEUSE folds
_SKR collected 45 from pot
*** SUMMARY ***
Total pot 45 | No rake
Seat 3: _SKR (big blind) won 45


Winamax Poker - Tournament "Expresso Nitro" buyIn: 1.86€ + 0.14€ level: 2 - HandId: #2695213903771598849-7-1675000381 - Holdem no limit (15/30) - 2023/01/29 13:53:01 UTC
Table: 'Expresso Nitro(627528388)#0' 3-max (real money) Seat #2 is the button
Seat 1: MERCIWINA13 (295)
Seat 2: LA SOMTUEUSE (270)
Seat 3: _SKR (335)
*** ANTE/BLINDS ***
_SKR posts small blind 15
MERCIWINA13 posts big blind 30
Dealt to _SKR [3h 6c]
*** PRE-FLOP *** 
LA SOMTUEUSE folds
_SKR folds
MERCIWINA13 collected 45 from pot
*** SUMMARY ***
Total pot 45 | No rake
Seat 1: MERCIWINA13 (big blind) won 45


Winamax Poker - Tournament "Expresso Nitro" buyIn: 1.86€ + 0.14€ level: 2 - HandId: #2695213903771598849-8-1675000387 - Holdem no limit (15/30) - 2023/01/29 13:53:07 UTC
Table: 'Expresso Nitro(627528388)#0' 3-max (real money) Seat #3 is the button
Seat 1: MERCIWINA13 (310)
Seat 2: LA SOMTUEUSE (270)
Seat 3: _SKR (320)
*** ANTE/BLINDS ***
MERCIWINA13 posts small blind 15
LA SOMTUEUSE posts big blind 30
Dealt to _SKR [4c 7s]
*** PRE-FLOP *** 
_SKR folds
MERCIWINA13 calls 15
LA SOMTUEUSE checks
*** FLOP *** [8c Jc Kd]
MERCIWINA13 checks
LA SOMTUEUSE checks
*** TURN *** [8c Jc Kd][3c]
MERCIWINA13 checks
LA SOMTUEUSE checks
*** RIVER *** [8c Jc Kd 3c][2d]
MERCIWINA13 bets 60
LA SOMTUEUSE folds
MERCIWINA13 collected 120 from pot
*** SUMMARY ***
Total pot 120 | No rake
Board: [8c Jc Kd 3c 2d]
Seat 1: MERCIWINA13 (small blind) won 120


Winamax Poker - Tournament "Expresso Nitro" buyIn: 1.86€ + 0.14€ level: 2 - HandId: #2695213903771598849-9-1675000415 - Holdem no limit (15/30) - 2023/01/29 13:53:35 UTC
Table: 'Expresso Nitro(627528388)#0' 3-max (real money) Seat #1 is the button
Seat 1: MERCIWINA13 (340)
Seat 2: LA SOMTUEUSE (240)
Seat 3: _SKR (320)
*** ANTE/BLINDS ***
LA SOMTUEUSE posts small blind 15
_SKR posts big blind 30
Dealt to _SKR [Qh 5d]
*** PRE-FLOP *** 
MERCIWINA13 folds
LA SOMTUEUSE folds
_SKR collected 45 from pot
*** SUMMARY ***
Total pot 45 | No rake
Seat 3: _SKR (big blind) won 45


Winamax Poker - Tournament "Expresso Nitro" buyIn: 1.86€ + 0.14€ level: 3 - HandId: #2695213903771598849-10-1675000431 - Holdem no limit (20/40) - 2023/01/29 13:53:51 UTC
Table: 'Expresso Nitro(627528388)#0' 3-max (real money) Seat #2 is the button
Seat 1: MERCIWINA13 (340)
Seat 2: LA SOMTUEUSE (225)
Seat 3: _SKR (335)
*** ANTE/BLINDS ***
_SKR posts small blind 20
MERCIWINA13 posts big blind 40
Dealt to _SKR [Td Ah]
*** PRE-FLOP *** 
LA SOMTUEUSE raises 185 to 225 and is all-in
_SKR raises 110 to 335 and is all-in
MERCIWINA13 folds
*** FLOP *** [2h 2d 5h]
*** TURN *** [2h 2d 5h][8d]
*** RIVER *** [2h 2d 5h 8d][6s]
*** SHOW DOWN ***
LA SOMTUEUSE shows [3s 3c] (Two pairs : 3 and 2)
_SKR shows [Td Ah] (One pair : 2)
_SKR collected 110 from side pot 1
LA SOMTUEUSE collected 490 from main pot
*** SUMMARY ***
Total pot 600 | No rake
Board: [2h 2d 5h 8d 6s]
Seat 2: LA SOMTUEUSE (button) showed [3s 3c] and won 490 with Two pairs : 3 and 2
Seat 3: _SKR (small blind) showed [Td Ah] and won 110 with One pair : 2


Winamax Poker - Tournament "Expresso Nitro" buyIn: 1.86€ + 0.14€ level: 3 - HandId: #2695213903771598849-11-1675000445 - Holdem no limit (20/40) - 2023/01/29 13:54:05 UTC
Table: 'Expresso Nitro(627528388)#0' 3-max (real money) Seat #3 is the button
Seat 1: MERCIWINA13 (300)
Seat 2: LA SOMTUEUSE (490)
Seat 3: _SKR (110)
*** ANTE/BLINDS ***
MERCIWINA13 posts small blind 20
LA SOMTUEUSE posts big blind 40
Dealt to _SKR [2d Qs]
*** PRE-FLOP *** 
_SKR folds
MERCIWINA13 calls 20
LA SOMTUEUSE checks
*** FLOP *** [5s Ts 7s]
MERCIWINA13 checks
LA SOMTUEUSE bets 450 and is all-in
MERCIWINA13 calls 260 and is all-in
*** TURN *** [5s Ts 7s][8d]
*** RIVER *** [5s Ts 7s 8d][7d]
*** SHOW DOWN ***
MERCIWINA13 shows [Ks Js] (Flush King high)
LA SOMTUEUSE shows [6d Td] (Two pairs : Tens and 7)
LA SOMTUEUSE collected 190 from side pot 1
MERCIWINA13 collected 600 from main pot
*** SUMMARY ***
Total pot 790 | No rake
Board: [5s Ts 7s 8d 7d]
Seat 1: MERCIWINA13 (small blind) showed [Ks Js] and won 600 with Flush King high
Seat 2: LA SOMTUEUSE (big blind) showed [6d Td] and won 190 with Two pairs : Tens and 7


Winamax Poker - Tournament "Expresso Nitro" buyIn: 1.86€ + 0.14€ level: 3 - HandId: #2695213903771598849-12-1675000464 - Holdem no limit (20/40) - 2023/01/29 13:54:24 UTC
Table: 'Expresso Nitro(627528388)#0' 3-max (real money) Seat #1 is the button
Seat 1: MERCIWINA13 (600)
Seat 2: LA SOMTUEUSE (190)
Seat 3: _SKR (110)
*** ANTE/BLINDS ***
LA SOMTUEUSE posts small blind 20
_SKR posts big blind 40
Dealt to _SKR [2s Qc]
*** PRE-FLOP *** 
MERCIWINA13 calls 40
LA SOMTUEUSE raises 150 to 190 and is all-in
_SKR calls 70 and is all-in
MERCIWINA13 calls 150
*** FLOP *** [6h 2d 2c]
*** TURN *** [6h 2d 2c][5h]
*** RIVER *** [6h 2d 2c 5h][7c]
*** SHOW DOWN ***
MERCIWINA13 shows [Qd Jc] (One pair : 2)
LA SOMTUEUSE shows [9d 9s] (Two pairs : 9 and 2)
_SKR shows [2s Qc] (Trips of 2)
_SKR collected 330 from main pot
LA SOMTUEUSE collected 160 from side pot 1
*** SUMMARY ***
Total pot 490 | No rake
Board: [6h 2d 2c 5h 7c]
Seat 1: MERCIWINA13 (button) showed [Qd Jc] and lost with One pair : 2
Seat 2: LA SOMTUEUSE (small blind) showed [9d 9s] and won 160 with Two pairs : 9 and 2
Seat 3: _SKR (big blind) showed [2s Qc] and won 330 with Trips of 2


Winamax Poker - Tournament "Expresso Nitro" buyIn: 1.86€ + 0.14€ level: 4 - HandId: #2695213903771598849-13-1675000481 - Holdem no limit (30/60) - 2023/01/29 13:54:41 UTC
Table: 'Expresso Nitro(627528388)#0' 3-max (real money) Seat #2 is the button
Seat 1: MERCIWINA13 (410)
Seat 2: LA SOMTUEUSE (160)
Seat 3: _SKR (330)
*** ANTE/BLINDS ***
_SKR posts small blind 30
MERCIWINA13 posts big blind 60
Dealt to _SKR [9c Th]
*** PRE-FLOP *** 
LA SOMTUEUSE raises 100 to 160 and is all-in
_SKR folds
MERCIWINA13 calls 100
*** FLOP *** [3h Jh Qc]
*** TURN *** [3h Jh Qc][Qs]
*** RIVER *** [3h Jh Qc Qs][6s]
*** SHOW DOWN ***
MERCIWINA13 shows [9s 2h] (One pair : Queens)
LA SOMTUEUSE shows [Qd 9d] (Trips of Queens)
LA SOMTUEUSE collected 350 from pot
*** SUMMARY ***
Total pot 350 | No rake
Board: [3h Jh Qc Qs 6s]
Seat 1: MERCIWINA13 (big blind) showed [9s 2h] and lost with One pair : Queens
Seat 2: LA SOMTUEUSE (button) showed [Qd 9d] and won 350 with Trips of Queens


Winamax Poker - Tournament "Expresso Nitro" buyIn: 1.86€ + 0.14€ level: 4 - HandId: #2695213903771598849-14-1675000502 - Holdem no limit (30/60) - 2023/01/29 13:55:02 UTC
Table: 'Expresso Nitro(627528388)#0' 3-max (real money) Seat #3 is the button
Seat 1: MERCIWINA13 (250)
Seat 2: LA SOMTUEUSE (350)
Seat 3: _SKR (300)
*** ANTE/BLINDS ***
MERCIWINA13 posts small blind 30
LA SOMTUEUSE posts big blind 60
Dealt to _SKR [Ts 9s]
*** PRE-FLOP *** 
_SKR raises 240 to 300 and is all-in
MERCIWINA13 calls 220 and is all-in
LA SOMTUEUSE folds
*** FLOP *** [6h Ah 7c]
*** TURN *** [6h Ah 7c][2h]
*** RIVER *** [6h Ah 7c 2h][4d]
*** SHOW DOWN ***
MERCIWINA13 shows [5h Td] (High card : Ace)
_SKR shows [Ts 9s] (High card : Ace)
_SKR collected 610 from pot
*** SUMMARY ***
Total pot 610 | No rake
Board: [6h Ah 7c 2h 4d]
Seat 1: MERCIWINA13 (small blind) showed [5h Td] and lost with High card : Ace
Seat 3: _SKR (button) showed [Ts 9s] and won 610 with High card : Ace


Winamax Poker - Tournament "Expresso Nitro" buyIn: 1.86€ + 0.14€ level: 4 - HandId: #2695213903771598849-15-1675000521 - Holdem no limit (30/60) - 2023/01/29 13:55:21 UTC
Table: 'Expresso Nitro(627528388)#0' 3-max (real money) Seat #2 is the button
Seat 2: LA SOMTUEUSE (290)
Seat 3: _SKR (610)
*** ANTE/BLINDS ***
LA SOMTUEUSE posts small blind 30
_SKR posts big blind 60
Dealt to _SKR [7h Ad]
*** PRE-FLOP *** 
LA SOMTUEUSE folds
_SKR collected 90 from pot
*** SUMMARY ***
Total pot 90 | No rake
Seat 3: _SKR (big blind) won 90


Winamax Poker - Tournament "Expresso Nitro" buyIn: 1.86€ + 0.14€ level: 4 - HandId: #2695213903771598849-16-1675000528 - Holdem no limit (30/60) - 2023/01/29 13:55:28 UTC
Table: 'Expresso Nitro(627528388)#0' 3-max (real money) Seat #3 is the button
Seat 2: LA SOMTUEUSE (260)
Seat 3: _SKR (640)
*** ANTE/BLINDS ***
_SKR posts small blind 30
LA SOMTUEUSE posts big blind 60
Dealt to _SKR [7d 3c]
*** PRE-FLOP *** 
_SKR folds
LA SOMTUEUSE collected 90 from pot
*** SUMMARY ***
Total pot 90 | No rake
Seat 2: LA SOMTUEUSE (big blind) won 90


Winamax Poker - Tournament "Expresso Nitro" buyIn: 1.86€ + 0.14€ level: 4 - HandId: #2695213903771598849-17-1675000533 - Holdem no limit (30/60) - 2023/01/29 13:55:33 UTC
Table: 'Expresso Nitro(627528388)#0' 3-max (real money) Seat #2 is the button
Seat 2: LA SOMTUEUSE (290)
Seat 3: _SKR (610)
*** ANTE/BLINDS ***
LA SOMTUEUSE posts small blind 30
_SKR posts big blind 60
Dealt to _SKR [Th 6s]
*** PRE-FLOP *** 
LA SOMTUEUSE folds
_SKR collected 90 from pot
*** SUMMARY ***
Total pot 90 | No rake
Seat 3: _SKR (big blind) won 90


Winamax Poker - Tournament "Expresso Nitro" buyIn: 1.86€ + 0.14€ level: 5 - HandId: #2695213903771598849-18-1675000536 - Holdem no limit (40/80) - 2023/01/29 13:55:36 UTC
Table: 'Expresso Nitro(627528388)#0' 3-max (real money) Seat #3 is the button
Seat 2: LA SOMTUEUSE (260)
Seat 3: _SKR (640)
*** ANTE/BLINDS ***
_SKR posts small blind 40
LA SOMTUEUSE posts big blind 80
Dealt to _SKR [Ks 9d]
*** PRE-FLOP *** 
_SKR raises 560 to 640 and is all-in
LA SOMTUEUSE calls 180 and is all-in
*** FLOP *** [4d 3h 9c]
*** TURN *** [4d 3h 9c][8d]
*** RIVER *** [4d 3h 9c 8d][5s]
*** SHOW DOWN ***
LA SOMTUEUSE shows [9s Qh] (One pair : 9)
_SKR shows [Ks 9d] (One pair : 9)
_SKR collected 900 from pot
*** SUMMARY ***
Total pot 900 | No rake
Board: [4d 3h 9c 8d 5s]
Seat 2: LA SOMTUEUSE (big blind) showed [9s Qh] and lost with One pair : 9
Seat 3: _SKR (small blind) (button) showed [Ks 9d] and won 900 with One pair : 9


