Winamax Poker - Tournament "Expresso Nitro" buyIn: 1.86€ + 0.14€ level: 1 - HandId: #2696496243567230977-1-1675083329 - Holdem no limit (10/20) - 2023/01/30 12:55:29 UTC
Table: 'Expresso Nitro(627826956)#0' 3-max (real money) Seat #3 is the button
Seat 1: Josi_BA (300)
Seat 2: gotta55 (300)
Seat 3: _SKR (300)
*** ANTE/BLINDS ***
Josi_BA posts small blind 10
gotta55 posts big blind 20
Dealt to _SKR [6c Tc]
*** PRE-FLOP *** 
_SKR folds
Josi_BA folds
gotta55 collected 30 from pot
*** SUMMARY ***
Total pot 30 | No rake
Seat 2: gotta55 (big blind) won 30


Winamax Poker - Tournament "Expresso Nitro" buyIn: 1.86€ + 0.14€ level: 1 - HandId: #2696496243567230977-2-1675083334 - Holdem no limit (10/20) - 2023/01/30 12:55:34 UTC
Table: 'Expresso Nitro(627826956)#0' 3-max (real money) Seat #1 is the button
Seat 1: Josi_BA (290)
Seat 2: gotta55 (310)
Seat 3: _SKR (300)
*** ANTE/BLINDS ***
gotta55 posts small blind 10
_SKR posts big blind 20
Dealt to _SKR [Ac Ah]
*** PRE-FLOP *** 
Josi_BA folds
gotta55 raises 290 to 310 and is all-in
_SKR calls 280 and is all-in
*** FLOP *** [2d Qd 8h]
*** TURN *** [2d Qd 8h][9c]
*** RIVER *** [2d Qd 8h 9c][Js]
*** SHOW DOWN ***
_SKR shows [Ac Ah] (One pair : Aces)
gotta55 shows [Jh 9s] (Two pairs : Jacks and 9)
gotta55 collected 610 from pot
*** SUMMARY ***
Total pot 610 | No rake
Board: [2d Qd 8h 9c Js]
Seat 2: gotta55 (small blind) showed [Jh 9s] and won 610 with Two pairs : Jacks and 9
Seat 3: _SKR (big blind) showed [Ac Ah] and lost with One pair : Aces


