Winamax Poker - Tournament "Expresso Nitro" buyIn: 0.93€ + 0.07€ level: 1 - HandId: #2730613281923268609-1-1676988672 - Holdem no limit (10/20) - 2023/02/21 14:11:12 UTC
Table: 'Expresso Nitro(635770448)#0' 3-max (real money) Seat #2 is the button
Seat 1: _SKR (300)
Seat 2: ThanksBigPig (300)
Seat 3: NABSOLUTE (300)
*** ANTE/BLINDS ***
NABSOLUTE posts small blind 10
_SKR posts big blind 20
Dealt to _SKR [Qs Kd]
*** PRE-FLOP *** 
ThanksBigPig folds
NABSOLUTE folds
_SKR collected 30 from pot
*** SUMMARY ***
Total pot 30 | No rake
Seat 1: _SKR (big blind) won 30


Winamax Poker - Tournament "Expresso Nitro" buyIn: 0.93€ + 0.07€ level: 1 - HandId: #2730613281923268609-2-1676988677 - Holdem no limit (10/20) - 2023/02/21 14:11:17 UTC
Table: 'Expresso Nitro(635770448)#0' 3-max (real money) Seat #3 is the button
Seat 1: _SKR (310)
Seat 2: ThanksBigPig (300)
Seat 3: NABSOLUTE (290)
*** ANTE/BLINDS ***
_SKR posts small blind 10
ThanksBigPig posts big blind 20
Dealt to _SKR [5s Qd]
*** PRE-FLOP *** 
NABSOLUTE calls 20
_SKR folds
ThanksBigPig checks
*** FLOP *** [7h 9d 2h]
ThanksBigPig checks
NABSOLUTE checks
*** TURN *** [7h 9d 2h][Jh]
ThanksBigPig bets 20
NABSOLUTE folds
ThanksBigPig collected 70 from pot
*** SUMMARY ***
Total pot 70 | No rake
Board: [7h 9d 2h Jh]
Seat 2: ThanksBigPig (big blind) won 70


Winamax Poker - Tournament "Expresso Nitro" buyIn: 0.93€ + 0.07€ level: 1 - HandId: #2730613281923268609-3-1676988694 - Holdem no limit (10/20) - 2023/02/21 14:11:34 UTC
Table: 'Expresso Nitro(635770448)#0' 3-max (real money) Seat #1 is the button
Seat 1: _SKR (300)
Seat 2: ThanksBigPig (330)
Seat 3: NABSOLUTE (270)
*** ANTE/BLINDS ***
ThanksBigPig posts small blind 10
NABSOLUTE posts big blind 20
Dealt to _SKR [6s Jc]
*** PRE-FLOP *** 
_SKR folds
ThanksBigPig calls 10
NABSOLUTE checks
*** FLOP *** [6h 4d 5d]
ThanksBigPig bets 20
NABSOLUTE raises 45 to 65
ThanksBigPig raises 245 to 310 and is all-in
NABSOLUTE calls 185 and is all-in
*** TURN *** [6h 4d 5d][Kc]
*** RIVER *** [6h 4d 5d Kc][Js]
*** SHOW DOWN ***
ThanksBigPig shows [7d 9c] (High card : King)
NABSOLUTE shows [8d 6c] (One pair : 6)
NABSOLUTE collected 540 from main pot
ThanksBigPig collected 60 from side pot 1
*** SUMMARY ***
Total pot 600 | No rake
Board: [6h 4d 5d Kc Js]
Seat 2: ThanksBigPig (small blind) showed [7d 9c] and won 60 with High card : King
Seat 3: NABSOLUTE (big blind) showed [8d 6c] and won 540 with One pair : 6


Winamax Poker - Tournament "Expresso Nitro" buyIn: 0.93€ + 0.07€ level: 1 - HandId: #2730613281923268609-4-1676988725 - Holdem no limit (10/20) - 2023/02/21 14:12:05 UTC
Table: 'Expresso Nitro(635770448)#0' 3-max (real money) Seat #2 is the button
Seat 1: _SKR (300)
Seat 2: ThanksBigPig (60)
Seat 3: NABSOLUTE (540)
*** ANTE/BLINDS ***
NABSOLUTE posts small blind 10
_SKR posts big blind 20
Dealt to _SKR [Jc 9h]
*** PRE-FLOP *** 
ThanksBigPig raises 40 to 60 and is all-in
NABSOLUTE folds
_SKR folds
ThanksBigPig collected 90 from pot
*** SUMMARY ***
Total pot 90 | No rake
Seat 2: ThanksBigPig (button) won 90


Winamax Poker - Tournament "Expresso Nitro" buyIn: 0.93€ + 0.07€ level: 2 - HandId: #2730613281923268609-5-1676988739 - Holdem no limit (15/30) - 2023/02/21 14:12:19 UTC
Table: 'Expresso Nitro(635770448)#0' 3-max (real money) Seat #3 is the button
Seat 1: _SKR (280)
Seat 2: ThanksBigPig (90)
Seat 3: NABSOLUTE (530)
*** ANTE/BLINDS ***
_SKR posts small blind 15
ThanksBigPig posts big blind 30
Dealt to _SKR [2s 6s]
*** PRE-FLOP *** 
NABSOLUTE folds
_SKR folds
ThanksBigPig collected 45 from pot
*** SUMMARY ***
Total pot 45 | No rake
Seat 2: ThanksBigPig (big blind) won 45


Winamax Poker - Tournament "Expresso Nitro" buyIn: 0.93€ + 0.07€ level: 2 - HandId: #2730613281923268609-6-1676988751 - Holdem no limit (15/30) - 2023/02/21 14:12:31 UTC
Table: 'Expresso Nitro(635770448)#0' 3-max (real money) Seat #1 is the button
Seat 1: _SKR (265)
Seat 2: ThanksBigPig (105)
Seat 3: NABSOLUTE (530)
*** ANTE/BLINDS ***
ThanksBigPig posts small blind 15
NABSOLUTE posts big blind 30
Dealt to _SKR [4h 6d]
*** PRE-FLOP *** 
_SKR folds
ThanksBigPig raises 75 to 105 and is all-in
NABSOLUTE calls 75
*** FLOP *** [2c 8d 4c]
*** TURN *** [2c 8d 4c][Jd]
*** RIVER *** [2c 8d 4c Jd][8h]
*** SHOW DOWN ***
ThanksBigPig shows [3s 2s] (Two pairs : 8 and 2)
NABSOLUTE shows [Td Ts] (Two pairs : Tens and 8)
NABSOLUTE collected 210 from pot
*** SUMMARY ***
Total pot 210 | No rake
Board: [2c 8d 4c Jd 8h]
Seat 2: ThanksBigPig (small blind) showed [3s 2s] and lost with Two pairs : 8 and 2
Seat 3: NABSOLUTE (big blind) showed [Td Ts] and won 210 with Two pairs : Tens and 8


Winamax Poker - Tournament "Expresso Nitro" buyIn: 0.93€ + 0.07€ level: 2 - HandId: #2730613281923268609-7-1676988768 - Holdem no limit (15/30) - 2023/02/21 14:12:48 UTC
Table: 'Expresso Nitro(635770448)#0' 3-max (real money) Seat #3 is the button
Seat 1: _SKR (265)
Seat 3: NABSOLUTE (635)
*** ANTE/BLINDS ***
NABSOLUTE posts small blind 15
_SKR posts big blind 30
Dealt to _SKR [Kh 9s]
*** PRE-FLOP *** 
NABSOLUTE calls 15
_SKR raises 235 to 265 and is all-in
NABSOLUTE calls 235
*** FLOP *** [Kc Qs Td]
*** TURN *** [Kc Qs Td][Jd]
*** RIVER *** [Kc Qs Td Jd][6s]
*** SHOW DOWN ***
_SKR shows [Kh 9s] (Straight King high)
NABSOLUTE shows [As 2d] (Straight Ace high)
NABSOLUTE collected 530 from pot
*** SUMMARY ***
Total pot 530 | No rake
Board: [Kc Qs Td Jd 6s]
Seat 1: _SKR (big blind) showed [Kh 9s] and lost with Straight King high
Seat 3: NABSOLUTE (small blind) (button) showed [As 2d] and won 530 with Straight Ace high


