Winamax Poker - Tournament "Expresso Nitro" buyIn: 1.86€ + 0.14€ level: 1 - HandId: #2698139901781606401-1-1675182527 - Holdem no limit (10/20) - 2023/01/31 16:28:47 UTC
Table: 'Expresso Nitro(628209650)#0' 3-max (real money) Seat #2 is the button
Seat 1: MAYA3213 (300)
Seat 2: la frappe 83 (300)
Seat 3: _SKR (300)
*** ANTE/BLINDS ***
_SKR posts small blind 10
MAYA3213 posts big blind 20
Dealt to _SKR [4h 6c]
*** PRE-FLOP *** 
la frappe 83 calls 20
_SKR folds
MAYA3213 checks
*** FLOP *** [Jh Qd Th]
MAYA3213 checks
la frappe 83 checks
*** TURN *** [Jh Qd Th][6h]
MAYA3213 bets 33
la frappe 83 calls 33
*** RIVER *** [Jh Qd Th 6h][7d]
MAYA3213 bets 41
la frappe 83 folds
MAYA3213 collected 157 from pot
*** SUMMARY ***
Total pot 157 | No rake
Board: [Jh Qd Th 6h 7d]
Seat 1: MAYA3213 (big blind) won 157


Winamax Poker - Tournament "Expresso Nitro" buyIn: 1.86€ + 0.14€ level: 1 - HandId: #2698139901781606401-2-1675182557 - Holdem no limit (10/20) - 2023/01/31 16:29:17 UTC
Table: 'Expresso Nitro(628209650)#0' 3-max (real money) Seat #3 is the button
Seat 1: MAYA3213 (363)
Seat 2: la frappe 83 (247)
Seat 3: _SKR (290)
*** ANTE/BLINDS ***
MAYA3213 posts small blind 10
la frappe 83 posts big blind 20
Dealt to _SKR [2c Ah]
*** PRE-FLOP *** 
_SKR raises 270 to 290 and is all-in
MAYA3213 folds
la frappe 83 folds
_SKR collected 320 from pot
*** SUMMARY ***
Total pot 320 | No rake
Seat 3: _SKR (button) won 320


Winamax Poker - Tournament "Expresso Nitro" buyIn: 1.86€ + 0.14€ level: 1 - HandId: #2698139901781606401-3-1675182565 - Holdem no limit (10/20) - 2023/01/31 16:29:25 UTC
Table: 'Expresso Nitro(628209650)#0' 3-max (real money) Seat #1 is the button
Seat 1: MAYA3213 (353)
Seat 2: la frappe 83 (227)
Seat 3: _SKR (320)
*** ANTE/BLINDS ***
la frappe 83 posts small blind 10
_SKR posts big blind 20
Dealt to _SKR [5c Tc]
*** PRE-FLOP *** 
MAYA3213 calls 20
la frappe 83 calls 10
_SKR checks
*** FLOP *** [Ks 9c 2d]
la frappe 83 bets 20
_SKR folds
MAYA3213 calls 20
*** TURN *** [Ks 9c 2d][9d]
la frappe 83 bets 20
MAYA3213 calls 20
*** RIVER *** [Ks 9c 2d 9d][6s]
la frappe 83 bets 20
MAYA3213 calls 20
*** SHOW DOWN ***
MAYA3213 shows [Qd Jd] (One pair : 9)
la frappe 83 shows [Ts 2s] (Two pairs : 9 and 2)
la frappe 83 collected 180 from pot
*** SUMMARY ***
Total pot 180 | No rake
Board: [Ks 9c 2d 9d 6s]
Seat 1: MAYA3213 (button) showed [Qd Jd] and lost with One pair : 9
Seat 2: la frappe 83 (small blind) showed [Ts 2s] and won 180 with Two pairs : 9 and 2


Winamax Poker - Tournament "Expresso Nitro" buyIn: 1.86€ + 0.14€ level: 2 - HandId: #2698139901781606401-4-1675182591 - Holdem no limit (15/30) - 2023/01/31 16:29:51 UTC
Table: 'Expresso Nitro(628209650)#0' 3-max (real money) Seat #2 is the button
Seat 1: MAYA3213 (273)
Seat 2: la frappe 83 (327)
Seat 3: _SKR (300)
*** ANTE/BLINDS ***
_SKR posts small blind 15
MAYA3213 posts big blind 30
Dealt to _SKR [Td Jd]
*** PRE-FLOP *** 
la frappe 83 calls 30
_SKR raises 270 to 300 and is all-in
MAYA3213 folds
la frappe 83 calls 270
*** FLOP *** [2c Qh 7d]
*** TURN *** [2c Qh 7d][9s]
*** RIVER *** [2c Qh 7d 9s][Jh]
*** SHOW DOWN ***
la frappe 83 shows [6c Ah] (High card : Ace)
_SKR shows [Td Jd] (One pair : Jacks)
_SKR collected 630 from pot
*** SUMMARY ***
Total pot 630 | No rake
Board: [2c Qh 7d 9s Jh]
Seat 2: la frappe 83 (button) showed [6c Ah] and lost with High card : Ace
Seat 3: _SKR (small blind) showed [Td Jd] and won 630 with One pair : Jacks


Winamax Poker - Tournament "Expresso Nitro" buyIn: 1.86€ + 0.14€ level: 2 - HandId: #2698139901781606401-5-1675182618 - Holdem no limit (15/30) - 2023/01/31 16:30:18 UTC
Table: 'Expresso Nitro(628209650)#0' 3-max (real money) Seat #3 is the button
Seat 1: MAYA3213 (243)
Seat 2: la frappe 83 (27)
Seat 3: _SKR (630)
*** ANTE/BLINDS ***
MAYA3213 posts small blind 15
la frappe 83 posts big blind 27 and is all-in
Dealt to _SKR [Ad 6s]
*** PRE-FLOP *** 
_SKR raises 603 to 630 and is all-in
MAYA3213 folds
*** FLOP *** [8d 9c 5d]
*** TURN *** [8d 9c 5d][Th]
*** RIVER *** [8d 9c 5d Th][Kd]
*** SHOW DOWN ***
la frappe 83 shows [Qs As] (High card : Ace)
_SKR shows [Ad 6s] (High card : Ace)
_SKR collected 603 from side pot 1
la frappe 83 collected 69 from main pot
*** SUMMARY ***
Total pot 672 | No rake
Board: [8d 9c 5d Th Kd]
Seat 2: la frappe 83 (big blind) showed [Qs As] and won 69 with High card : Ace
Seat 3: _SKR (button) showed [Ad 6s] and won 603 with High card : Ace


Winamax Poker - Tournament "Expresso Nitro" buyIn: 1.86€ + 0.14€ level: 2 - HandId: #2698139901781606401-6-1675182631 - Holdem no limit (15/30) - 2023/01/31 16:30:31 UTC
Table: 'Expresso Nitro(628209650)#0' 3-max (real money) Seat #1 is the button
Seat 1: MAYA3213 (228)
Seat 2: la frappe 83 (69)
Seat 3: _SKR (603)
*** ANTE/BLINDS ***
la frappe 83 posts small blind 15
_SKR posts big blind 30
Dealt to _SKR [Td 5s]
*** PRE-FLOP *** 
MAYA3213 folds
la frappe 83 calls 15
_SKR checks
*** FLOP *** [5d Ah 9c]
la frappe 83 bets 39 and is all-in
_SKR folds
la frappe 83 collected 99 from pot
*** SUMMARY ***
Total pot 99 | No rake
Board: [5d Ah 9c]
Seat 2: la frappe 83 (small blind) won 99


Winamax Poker - Tournament "Expresso Nitro" buyIn: 1.86€ + 0.14€ level: 3 - HandId: #2698139901781606401-7-1675182651 - Holdem no limit (20/40) - 2023/01/31 16:30:51 UTC
Table: 'Expresso Nitro(628209650)#0' 3-max (real money) Seat #2 is the button
Seat 1: MAYA3213 (228)
Seat 2: la frappe 83 (99)
Seat 3: _SKR (573)
*** ANTE/BLINDS ***
_SKR posts small blind 20
MAYA3213 posts big blind 40
Dealt to _SKR [2d Ac]
*** PRE-FLOP *** 
la frappe 83 folds
_SKR raises 533 to 573 and is all-in
MAYA3213 folds
_SKR collected 613 from pot
*** SUMMARY ***
Total pot 613 | No rake
Seat 3: _SKR (small blind) won 613


Winamax Poker - Tournament "Expresso Nitro" buyIn: 1.86€ + 0.14€ level: 3 - HandId: #2698139901781606401-8-1675182660 - Holdem no limit (20/40) - 2023/01/31 16:31:00 UTC
Table: 'Expresso Nitro(628209650)#0' 3-max (real money) Seat #3 is the button
Seat 1: MAYA3213 (188)
Seat 2: la frappe 83 (99)
Seat 3: _SKR (613)
*** ANTE/BLINDS ***
MAYA3213 posts small blind 20
la frappe 83 posts big blind 40
Dealt to _SKR [3d 6s]
*** PRE-FLOP *** 
_SKR folds
MAYA3213 raises 40 to 80
la frappe 83 calls 40
*** FLOP *** [6d 2s 4d]
MAYA3213 bets 40
la frappe 83 calls 19 and is all-in
*** TURN *** [6d 2s 4d][4h]
*** RIVER *** [6d 2s 4d 4h][As]
*** SHOW DOWN ***
MAYA3213 shows [8d 7d] (One pair : 4)
la frappe 83 shows [2d 5d] (Two pairs : 4 and 2)
la frappe 83 collected 198 from main pot
MAYA3213 collected 21 from side pot 1
*** SUMMARY ***
Total pot 219 | No rake
Board: [6d 2s 4d 4h As]
Seat 1: MAYA3213 (small blind) showed [8d 7d] and won 21 with One pair : 4
Seat 2: la frappe 83 (big blind) showed [2d 5d] and won 198 with Two pairs : 4 and 2


Winamax Poker - Tournament "Expresso Nitro" buyIn: 1.86€ + 0.14€ level: 3 - HandId: #2698139901781606401-9-1675182675 - Holdem no limit (20/40) - 2023/01/31 16:31:15 UTC
Table: 'Expresso Nitro(628209650)#0' 3-max (real money) Seat #1 is the button
Seat 1: MAYA3213 (89)
Seat 2: la frappe 83 (198)
Seat 3: _SKR (613)
*** ANTE/BLINDS ***
la frappe 83 posts small blind 20
_SKR posts big blind 40
Dealt to _SKR [8s Jc]
*** PRE-FLOP *** 
MAYA3213 calls 40
la frappe 83 calls 20
_SKR checks
*** FLOP *** [3d 8d 4s]
la frappe 83 bets 42
_SKR raises 531 to 573 and is all-in
MAYA3213 folds
la frappe 83 calls 116 and is all-in
*** TURN *** [3d 8d 4s][Td]
*** RIVER *** [3d 8d 4s Td][3c]
*** SHOW DOWN ***
la frappe 83 shows [8c 9s] (Two pairs : 8 and 3)
_SKR shows [8s Jc] (Two pairs : 8 and 3)
_SKR collected 851 from pot
*** SUMMARY ***
Total pot 851 | No rake
Board: [3d 8d 4s Td 3c]
Seat 2: la frappe 83 (small blind) showed [8c 9s] and lost with Two pairs : 8 and 3
Seat 3: _SKR (big blind) showed [8s Jc] and won 851 with Two pairs : 8 and 3


Winamax Poker - Tournament "Expresso Nitro" buyIn: 1.86€ + 0.14€ level: 4 - HandId: #2698139901781606401-10-1675182717 - Holdem no limit (30/60) - 2023/01/31 16:31:57 UTC
Table: 'Expresso Nitro(628209650)#0' 3-max (real money) Seat #3 is the button
Seat 1: MAYA3213 (49)
Seat 3: _SKR (851)
*** ANTE/BLINDS ***
_SKR posts small blind 30
MAYA3213 posts big blind 49 and is all-in
Dealt to _SKR [9s 7h]
*** PRE-FLOP *** 
_SKR folds
MAYA3213 collected 79 from pot
*** SUMMARY ***
Total pot 79 | No rake
Seat 1: MAYA3213 (big blind) won 79


Winamax Poker - Tournament "Expresso Nitro" buyIn: 1.86€ + 0.14€ level: 4 - HandId: #2698139901781606401-11-1675182721 - Holdem no limit (30/60) - 2023/01/31 16:32:01 UTC
Table: 'Expresso Nitro(628209650)#0' 3-max (real money) Seat #1 is the button
Seat 1: MAYA3213 (79)
Seat 3: _SKR (821)
*** ANTE/BLINDS ***
MAYA3213 posts small blind 30
_SKR posts big blind 60
Dealt to _SKR [9h 5h]
*** PRE-FLOP *** 
MAYA3213 raises 19 to 79 and is all-in
_SKR calls 19
*** FLOP *** [9s 7c 7s]
*** TURN *** [9s 7c 7s][6h]
*** RIVER *** [9s 7c 7s 6h][Qc]
*** SHOW DOWN ***
MAYA3213 shows [4s 4d] (Two pairs : 7 and 4)
_SKR shows [9h 5h] (Two pairs : 9 and 7)
_SKR collected 158 from pot
*** SUMMARY ***
Total pot 158 | No rake
Board: [9s 7c 7s 6h Qc]
Seat 1: MAYA3213 (small blind) (button) showed [4s 4d] and lost with Two pairs : 7 and 4
Seat 3: _SKR (big blind) showed [9h 5h] and won 158 with Two pairs : 9 and 7


