Winamax Poker - Tournament "Expresso Nitro" buyIn: 1.86€ + 0.14€ level: 1 - HandId: #2677114460614688769-1-1673877772 - Holdem no limit (10/20) - 2023/01/16 14:02:52 UTC
Table: 'Expresso Nitro(623314283)#0' 3-max (real money) Seat #2 is the button
Seat 1: jungle julia (300)
Seat 2: _SKR (300)
Seat 3: Bia75 (300)
*** ANTE/BLINDS ***
Bia75 posts small blind 10
jungle julia posts big blind 20
Dealt to _SKR [4d 2d]
*** PRE-FLOP *** 
_SKR folds
Bia75 folds
jungle julia collected 30 from pot
*** SUMMARY ***
Total pot 30 | No rake
Seat 1: jungle julia (big blind) won 30


Winamax Poker - Tournament "Expresso Nitro" buyIn: 1.86€ + 0.14€ level: 1 - HandId: #2677114460614688769-2-1673877777 - Holdem no limit (10/20) - 2023/01/16 14:02:57 UTC
Table: 'Expresso Nitro(623314283)#0' 3-max (real money) Seat #3 is the button
Seat 1: jungle julia (310)
Seat 2: _SKR (300)
Seat 3: Bia75 (290)
*** ANTE/BLINDS ***
jungle julia posts small blind 10
_SKR posts big blind 20
Dealt to _SKR [7d 7c]
*** PRE-FLOP *** 
Bia75 raises 20 to 40
jungle julia folds
_SKR raises 260 to 300 and is all-in
Bia75 folds
_SKR collected 350 from pot
*** SUMMARY ***
Total pot 350 | No rake
Seat 2: _SKR (big blind) won 350


Winamax Poker - Tournament "Expresso Nitro" buyIn: 1.86€ + 0.14€ level: 1 - HandId: #2677114460614688769-3-1673877786 - Holdem no limit (10/20) - 2023/01/16 14:03:06 UTC
Table: 'Expresso Nitro(623314283)#0' 3-max (real money) Seat #1 is the button
Seat 1: jungle julia (300)
Seat 2: _SKR (350)
Seat 3: Bia75 (250)
*** ANTE/BLINDS ***
_SKR posts small blind 10
Bia75 posts big blind 20
Dealt to _SKR [Tc 8s]
*** PRE-FLOP *** 
jungle julia folds
_SKR folds
Bia75 collected 30 from pot
*** SUMMARY ***
Total pot 30 | No rake
Seat 3: Bia75 (big blind) won 30


Winamax Poker - Tournament "Expresso Nitro" buyIn: 1.86€ + 0.14€ level: 1 - HandId: #2677114460614688769-4-1673877794 - Holdem no limit (10/20) - 2023/01/16 14:03:14 UTC
Table: 'Expresso Nitro(623314283)#0' 3-max (real money) Seat #2 is the button
Seat 1: jungle julia (300)
Seat 2: _SKR (340)
Seat 3: Bia75 (260)
*** ANTE/BLINDS ***
Bia75 posts small blind 10
jungle julia posts big blind 20
Dealt to _SKR [6d Qd]
*** PRE-FLOP *** 
_SKR folds
Bia75 calls 10
jungle julia checks
*** FLOP *** [6s Ah Qc]
Bia75 checks
jungle julia bets 20
Bia75 calls 20
*** TURN *** [6s Ah Qc][Jh]
Bia75 checks
jungle julia checks
*** RIVER *** [6s Ah Qc Jh][8h]
Bia75 checks
jungle julia checks
*** SHOW DOWN ***
jungle julia shows [5s 6c] (One pair : 6)
Bia75 shows [Th Jc] (One pair : Jacks)
Bia75 collected 80 from pot
*** SUMMARY ***
Total pot 80 | No rake
Board: [6s Ah Qc Jh 8h]
Seat 1: jungle julia (big blind) showed [5s 6c] and lost with One pair : 6
Seat 3: Bia75 (small blind) showed [Th Jc] and won 80 with One pair : Jacks


Winamax Poker - Tournament "Expresso Nitro" buyIn: 1.86€ + 0.14€ level: 2 - HandId: #2677114460614688769-5-1673877829 - Holdem no limit (15/30) - 2023/01/16 14:03:49 UTC
Table: 'Expresso Nitro(623314283)#0' 3-max (real money) Seat #3 is the button
Seat 1: jungle julia (260)
Seat 2: _SKR (340)
Seat 3: Bia75 (300)
*** ANTE/BLINDS ***
jungle julia posts small blind 15
_SKR posts big blind 30
Dealt to _SKR [7s 3d]
*** PRE-FLOP *** 
Bia75 folds
jungle julia raises 230 to 260 and is all-in
_SKR folds
jungle julia collected 290 from pot
*** SUMMARY ***
Total pot 290 | No rake
Seat 1: jungle julia (small blind) won 290


Winamax Poker - Tournament "Expresso Nitro" buyIn: 1.86€ + 0.14€ level: 2 - HandId: #2677114460614688769-6-1673877835 - Holdem no limit (15/30) - 2023/01/16 14:03:55 UTC
Table: 'Expresso Nitro(623314283)#0' 3-max (real money) Seat #1 is the button
Seat 1: jungle julia (290)
Seat 2: _SKR (310)
Seat 3: Bia75 (300)
*** ANTE/BLINDS ***
_SKR posts small blind 15
Bia75 posts big blind 30
Dealt to _SKR [9c Jc]
*** PRE-FLOP *** 
jungle julia raises 30 to 60
_SKR folds
Bia75 calls 30
*** FLOP *** [Td 4d Tc]
Bia75 checks
jungle julia bets 68
Bia75 folds
jungle julia collected 203 from pot
*** SUMMARY ***
Total pot 203 | No rake
Board: [Td 4d Tc]
Seat 1: jungle julia (button) won 203


Winamax Poker - Tournament "Expresso Nitro" buyIn: 1.86€ + 0.14€ level: 2 - HandId: #2677114460614688769-7-1673877849 - Holdem no limit (15/30) - 2023/01/16 14:04:09 UTC
Table: 'Expresso Nitro(623314283)#0' 3-max (real money) Seat #2 is the button
Seat 1: jungle julia (365)
Seat 2: _SKR (295)
Seat 3: Bia75 (240)
*** ANTE/BLINDS ***
Bia75 posts small blind 15
jungle julia posts big blind 30
Dealt to _SKR [Jc 7h]
*** PRE-FLOP *** 
_SKR folds
Bia75 folds
jungle julia collected 45 from pot
*** SUMMARY ***
Total pot 45 | No rake
Seat 1: jungle julia (big blind) won 45


Winamax Poker - Tournament "Expresso Nitro" buyIn: 1.86€ + 0.14€ level: 2 - HandId: #2677114460614688769-8-1673877853 - Holdem no limit (15/30) - 2023/01/16 14:04:13 UTC
Table: 'Expresso Nitro(623314283)#0' 3-max (real money) Seat #3 is the button
Seat 1: jungle julia (380)
Seat 2: _SKR (295)
Seat 3: Bia75 (225)
*** ANTE/BLINDS ***
jungle julia posts small blind 15
_SKR posts big blind 30
Dealt to _SKR [9h Th]
*** PRE-FLOP *** 
Bia75 raises 195 to 225 and is all-in
jungle julia folds
_SKR folds
Bia75 collected 270 from pot
*** SUMMARY ***
Total pot 270 | No rake
Seat 3: Bia75 (button) won 270


Winamax Poker - Tournament "Expresso Nitro" buyIn: 1.86€ + 0.14€ level: 2 - HandId: #2677114460614688769-9-1673877861 - Holdem no limit (15/30) - 2023/01/16 14:04:21 UTC
Table: 'Expresso Nitro(623314283)#0' 3-max (real money) Seat #1 is the button
Seat 1: jungle julia (365)
Seat 2: _SKR (265)
Seat 3: Bia75 (270)
*** ANTE/BLINDS ***
_SKR posts small blind 15
Bia75 posts big blind 30
Dealt to _SKR [Qc Qd]
*** PRE-FLOP *** 
jungle julia folds
_SKR calls 15
Bia75 checks
*** FLOP *** [Kd Ac Tc]
_SKR bets 30
Bia75 folds
_SKR collected 90 from pot
*** SUMMARY ***
Total pot 90 | No rake
Board: [Kd Ac Tc]
Seat 2: _SKR (small blind) won 90


Winamax Poker - Tournament "Expresso Nitro" buyIn: 1.86€ + 0.14€ level: 2 - HandId: #2677114460614688769-10-1673877873 - Holdem no limit (15/30) - 2023/01/16 14:04:33 UTC
Table: 'Expresso Nitro(623314283)#0' 3-max (real money) Seat #2 is the button
Seat 1: jungle julia (365)
Seat 2: _SKR (295)
Seat 3: Bia75 (240)
*** ANTE/BLINDS ***
Bia75 posts small blind 15
jungle julia posts big blind 30
Dealt to _SKR [7c 4s]
*** PRE-FLOP *** 
_SKR folds
Bia75 folds
jungle julia collected 45 from pot
*** SUMMARY ***
Total pot 45 | No rake
Seat 1: jungle julia (big blind) won 45


Winamax Poker - Tournament "Expresso Nitro" buyIn: 1.86€ + 0.14€ level: 2 - HandId: #2677114460614688769-11-1673877876 - Holdem no limit (15/30) - 2023/01/16 14:04:36 UTC
Table: 'Expresso Nitro(623314283)#0' 3-max (real money) Seat #3 is the button
Seat 1: jungle julia (380)
Seat 2: _SKR (295)
Seat 3: Bia75 (225)
*** ANTE/BLINDS ***
jungle julia posts small blind 15
_SKR posts big blind 30
Dealt to _SKR [4s 6d]
*** PRE-FLOP *** 
Bia75 folds
jungle julia folds
_SKR collected 45 from pot
*** SUMMARY ***
Total pot 45 | No rake
Seat 2: _SKR (big blind) won 45


Winamax Poker - Tournament "Expresso Nitro" buyIn: 1.86€ + 0.14€ level: 2 - HandId: #2677114460614688769-12-1673877881 - Holdem no limit (15/30) - 2023/01/16 14:04:41 UTC
Table: 'Expresso Nitro(623314283)#0' 3-max (real money) Seat #1 is the button
Seat 1: jungle julia (365)
Seat 2: _SKR (310)
Seat 3: Bia75 (225)
*** ANTE/BLINDS ***
_SKR posts small blind 15
Bia75 posts big blind 30
Dealt to _SKR [4c Qc]
*** PRE-FLOP *** 
jungle julia folds
_SKR raises 280 to 310 and is all-in
Bia75 folds
_SKR collected 340 from pot
*** SUMMARY ***
Total pot 340 | No rake
Seat 2: _SKR (small blind) won 340


Winamax Poker - Tournament "Expresso Nitro" buyIn: 1.86€ + 0.14€ level: 3 - HandId: #2677114460614688769-13-1673877889 - Holdem no limit (20/40) - 2023/01/16 14:04:49 UTC
Table: 'Expresso Nitro(623314283)#0' 3-max (real money) Seat #2 is the button
Seat 1: jungle julia (365)
Seat 2: _SKR (340)
Seat 3: Bia75 (195)
*** ANTE/BLINDS ***
Bia75 posts small blind 20
jungle julia posts big blind 40
Dealt to _SKR [3c 4d]
*** PRE-FLOP *** 
_SKR folds
Bia75 folds
jungle julia collected 60 from pot
*** SUMMARY ***
Total pot 60 | No rake
Seat 1: jungle julia (big blind) won 60


Winamax Poker - Tournament "Expresso Nitro" buyIn: 1.86€ + 0.14€ level: 3 - HandId: #2677114460614688769-14-1673877893 - Holdem no limit (20/40) - 2023/01/16 14:04:53 UTC
Table: 'Expresso Nitro(623314283)#0' 3-max (real money) Seat #3 is the button
Seat 1: jungle julia (385)
Seat 2: _SKR (340)
Seat 3: Bia75 (175)
*** ANTE/BLINDS ***
jungle julia posts small blind 20
_SKR posts big blind 40
Dealt to _SKR [Qd Ks]
*** PRE-FLOP *** 
Bia75 raises 135 to 175 and is all-in
jungle julia calls 155
_SKR raises 165 to 340 and is all-in
jungle julia calls 165
*** FLOP *** [Kc As 3c]
*** TURN *** [Kc As 3c][6s]
*** RIVER *** [Kc As 3c 6s][9s]
*** SHOW DOWN ***
_SKR shows [Qd Ks] (One pair : Kings)
Bia75 shows [9c Qc] (One pair : 9)
jungle julia shows [5d Ac] (One pair : Aces)
jungle julia collected 855 from pot
*** SUMMARY ***
Total pot 855 | No rake
Board: [Kc As 3c 6s 9s]
Seat 1: jungle julia (small blind) showed [5d Ac] and won 855 with One pair : Aces
Seat 2: _SKR (big blind) showed [Qd Ks] and lost with One pair : Kings
Seat 3: Bia75 (button) showed [9c Qc] and lost with One pair : 9


