Winamax Poker - Tournament "Expresso Nitro" buyIn: 0.93€ + 0.07€ level: 1 - HandId: #2718712588971016193-1-1676296781 - Holdem no limit (10/20) - 2023/02/13 13:59:41 UTC
Table: 'Expresso Nitro(632999602)#0' 3-max (real money) Seat #3 is the button
Seat 1: silverhaze30 (300)
Seat 2: _SKR (300)
Seat 3: COVINGTON (300)
*** ANTE/BLINDS ***
silverhaze30 posts small blind 10
_SKR posts big blind 20
Dealt to _SKR [2h Jh]
*** PRE-FLOP *** 
COVINGTON folds
silverhaze30 calls 10
_SKR checks
*** FLOP *** [9h 6d 8c]
silverhaze30 checks
_SKR checks
*** TURN *** [9h 6d 8c][9d]
silverhaze30 bets 20
_SKR folds
silverhaze30 collected 60 from pot
*** SUMMARY ***
Total pot 60 | No rake
Board: [9h 6d 8c 9d]
Seat 1: silverhaze30 (small blind) won 60


Winamax Poker - Tournament "Expresso Nitro" buyIn: 0.93€ + 0.07€ level: 1 - HandId: #2718712588971016193-2-1676296803 - Holdem no limit (10/20) - 2023/02/13 14:00:03 UTC
Table: 'Expresso Nitro(632999602)#0' 3-max (real money) Seat #1 is the button
Seat 1: silverhaze30 (320)
Seat 2: _SKR (280)
Seat 3: COVINGTON (300)
*** ANTE/BLINDS ***
_SKR posts small blind 10
COVINGTON posts big blind 20
Dealt to _SKR [9s Jd]
*** PRE-FLOP *** 
silverhaze30 calls 20
_SKR folds
COVINGTON checks
*** FLOP *** [Kd 3s 5d]
COVINGTON checks
silverhaze30 bets 33
COVINGTON raises 247 to 280 and is all-in
silverhaze30 raises 20 to 300 and is all-in
*** TURN *** [Kd 3s 5d][7s]
*** RIVER *** [Kd 3s 5d 7s][7h]
*** SHOW DOWN ***
COVINGTON shows [5s Kc] (Two pairs : Kings and 7)
silverhaze30 shows [Ts Ks] (Two pairs : Kings and 7)
silverhaze30 collected 630 from pot
*** SUMMARY ***
Total pot 630 | No rake
Board: [Kd 3s 5d 7s 7h]
Seat 1: silverhaze30 (button) showed [Ts Ks] and won 630 with Two pairs : Kings and 7
Seat 3: COVINGTON (big blind) showed [5s Kc] and lost with Two pairs : Kings and 7


Winamax Poker - Tournament "Expresso Nitro" buyIn: 0.93€ + 0.07€ level: 1 - HandId: #2718712588971016193-3-1676296829 - Holdem no limit (10/20) - 2023/02/13 14:00:29 UTC
Table: 'Expresso Nitro(632999602)#0' 3-max (real money) Seat #1 is the button
Seat 1: silverhaze30 (630)
Seat 2: _SKR (270)
*** ANTE/BLINDS ***
silverhaze30 posts small blind 10
_SKR posts big blind 20
Dealt to _SKR [5s Qh]
*** PRE-FLOP *** 
silverhaze30 calls 10
_SKR checks
*** FLOP *** [As Kc 4h]
_SKR checks
silverhaze30 bets 20
_SKR folds
silverhaze30 collected 60 from pot
*** SUMMARY ***
Total pot 60 | No rake
Board: [As Kc 4h]
Seat 1: silverhaze30 (small blind) (button) won 60


Winamax Poker - Tournament "Expresso Nitro" buyIn: 0.93€ + 0.07€ level: 2 - HandId: #2718712588971016193-4-1676296849 - Holdem no limit (15/30) - 2023/02/13 14:00:49 UTC
Table: 'Expresso Nitro(632999602)#0' 3-max (real money) Seat #2 is the button
Seat 1: silverhaze30 (650)
Seat 2: _SKR (250)
*** ANTE/BLINDS ***
_SKR posts small blind 15
silverhaze30 posts big blind 30
Dealt to _SKR [8s 4s]
*** PRE-FLOP *** 
_SKR folds
silverhaze30 collected 45 from pot
*** SUMMARY ***
Total pot 45 | No rake
Seat 1: silverhaze30 (big blind) won 45


Winamax Poker - Tournament "Expresso Nitro" buyIn: 0.93€ + 0.07€ level: 2 - HandId: #2718712588971016193-5-1676296852 - Holdem no limit (15/30) - 2023/02/13 14:00:52 UTC
Table: 'Expresso Nitro(632999602)#0' 3-max (real money) Seat #1 is the button
Seat 1: silverhaze30 (665)
Seat 2: _SKR (235)
*** ANTE/BLINDS ***
silverhaze30 posts small blind 15
_SKR posts big blind 30
Dealt to _SKR [Kd 7d]
*** PRE-FLOP *** 
silverhaze30 calls 15
_SKR raises 205 to 235 and is all-in
silverhaze30 folds
_SKR collected 265 from pot
*** SUMMARY ***
Total pot 265 | No rake
Seat 2: _SKR (big blind) won 265


Winamax Poker - Tournament "Expresso Nitro" buyIn: 0.93€ + 0.07€ level: 2 - HandId: #2718712588971016193-6-1676296861 - Holdem no limit (15/30) - 2023/02/13 14:01:01 UTC
Table: 'Expresso Nitro(632999602)#0' 3-max (real money) Seat #2 is the button
Seat 1: silverhaze30 (635)
Seat 2: _SKR (265)
*** ANTE/BLINDS ***
_SKR posts small blind 15
silverhaze30 posts big blind 30
Dealt to _SKR [8s 3c]
*** PRE-FLOP *** 
_SKR folds
silverhaze30 collected 45 from pot
*** SUMMARY ***
Total pot 45 | No rake
Seat 1: silverhaze30 (big blind) won 45


Winamax Poker - Tournament "Expresso Nitro" buyIn: 0.93€ + 0.07€ level: 2 - HandId: #2718712588971016193-7-1676296867 - Holdem no limit (15/30) - 2023/02/13 14:01:07 UTC
Table: 'Expresso Nitro(632999602)#0' 3-max (real money) Seat #1 is the button
Seat 1: silverhaze30 (650)
Seat 2: _SKR (250)
*** ANTE/BLINDS ***
silverhaze30 posts small blind 15
_SKR posts big blind 30
Dealt to _SKR [Ts Tc]
*** PRE-FLOP *** 
silverhaze30 calls 15
_SKR raises 220 to 250 and is all-in
silverhaze30 raises 400 to 650 and is all-in
*** FLOP *** [7s Qs Kh]
*** TURN *** [7s Qs Kh][8d]
*** RIVER *** [7s Qs Kh 8d][Js]
*** SHOW DOWN ***
silverhaze30 shows [9s 9c] (One pair : 9)
_SKR shows [Ts Tc] (One pair : Tens)
_SKR collected 500 from main pot
silverhaze30 collected 400 from side pot 1
*** SUMMARY ***
Total pot 900 | No rake
Board: [7s Qs Kh 8d Js]
Seat 1: silverhaze30 (small blind) (button) showed [9s 9c] and won 400 with One pair : 9
Seat 2: _SKR (big blind) showed [Ts Tc] and won 500 with One pair : Tens


Winamax Poker - Tournament "Expresso Nitro" buyIn: 0.93€ + 0.07€ level: 2 - HandId: #2718712588971016193-8-1676296879 - Holdem no limit (15/30) - 2023/02/13 14:01:19 UTC
Table: 'Expresso Nitro(632999602)#0' 3-max (real money) Seat #2 is the button
Seat 1: silverhaze30 (400)
Seat 2: _SKR (500)
*** ANTE/BLINDS ***
_SKR posts small blind 15
silverhaze30 posts big blind 30
Dealt to _SKR [Ad Ac]
*** PRE-FLOP *** 
_SKR raises 30 to 60
silverhaze30 raises 340 to 400 and is all-in
_SKR calls 340
*** FLOP *** [4s 3s 8h]
*** TURN *** [4s 3s 8h][As]
*** RIVER *** [4s 3s 8h As][Qs]
*** SHOW DOWN ***
_SKR shows [Ad Ac] (Trips of Aces)
silverhaze30 shows [Jh Ks] (Flush Ace high)
silverhaze30 collected 800 from pot
*** SUMMARY ***
Total pot 800 | No rake
Board: [4s 3s 8h As Qs]
Seat 1: silverhaze30 (big blind) showed [Jh Ks] and won 800 with Flush Ace high
Seat 2: _SKR (small blind) (button) showed [Ad Ac] and lost with Trips of Aces


Winamax Poker - Tournament "Expresso Nitro" buyIn: 0.93€ + 0.07€ level: 2 - HandId: #2718712588971016193-9-1676296896 - Holdem no limit (15/30) - 2023/02/13 14:01:36 UTC
Table: 'Expresso Nitro(632999602)#0' 3-max (real money) Seat #1 is the button
Seat 1: silverhaze30 (800)
Seat 2: _SKR (100)
*** ANTE/BLINDS ***
silverhaze30 posts small blind 15
_SKR posts big blind 30
Dealt to _SKR [Kh 4c]
*** PRE-FLOP *** 
silverhaze30 raises 770 to 800 and is all-in
_SKR calls 70 and is all-in
*** FLOP *** [Qc As 5h]
*** TURN *** [Qc As 5h][3s]
*** RIVER *** [Qc As 5h 3s][3h]
*** SHOW DOWN ***
silverhaze30 shows [2c Jd] (One pair : 3)
_SKR shows [Kh 4c] (One pair : 3)
_SKR collected 200 from main pot
silverhaze30 collected 700 from side pot 1
*** SUMMARY ***
Total pot 900 | No rake
Board: [Qc As 5h 3s 3h]
Seat 1: silverhaze30 (small blind) (button) showed [2c Jd] and won 700 with One pair : 3
Seat 2: _SKR (big blind) showed [Kh 4c] and won 200 with One pair : 3


Winamax Poker - Tournament "Expresso Nitro" buyIn: 0.93€ + 0.07€ level: 3 - HandId: #2718712588971016193-10-1676296908 - Holdem no limit (20/40) - 2023/02/13 14:01:48 UTC
Table: 'Expresso Nitro(632999602)#0' 3-max (real money) Seat #2 is the button
Seat 1: silverhaze30 (700)
Seat 2: _SKR (200)
*** ANTE/BLINDS ***
_SKR posts small blind 20
silverhaze30 posts big blind 40
Dealt to _SKR [8h 9c]
*** PRE-FLOP *** 
_SKR raises 160 to 200 and is all-in
silverhaze30 calls 160
*** FLOP *** [2d Qh 3s]
*** TURN *** [2d Qh 3s][4h]
*** RIVER *** [2d Qh 3s 4h][Qc]
*** SHOW DOWN ***
_SKR shows [8h 9c] (One pair : Queens)
silverhaze30 shows [Qs Jd] (Trips of Queens)
silverhaze30 collected 400 from pot
*** SUMMARY ***
Total pot 400 | No rake
Board: [2d Qh 3s 4h Qc]
Seat 1: silverhaze30 (big blind) showed [Qs Jd] and won 400 with Trips of Queens
Seat 2: _SKR (small blind) (button) showed [8h 9c] and lost with One pair : Queens


