Winamax Poker - Tournament "Expresso Nitro" buyIn: 0.93€ + 0.07€ level: 1 - HandId: #2676343874762309633-1-1673820708 - Holdem no limit (10/20) - 2023/01/15 22:11:48 UTC
Table: 'Expresso Nitro(623134867)#0' 3-max (real money) Seat #3 is the button
Seat 1: _SKR (300)
Seat 2: MagicAirJohn (300)
Seat 3: Misho (300)
*** ANTE/BLINDS ***
_SKR posts small blind 10
MagicAirJohn posts big blind 20
Dealt to _SKR [9c 6s]
*** PRE-FLOP *** 
Misho raises 40 to 60
_SKR folds
MagicAirJohn folds
Misho collected 90 from pot
*** SUMMARY ***
Total pot 90 | No rake
Seat 3: Misho (button) won 90


Winamax Poker - Tournament "Expresso Nitro" buyIn: 0.93€ + 0.07€ level: 1 - HandId: #2676343874762309633-2-1673820721 - Holdem no limit (10/20) - 2023/01/15 22:12:01 UTC
Table: 'Expresso Nitro(623134867)#0' 3-max (real money) Seat #1 is the button
Seat 1: _SKR (290)
Seat 2: MagicAirJohn (280)
Seat 3: Misho (330)
*** ANTE/BLINDS ***
MagicAirJohn posts small blind 10
Misho posts big blind 20
Dealt to _SKR [8h 5h]
*** PRE-FLOP *** 
_SKR folds
MagicAirJohn folds
Misho collected 30 from pot
*** SUMMARY ***
Total pot 30 | No rake
Seat 3: Misho (big blind) won 30


Winamax Poker - Tournament "Expresso Nitro" buyIn: 0.93€ + 0.07€ level: 1 - HandId: #2676343874762309633-3-1673820727 - Holdem no limit (10/20) - 2023/01/15 22:12:07 UTC
Table: 'Expresso Nitro(623134867)#0' 3-max (real money) Seat #2 is the button
Seat 1: _SKR (290)
Seat 2: MagicAirJohn (270)
Seat 3: Misho (340)
*** ANTE/BLINDS ***
Misho posts small blind 10
_SKR posts big blind 20
Dealt to _SKR [8h Kd]
*** PRE-FLOP *** 
MagicAirJohn folds
Misho folds
_SKR collected 30 from pot
*** SUMMARY ***
Total pot 30 | No rake
Seat 1: _SKR (big blind) won 30


Winamax Poker - Tournament "Expresso Nitro" buyIn: 0.93€ + 0.07€ level: 1 - HandId: #2676343874762309633-4-1673820732 - Holdem no limit (10/20) - 2023/01/15 22:12:12 UTC
Table: 'Expresso Nitro(623134867)#0' 3-max (real money) Seat #3 is the button
Seat 1: _SKR (300)
Seat 2: MagicAirJohn (270)
Seat 3: Misho (330)
*** ANTE/BLINDS ***
_SKR posts small blind 10
MagicAirJohn posts big blind 20
Dealt to _SKR [2s 5d]
*** PRE-FLOP *** 
Misho folds
_SKR folds
MagicAirJohn collected 30 from pot
*** SUMMARY ***
Total pot 30 | No rake
Seat 2: MagicAirJohn (big blind) won 30


Winamax Poker - Tournament "Expresso Nitro" buyIn: 0.93€ + 0.07€ level: 1 - HandId: #2676343874762309633-5-1673820748 - Holdem no limit (10/20) - 2023/01/15 22:12:28 UTC
Table: 'Expresso Nitro(623134867)#0' 3-max (real money) Seat #1 is the button
Seat 1: _SKR (290)
Seat 2: MagicAirJohn (280)
Seat 3: Misho (330)
*** ANTE/BLINDS ***
MagicAirJohn posts small blind 10
Misho posts big blind 20
Dealt to _SKR [8c 8s]
*** PRE-FLOP *** 
_SKR raises 270 to 290 and is all-in
MagicAirJohn calls 270 and is all-in
Misho folds
*** FLOP *** [7h As 6d]
*** TURN *** [7h As 6d][2s]
*** RIVER *** [7h As 6d 2s][4s]
*** SHOW DOWN ***
_SKR shows [8c 8s] (One pair : 8)
MagicAirJohn shows [Th Ts] (One pair : Tens)
MagicAirJohn collected 580 from main pot
_SKR collected 10 from side pot 1
*** SUMMARY ***
Total pot 590 | No rake
Board: [7h As 6d 2s 4s]
Seat 1: _SKR (button) showed [8c 8s] and won 10 with One pair : 8
Seat 2: MagicAirJohn (small blind) showed [Th Ts] and won 580 with One pair : Tens


Winamax Poker - Tournament "Expresso Nitro" buyIn: 0.93€ + 0.07€ level: 1 - HandId: #2676343874762309633-6-1673820762 - Holdem no limit (10/20) - 2023/01/15 22:12:42 UTC
Table: 'Expresso Nitro(623134867)#0' 3-max (real money) Seat #2 is the button
Seat 1: _SKR (10)
Seat 2: MagicAirJohn (580)
Seat 3: Misho (310)
*** ANTE/BLINDS ***
Misho posts small blind 10
_SKR posts big blind 10 and is all-in
Dealt to _SKR [8s Kh]
*** PRE-FLOP *** 
MagicAirJohn calls 20
Misho calls 10
*** FLOP *** [Ac Qh Js]
Misho checks
MagicAirJohn bets 50
Misho folds
*** TURN *** [Ac Qh Js][4c]
*** RIVER *** [Ac Qh Js 4c][As]
*** SHOW DOWN ***
_SKR shows [8s Kh] (One pair : Aces)
MagicAirJohn shows [7h 9h] (One pair : Aces)
MagicAirJohn collected 70 from side pot 1
_SKR collected 30 from main pot
*** SUMMARY ***
Total pot 100 | No rake
Board: [Ac Qh Js 4c As]
Seat 1: _SKR (big blind) showed [8s Kh] and won 30 with One pair : Aces
Seat 2: MagicAirJohn (button) showed [7h 9h] and won 70 with One pair : Aces


Winamax Poker - Tournament "Expresso Nitro" buyIn: 0.93€ + 0.07€ level: 2 - HandId: #2676343874762309633-7-1673820791 - Holdem no limit (15/30) - 2023/01/15 22:13:11 UTC
Table: 'Expresso Nitro(623134867)#0' 3-max (real money) Seat #3 is the button
Seat 1: _SKR (30)
Seat 2: MagicAirJohn (580)
Seat 3: Misho (290)
*** ANTE/BLINDS ***
_SKR posts small blind 15
MagicAirJohn posts big blind 30
Dealt to _SKR [Ah Th]
*** PRE-FLOP *** 
Misho raises 45 to 75
_SKR calls 15 and is all-in
MagicAirJohn folds
*** FLOP *** [Jc Qh 5h]
*** TURN *** [Jc Qh 5h][5s]
*** RIVER *** [Jc Qh 5h 5s][2c]
*** SHOW DOWN ***
_SKR shows [Ah Th] (One pair : 5)
Misho shows [Td Qc] (Two pairs : Queens and 5)
Misho collected 135 from pot
*** SUMMARY ***
Total pot 135 | No rake
Board: [Jc Qh 5h 5s 2c]
Seat 1: _SKR (small blind) showed [Ah Th] and lost with One pair : 5
Seat 3: Misho (button) showed [Td Qc] and won 135 with Two pairs : Queens and 5


