Winamax Poker - Tournament "Expresso Nitro" buyIn: 0.93€ + 0.07€ level: 1 - HandId: #2675092488795979777-1-1673743941 - Holdem no limit (10/20) - 2023/01/15 00:52:21 UTC
Table: 'Expresso Nitro(622843506)#0' 3-max (real money) Seat #1 is the button
Seat 1: Harry-Poker9 (300)
Seat 2: _SKR (300)
Seat 3: joke5522 (300)
*** ANTE/BLINDS ***
_SKR posts small blind 10
joke5522 posts big blind 20
Dealt to _SKR [3h Jd]
*** PRE-FLOP *** 
Harry-Poker9 raises 280 to 300 and is all-in
_SKR folds
joke5522 folds
Harry-Poker9 collected 330 from pot
*** SUMMARY ***
Total pot 330 | No rake
Seat 1: Harry-Poker9 (button) won 330


Winamax Poker - Tournament "Expresso Nitro" buyIn: 0.93€ + 0.07€ level: 1 - HandId: #2675092488795979777-2-1673743971 - Holdem no limit (10/20) - 2023/01/15 00:52:51 UTC
Table: 'Expresso Nitro(622843506)#0' 3-max (real money) Seat #2 is the button
Seat 1: Harry-Poker9 (330)
Seat 2: _SKR (290)
Seat 3: joke5522 (280)
*** ANTE/BLINDS ***
joke5522 posts small blind 10
Harry-Poker9 posts big blind 20
Dealt to _SKR [3d 4c]
*** PRE-FLOP *** 
_SKR folds
joke5522 folds
Harry-Poker9 collected 30 from pot
*** SUMMARY ***
Total pot 30 | No rake
Seat 1: Harry-Poker9 (big blind) won 30


Winamax Poker - Tournament "Expresso Nitro" buyIn: 0.93€ + 0.07€ level: 1 - HandId: #2675092488795979777-3-1673743981 - Holdem no limit (10/20) - 2023/01/15 00:53:01 UTC
Table: 'Expresso Nitro(622843506)#0' 3-max (real money) Seat #3 is the button
Seat 1: Harry-Poker9 (340)
Seat 2: _SKR (290)
Seat 3: joke5522 (270)
*** ANTE/BLINDS ***
Harry-Poker9 posts small blind 10
_SKR posts big blind 20
Dealt to _SKR [Jc 7c]
*** PRE-FLOP *** 
joke5522 folds
Harry-Poker9 folds
_SKR collected 30 from pot
*** SUMMARY ***
Total pot 30 | No rake
Seat 2: _SKR (big blind) won 30


Winamax Poker - Tournament "Expresso Nitro" buyIn: 0.93€ + 0.07€ level: 1 - HandId: #2675092488795979777-4-1673743995 - Holdem no limit (10/20) - 2023/01/15 00:53:15 UTC
Table: 'Expresso Nitro(622843506)#0' 3-max (real money) Seat #1 is the button
Seat 1: Harry-Poker9 (330)
Seat 2: _SKR (300)
Seat 3: joke5522 (270)
*** ANTE/BLINDS ***
_SKR posts small blind 10
joke5522 posts big blind 20
Dealt to _SKR [2h 8d]
*** PRE-FLOP *** 
Harry-Poker9 calls 20
_SKR folds
joke5522 checks
*** FLOP *** [Qc Ah 3s]
joke5522 checks
Harry-Poker9 bets 25
joke5522 folds
Harry-Poker9 collected 75 from pot
*** SUMMARY ***
Total pot 75 | No rake
Board: [Qc Ah 3s]
Seat 1: Harry-Poker9 (button) won 75


Winamax Poker - Tournament "Expresso Nitro" buyIn: 0.93€ + 0.07€ level: 2 - HandId: #2675092488795979777-5-1673744034 - Holdem no limit (15/30) - 2023/01/15 00:53:54 UTC
Table: 'Expresso Nitro(622843506)#0' 3-max (real money) Seat #2 is the button
Seat 1: Harry-Poker9 (360)
Seat 2: _SKR (290)
Seat 3: joke5522 (250)
*** ANTE/BLINDS ***
joke5522 posts small blind 15
Harry-Poker9 posts big blind 30
Dealt to _SKR [5s 9d]
*** PRE-FLOP *** 
_SKR folds
joke5522 folds
Harry-Poker9 collected 45 from pot
*** SUMMARY ***
Total pot 45 | No rake
Seat 1: Harry-Poker9 (big blind) won 45


Winamax Poker - Tournament "Expresso Nitro" buyIn: 0.93€ + 0.07€ level: 2 - HandId: #2675092488795979777-6-1673744044 - Holdem no limit (15/30) - 2023/01/15 00:54:04 UTC
Table: 'Expresso Nitro(622843506)#0' 3-max (real money) Seat #3 is the button
Seat 1: Harry-Poker9 (375)
Seat 2: _SKR (290)
Seat 3: joke5522 (235)
*** ANTE/BLINDS ***
Harry-Poker9 posts small blind 15
_SKR posts big blind 30
Dealt to _SKR [Qh 5c]
*** PRE-FLOP *** 
joke5522 folds
Harry-Poker9 folds
_SKR collected 45 from pot
*** SUMMARY ***
Total pot 45 | No rake
Seat 2: _SKR (big blind) won 45


Winamax Poker - Tournament "Expresso Nitro" buyIn: 0.93€ + 0.07€ level: 3 - HandId: #2675092488795979777-7-1673744057 - Holdem no limit (20/40) - 2023/01/15 00:54:17 UTC
Table: 'Expresso Nitro(622843506)#0' 3-max (real money) Seat #1 is the button
Seat 1: Harry-Poker9 (360)
Seat 2: _SKR (305)
Seat 3: joke5522 (235)
*** ANTE/BLINDS ***
_SKR posts small blind 20
joke5522 posts big blind 40
Dealt to _SKR [9h 9d]
*** PRE-FLOP *** 
Harry-Poker9 folds
_SKR raises 265 to 305 and is all-in
joke5522 calls 195 and is all-in
*** FLOP *** [2s 7s Kd]
*** TURN *** [2s 7s Kd][5d]
*** RIVER *** [2s 7s Kd 5d][9s]
*** SHOW DOWN ***
joke5522 shows [7h Tc] (One pair : 7)
_SKR shows [9h 9d] (Trips of 9)
_SKR collected 540 from pot
*** SUMMARY ***
Total pot 540 | No rake
Board: [2s 7s Kd 5d 9s]
Seat 2: _SKR (small blind) showed [9h 9d] and won 540 with Trips of 9
Seat 3: joke5522 (big blind) showed [7h Tc] and lost with One pair : 7


Winamax Poker - Tournament "Expresso Nitro" buyIn: 0.93€ + 0.07€ level: 3 - HandId: #2675092488795979777-8-1673744074 - Holdem no limit (20/40) - 2023/01/15 00:54:34 UTC
Table: 'Expresso Nitro(622843506)#0' 3-max (real money) Seat #1 is the button
Seat 1: Harry-Poker9 (360)
Seat 2: _SKR (540)
*** ANTE/BLINDS ***
Harry-Poker9 posts small blind 20
_SKR posts big blind 40
Dealt to _SKR [5c Js]
*** PRE-FLOP *** 
Harry-Poker9 calls 20
_SKR checks
*** FLOP *** [Kd 7h 7d]
_SKR checks
Harry-Poker9 bets 40
_SKR folds
Harry-Poker9 collected 120 from pot
*** SUMMARY ***
Total pot 120 | No rake
Board: [Kd 7h 7d]
Seat 1: Harry-Poker9 (small blind) (button) won 120


Winamax Poker - Tournament "Expresso Nitro" buyIn: 0.93€ + 0.07€ level: 3 - HandId: #2675092488795979777-9-1673744085 - Holdem no limit (20/40) - 2023/01/15 00:54:45 UTC
Table: 'Expresso Nitro(622843506)#0' 3-max (real money) Seat #2 is the button
Seat 1: Harry-Poker9 (400)
Seat 2: _SKR (500)
*** ANTE/BLINDS ***
_SKR posts small blind 20
Harry-Poker9 posts big blind 40
Dealt to _SKR [Ah 9d]
*** PRE-FLOP *** 
_SKR raises 460 to 500 and is all-in
Harry-Poker9 folds
_SKR collected 540 from pot
*** SUMMARY ***
Total pot 540 | No rake
Seat 2: _SKR (small blind) (button) won 540


Winamax Poker - Tournament "Expresso Nitro" buyIn: 0.93€ + 0.07€ level: 3 - HandId: #2675092488795979777-10-1673744090 - Holdem no limit (20/40) - 2023/01/15 00:54:50 UTC
Table: 'Expresso Nitro(622843506)#0' 3-max (real money) Seat #1 is the button
Seat 1: Harry-Poker9 (360)
Seat 2: _SKR (540)
*** ANTE/BLINDS ***
Harry-Poker9 posts small blind 20
_SKR posts big blind 40
Dealt to _SKR [As 9d]
*** PRE-FLOP *** 
Harry-Poker9 calls 20
_SKR raises 500 to 540 and is all-in
Harry-Poker9 calls 320 and is all-in
*** FLOP *** [5h 3h 6s]
*** TURN *** [5h 3h 6s][5d]
*** RIVER *** [5h 3h 6s 5d][Kh]
*** SHOW DOWN ***
Harry-Poker9 shows [8h Jh] (Flush King high)
_SKR shows [As 9d] (One pair : 5)
_SKR collected 180 from side pot 1
Harry-Poker9 collected 720 from main pot
*** SUMMARY ***
Total pot 900 | No rake
Board: [5h 3h 6s 5d Kh]
Seat 1: Harry-Poker9 (small blind) (button) showed [8h Jh] and won 720 with Flush King high
Seat 2: _SKR (big blind) showed [As 9d] and won 180 with One pair : 5


Winamax Poker - Tournament "Expresso Nitro" buyIn: 0.93€ + 0.07€ level: 3 - HandId: #2675092488795979777-11-1673744103 - Holdem no limit (20/40) - 2023/01/15 00:55:03 UTC
Table: 'Expresso Nitro(622843506)#0' 3-max (real money) Seat #2 is the button
Seat 1: Harry-Poker9 (720)
Seat 2: _SKR (180)
*** ANTE/BLINDS ***
_SKR posts small blind 20
Harry-Poker9 posts big blind 40
Dealt to _SKR [5h Qs]
*** PRE-FLOP *** 
_SKR folds
Harry-Poker9 collected 60 from pot
*** SUMMARY ***
Total pot 60 | No rake
Seat 1: Harry-Poker9 (big blind) won 60


Winamax Poker - Tournament "Expresso Nitro" buyIn: 0.93€ + 0.07€ level: 3 - HandId: #2675092488795979777-12-1673744109 - Holdem no limit (20/40) - 2023/01/15 00:55:09 UTC
Table: 'Expresso Nitro(622843506)#0' 3-max (real money) Seat #1 is the button
Seat 1: Harry-Poker9 (740)
Seat 2: _SKR (160)
*** ANTE/BLINDS ***
Harry-Poker9 posts small blind 20
_SKR posts big blind 40
Dealt to _SKR [Kh 3d]
*** PRE-FLOP *** 
Harry-Poker9 raises 40 to 80
_SKR folds
Harry-Poker9 collected 120 from pot
*** SUMMARY ***
Total pot 120 | No rake
Seat 1: Harry-Poker9 (small blind) (button) won 120


Winamax Poker - Tournament "Expresso Nitro" buyIn: 0.93€ + 0.07€ level: 4 - HandId: #2675092488795979777-13-1673744118 - Holdem no limit (30/60) - 2023/01/15 00:55:18 UTC
Table: 'Expresso Nitro(622843506)#0' 3-max (real money) Seat #2 is the button
Seat 1: Harry-Poker9 (780)
Seat 2: _SKR (120)
*** ANTE/BLINDS ***
_SKR posts small blind 30
Harry-Poker9 posts big blind 60
Dealt to _SKR [6c Jd]
*** PRE-FLOP *** 
_SKR raises 60 to 120 and is all-in
Harry-Poker9 calls 60
*** FLOP *** [2d 5c 4h]
*** TURN *** [2d 5c 4h][3h]
*** RIVER *** [2d 5c 4h 3h][3c]
*** SHOW DOWN ***
Harry-Poker9 shows [Qs 8d] (One pair : 3)
_SKR shows [6c Jd] (Straight 6 high)
_SKR collected 240 from pot
*** SUMMARY ***
Total pot 240 | No rake
Board: [2d 5c 4h 3h 3c]
Seat 1: Harry-Poker9 (big blind) showed [Qs 8d] and lost with One pair : 3
Seat 2: _SKR (small blind) (button) showed [6c Jd] and won 240 with Straight 6 high


Winamax Poker - Tournament "Expresso Nitro" buyIn: 0.93€ + 0.07€ level: 4 - HandId: #2675092488795979777-14-1673744131 - Holdem no limit (30/60) - 2023/01/15 00:55:31 UTC
Table: 'Expresso Nitro(622843506)#0' 3-max (real money) Seat #1 is the button
Seat 1: Harry-Poker9 (660)
Seat 2: _SKR (240)
*** ANTE/BLINDS ***
Harry-Poker9 posts small blind 30
_SKR posts big blind 60
Dealt to _SKR [Tc 2h]
*** PRE-FLOP *** 
Harry-Poker9 raises 60 to 120
_SKR folds
Harry-Poker9 collected 180 from pot
*** SUMMARY ***
Total pot 180 | No rake
Seat 1: Harry-Poker9 (small blind) (button) won 180


Winamax Poker - Tournament "Expresso Nitro" buyIn: 0.93€ + 0.07€ level: 4 - HandId: #2675092488795979777-15-1673744138 - Holdem no limit (30/60) - 2023/01/15 00:55:38 UTC
Table: 'Expresso Nitro(622843506)#0' 3-max (real money) Seat #2 is the button
Seat 1: Harry-Poker9 (720)
Seat 2: _SKR (180)
*** ANTE/BLINDS ***
_SKR posts small blind 30
Harry-Poker9 posts big blind 60
Dealt to _SKR [2s 8c]
*** PRE-FLOP *** 
_SKR folds
Harry-Poker9 collected 90 from pot
*** SUMMARY ***
Total pot 90 | No rake
Seat 1: Harry-Poker9 (big blind) won 90


Winamax Poker - Tournament "Expresso Nitro" buyIn: 0.93€ + 0.07€ level: 4 - HandId: #2675092488795979777-16-1673744145 - Holdem no limit (30/60) - 2023/01/15 00:55:45 UTC
Table: 'Expresso Nitro(622843506)#0' 3-max (real money) Seat #1 is the button
Seat 1: Harry-Poker9 (750)
Seat 2: _SKR (150)
*** ANTE/BLINDS ***
Harry-Poker9 posts small blind 30
_SKR posts big blind 60
Dealt to _SKR [Jh Jd]
*** PRE-FLOP *** 
Harry-Poker9 folds
_SKR collected 90 from pot
*** SUMMARY ***
Total pot 90 | No rake
Seat 2: _SKR (big blind) won 90


Winamax Poker - Tournament "Expresso Nitro" buyIn: 0.93€ + 0.07€ level: 4 - HandId: #2675092488795979777-17-1673744149 - Holdem no limit (30/60) - 2023/01/15 00:55:49 UTC
Table: 'Expresso Nitro(622843506)#0' 3-max (real money) Seat #2 is the button
Seat 1: Harry-Poker9 (720)
Seat 2: _SKR (180)
*** ANTE/BLINDS ***
_SKR posts small blind 30
Harry-Poker9 posts big blind 60
Dealt to _SKR [4s Th]
*** PRE-FLOP *** 
_SKR folds
Harry-Poker9 collected 90 from pot
*** SUMMARY ***
Total pot 90 | No rake
Seat 1: Harry-Poker9 (big blind) won 90


Winamax Poker - Tournament "Expresso Nitro" buyIn: 0.93€ + 0.07€ level: 4 - HandId: #2675092488795979777-18-1673744154 - Holdem no limit (30/60) - 2023/01/15 00:55:54 UTC
Table: 'Expresso Nitro(622843506)#0' 3-max (real money) Seat #1 is the button
Seat 1: Harry-Poker9 (750)
Seat 2: _SKR (150)
*** ANTE/BLINDS ***
Harry-Poker9 posts small blind 30
_SKR posts big blind 60
Dealt to _SKR [Kc 7d]
*** PRE-FLOP *** 
Harry-Poker9 raises 690 to 750 and is all-in
_SKR calls 90 and is all-in
*** FLOP *** [2d As 3c]
*** TURN *** [2d As 3c][Ks]
*** RIVER *** [2d As 3c Ks][3d]
*** SHOW DOWN ***
_SKR shows [Kc 7d] (Two pairs : Kings and 3)
Harry-Poker9 shows [Ac Tc] (Two pairs : Aces and 3)
Harry-Poker9 collected 900 from pot
*** SUMMARY ***
Total pot 900 | No rake
Board: [2d As 3c Ks 3d]
Seat 1: Harry-Poker9 (small blind) (button) showed [Ac Tc] and won 900 with Two pairs : Aces and 3
Seat 2: _SKR (big blind) showed [Kc 7d] and lost with Two pairs : Kings and 3


