Winamax Poker - Tournament "Expresso Nitro" buyIn: 0.93€ + 0.07€ level: 1 - HandId: #2689751482760167425-1-1674649845 - Holdem no limit (10/20) - 2023/01/25 12:30:45 UTC
Table: 'Expresso Nitro(626256569)#0' 3-max (real money) Seat #3 is the button
Seat 1: Pluribus91 (300)
Seat 2: Les2QQd1Mec (300)
Seat 3: _SKR (300)
*** ANTE/BLINDS ***
Pluribus91 posts small blind 10
Les2QQd1Mec posts big blind 20
Dealt to _SKR [7h 2c]
*** PRE-FLOP *** 
_SKR folds
Pluribus91 calls 10
Les2QQd1Mec checks
*** FLOP *** [6d Ah 9c]
Pluribus91 checks
Les2QQd1Mec checks
*** TURN *** [6d Ah 9c][3d]
Pluribus91 checks
Les2QQd1Mec checks
*** RIVER *** [6d Ah 9c 3d][3c]
Pluribus91 checks
Les2QQd1Mec bets 40
Pluribus91 folds
Les2QQd1Mec collected 80 from pot
*** SUMMARY ***
Total pot 80 | No rake
Board: [6d Ah 9c 3d 3c]
Seat 2: Les2QQd1Mec (big blind) won 80


Winamax Poker - Tournament "Expresso Nitro" buyIn: 0.93€ + 0.07€ level: 1 - HandId: #2689751482760167425-2-1674649870 - Holdem no limit (10/20) - 2023/01/25 12:31:10 UTC
Table: 'Expresso Nitro(626256569)#0' 3-max (real money) Seat #1 is the button
Seat 1: Pluribus91 (280)
Seat 2: Les2QQd1Mec (320)
Seat 3: _SKR (300)
*** ANTE/BLINDS ***
Les2QQd1Mec posts small blind 10
_SKR posts big blind 20
Dealt to _SKR [Qh 9h]
*** PRE-FLOP *** 
Pluribus91 folds
Les2QQd1Mec folds
_SKR collected 30 from pot
*** SUMMARY ***
Total pot 30 | No rake
Seat 3: _SKR (big blind) won 30


Winamax Poker - Tournament "Expresso Nitro" buyIn: 0.93€ + 0.07€ level: 1 - HandId: #2689751482760167425-3-1674649875 - Holdem no limit (10/20) - 2023/01/25 12:31:15 UTC
Table: 'Expresso Nitro(626256569)#0' 3-max (real money) Seat #2 is the button
Seat 1: Pluribus91 (280)
Seat 2: Les2QQd1Mec (310)
Seat 3: _SKR (310)
*** ANTE/BLINDS ***
_SKR posts small blind 10
Pluribus91 posts big blind 20
Dealt to _SKR [2d 4s]
*** PRE-FLOP *** 
Les2QQd1Mec folds
_SKR folds
Pluribus91 collected 30 from pot
*** SUMMARY ***
Total pot 30 | No rake
Seat 1: Pluribus91 (big blind) won 30


Winamax Poker - Tournament "Expresso Nitro" buyIn: 0.93€ + 0.07€ level: 1 - HandId: #2689751482760167425-4-1674649883 - Holdem no limit (10/20) - 2023/01/25 12:31:23 UTC
Table: 'Expresso Nitro(626256569)#0' 3-max (real money) Seat #3 is the button
Seat 1: Pluribus91 (290)
Seat 2: Les2QQd1Mec (310)
Seat 3: _SKR (300)
*** ANTE/BLINDS ***
Pluribus91 posts small blind 10
Les2QQd1Mec posts big blind 20
Dealt to _SKR [4s Jh]
*** PRE-FLOP *** 
_SKR folds
Pluribus91 folds
Les2QQd1Mec collected 30 from pot
*** SUMMARY ***
Total pot 30 | No rake
Seat 2: Les2QQd1Mec (big blind) won 30


Winamax Poker - Tournament "Expresso Nitro" buyIn: 0.93€ + 0.07€ level: 1 - HandId: #2689751482760167425-5-1674649887 - Holdem no limit (10/20) - 2023/01/25 12:31:27 UTC
Table: 'Expresso Nitro(626256569)#0' 3-max (real money) Seat #1 is the button
Seat 1: Pluribus91 (280)
Seat 2: Les2QQd1Mec (320)
Seat 3: _SKR (300)
*** ANTE/BLINDS ***
Les2QQd1Mec posts small blind 10
_SKR posts big blind 20
Dealt to _SKR [2d 5s]
*** PRE-FLOP *** 
Pluribus91 calls 20
Les2QQd1Mec calls 10
_SKR checks
*** FLOP *** [Kh Th 5h]
Les2QQd1Mec checks
_SKR checks
Pluribus91 checks
*** TURN *** [Kh Th 5h][2s]
Les2QQd1Mec checks
_SKR checks
Pluribus91 checks
*** RIVER *** [Kh Th 5h 2s][9s]
Les2QQd1Mec checks
_SKR checks
Pluribus91 checks
*** SHOW DOWN ***
Pluribus91 shows [Ah 3c] (High card : Ace)
Les2QQd1Mec shows [9d Jd] (One pair : 9)
_SKR shows [2d 5s] (Two pairs : 5 and 2)
_SKR collected 60 from pot
*** SUMMARY ***
Total pot 60 | No rake
Board: [Kh Th 5h 2s 9s]
Seat 1: Pluribus91 (button) showed [Ah 3c] and lost with High card : Ace
Seat 2: Les2QQd1Mec (small blind) showed [9d Jd] and lost with One pair : 9
Seat 3: _SKR (big blind) showed [2d 5s] and won 60 with Two pairs : 5 and 2


Winamax Poker - Tournament "Expresso Nitro" buyIn: 0.93€ + 0.07€ level: 2 - HandId: #2689751482760167425-6-1674649930 - Holdem no limit (15/30) - 2023/01/25 12:32:10 UTC
Table: 'Expresso Nitro(626256569)#0' 3-max (real money) Seat #2 is the button
Seat 1: Pluribus91 (260)
Seat 2: Les2QQd1Mec (300)
Seat 3: _SKR (340)
*** ANTE/BLINDS ***
_SKR posts small blind 15
Pluribus91 posts big blind 30
Dealt to _SKR [Ts Th]
*** PRE-FLOP *** 
Les2QQd1Mec folds
_SKR raises 310 to 340 and is all-in
Pluribus91 folds
_SKR collected 370 from pot
*** SUMMARY ***
Total pot 370 | No rake
Seat 3: _SKR (small blind) won 370


Winamax Poker - Tournament "Expresso Nitro" buyIn: 0.93€ + 0.07€ level: 2 - HandId: #2689751482760167425-7-1674649945 - Holdem no limit (15/30) - 2023/01/25 12:32:25 UTC
Table: 'Expresso Nitro(626256569)#0' 3-max (real money) Seat #3 is the button
Seat 1: Pluribus91 (230)
Seat 2: Les2QQd1Mec (300)
Seat 3: _SKR (370)
*** ANTE/BLINDS ***
Pluribus91 posts small blind 15
Les2QQd1Mec posts big blind 30
Dealt to _SKR [2d 7c]
*** PRE-FLOP *** 
_SKR folds
Pluribus91 calls 15
Les2QQd1Mec checks
*** FLOP *** [3d 2c 4d]
Pluribus91 bets 39
Les2QQd1Mec calls 39
*** TURN *** [3d 2c 4d][Qc]
Pluribus91 checks
Les2QQd1Mec bets 30
Pluribus91 folds
Les2QQd1Mec collected 168 from pot
*** SUMMARY ***
Total pot 168 | No rake
Board: [3d 2c 4d Qc]
Seat 2: Les2QQd1Mec (big blind) won 168


Winamax Poker - Tournament "Expresso Nitro" buyIn: 0.93€ + 0.07€ level: 3 - HandId: #2689751482760167425-8-1674649970 - Holdem no limit (20/40) - 2023/01/25 12:32:50 UTC
Table: 'Expresso Nitro(626256569)#0' 3-max (real money) Seat #1 is the button
Seat 1: Pluribus91 (161)
Seat 2: Les2QQd1Mec (369)
Seat 3: _SKR (370)
*** ANTE/BLINDS ***
Les2QQd1Mec posts small blind 20
_SKR posts big blind 40
Dealt to _SKR [Ad 3c]
*** PRE-FLOP *** 
Pluribus91 folds
Les2QQd1Mec folds
_SKR collected 60 from pot
*** SUMMARY ***
Total pot 60 | No rake
Seat 3: _SKR (big blind) won 60


Winamax Poker - Tournament "Expresso Nitro" buyIn: 0.93€ + 0.07€ level: 3 - HandId: #2689751482760167425-9-1674649977 - Holdem no limit (20/40) - 2023/01/25 12:32:57 UTC
Table: 'Expresso Nitro(626256569)#0' 3-max (real money) Seat #2 is the button
Seat 1: Pluribus91 (161)
Seat 2: Les2QQd1Mec (349)
Seat 3: _SKR (390)
*** ANTE/BLINDS ***
_SKR posts small blind 20
Pluribus91 posts big blind 40
Dealt to _SKR [2d Ts]
*** PRE-FLOP *** 
Les2QQd1Mec folds
_SKR folds
Pluribus91 collected 60 from pot
*** SUMMARY ***
Total pot 60 | No rake
Seat 1: Pluribus91 (big blind) won 60


Winamax Poker - Tournament "Expresso Nitro" buyIn: 0.93€ + 0.07€ level: 3 - HandId: #2689751482760167425-10-1674649984 - Holdem no limit (20/40) - 2023/01/25 12:33:04 UTC
Table: 'Expresso Nitro(626256569)#0' 3-max (real money) Seat #3 is the button
Seat 1: Pluribus91 (181)
Seat 2: Les2QQd1Mec (349)
Seat 3: _SKR (370)
*** ANTE/BLINDS ***
Pluribus91 posts small blind 20
Les2QQd1Mec posts big blind 40
Dealt to _SKR [9s 4d]
*** PRE-FLOP *** 
_SKR folds
Pluribus91 raises 141 to 181 and is all-in
Les2QQd1Mec folds
Pluribus91 collected 221 from pot
*** SUMMARY ***
Total pot 221 | No rake
Seat 1: Pluribus91 (small blind) won 221


Winamax Poker - Tournament "Expresso Nitro" buyIn: 0.93€ + 0.07€ level: 3 - HandId: #2689751482760167425-11-1674649998 - Holdem no limit (20/40) - 2023/01/25 12:33:18 UTC
Table: 'Expresso Nitro(626256569)#0' 3-max (real money) Seat #1 is the button
Seat 1: Pluribus91 (221)
Seat 2: Les2QQd1Mec (309)
Seat 3: _SKR (370)
*** ANTE/BLINDS ***
Les2QQd1Mec posts small blind 20
_SKR posts big blind 40
Dealt to _SKR [7s Tc]
*** PRE-FLOP *** 
Pluribus91 folds
Les2QQd1Mec folds
_SKR collected 60 from pot
*** SUMMARY ***
Total pot 60 | No rake
Seat 3: _SKR (big blind) won 60


Winamax Poker - Tournament "Expresso Nitro" buyIn: 0.93€ + 0.07€ level: 3 - HandId: #2689751482760167425-12-1674650002 - Holdem no limit (20/40) - 2023/01/25 12:33:22 UTC
Table: 'Expresso Nitro(626256569)#0' 3-max (real money) Seat #2 is the button
Seat 1: Pluribus91 (221)
Seat 2: Les2QQd1Mec (289)
Seat 3: _SKR (390)
*** ANTE/BLINDS ***
_SKR posts small blind 20
Pluribus91 posts big blind 40
Dealt to _SKR [8d Js]
*** PRE-FLOP *** 
Les2QQd1Mec raises 249 to 289 and is all-in
_SKR folds
Pluribus91 folds
Les2QQd1Mec collected 349 from pot
*** SUMMARY ***
Total pot 349 | No rake
Seat 2: Les2QQd1Mec (button) won 349


Winamax Poker - Tournament "Expresso Nitro" buyIn: 0.93€ + 0.07€ level: 3 - HandId: #2689751482760167425-13-1674650011 - Holdem no limit (20/40) - 2023/01/25 12:33:31 UTC
Table: 'Expresso Nitro(626256569)#0' 3-max (real money) Seat #3 is the button
Seat 1: Pluribus91 (181)
Seat 2: Les2QQd1Mec (349)
Seat 3: _SKR (370)
*** ANTE/BLINDS ***
Pluribus91 posts small blind 20
Les2QQd1Mec posts big blind 40
Dealt to _SKR [2h Ac]
*** PRE-FLOP *** 
_SKR raises 330 to 370 and is all-in
Pluribus91 folds
Les2QQd1Mec folds
_SKR collected 430 from pot
*** SUMMARY ***
Total pot 430 | No rake
Seat 3: _SKR (button) won 430


Winamax Poker - Tournament "Expresso Nitro" buyIn: 0.93€ + 0.07€ level: 3 - HandId: #2689751482760167425-14-1674650019 - Holdem no limit (20/40) - 2023/01/25 12:33:39 UTC
Table: 'Expresso Nitro(626256569)#0' 3-max (real money) Seat #1 is the button
Seat 1: Pluribus91 (161)
Seat 2: Les2QQd1Mec (309)
Seat 3: _SKR (430)
*** ANTE/BLINDS ***
Les2QQd1Mec posts small blind 20
_SKR posts big blind 40
Dealt to _SKR [6h Qc]
*** PRE-FLOP *** 
Pluribus91 raises 40 to 80
Les2QQd1Mec raises 40 to 120
_SKR folds
Pluribus91 raises 41 to 161 and is all-in
Les2QQd1Mec calls 41
*** FLOP *** [9c 2s 6s]
*** TURN *** [9c 2s 6s][Qd]
*** RIVER *** [9c 2s 6s Qd][5c]
*** SHOW DOWN ***
Pluribus91 shows [Th Ac] (High card : Ace)
Les2QQd1Mec shows [5s Js] (One pair : 5)
Les2QQd1Mec collected 362 from pot
*** SUMMARY ***
Total pot 362 | No rake
Board: [9c 2s 6s Qd 5c]
Seat 1: Pluribus91 (button) showed [Th Ac] and lost with High card : Ace
Seat 2: Les2QQd1Mec (small blind) showed [5s Js] and won 362 with One pair : 5


Winamax Poker - Tournament "Expresso Nitro" buyIn: 0.93€ + 0.07€ level: 4 - HandId: #2689751482760167425-15-1674650044 - Holdem no limit (30/60) - 2023/01/25 12:34:04 UTC
Table: 'Expresso Nitro(626256569)#0' 3-max (real money) Seat #3 is the button
Seat 2: Les2QQd1Mec (510)
Seat 3: _SKR (390)
*** ANTE/BLINDS ***
_SKR posts small blind 30
Les2QQd1Mec posts big blind 60
Dealt to _SKR [Jd 9s]
*** PRE-FLOP *** 
_SKR calls 30
Les2QQd1Mec raises 450 to 510 and is all-in
_SKR calls 330 and is all-in
*** FLOP *** [5c 9d 4s]
*** TURN *** [5c 9d 4s][Tc]
*** RIVER *** [5c 9d 4s Tc][5s]
*** SHOW DOWN ***
Les2QQd1Mec shows [7d Qd] (One pair : 5)
_SKR shows [Jd 9s] (Two pairs : 9 and 5)
_SKR collected 780 from main pot
Les2QQd1Mec collected 120 from side pot 1
*** SUMMARY ***
Total pot 900 | No rake
Board: [5c 9d 4s Tc 5s]
Seat 2: Les2QQd1Mec (big blind) showed [7d Qd] and won 120 with One pair : 5
Seat 3: _SKR (small blind) (button) showed [Jd 9s] and won 780 with Two pairs : 9 and 5


Winamax Poker - Tournament "Expresso Nitro" buyIn: 0.93€ + 0.07€ level: 4 - HandId: #2689751482760167425-16-1674650060 - Holdem no limit (30/60) - 2023/01/25 12:34:20 UTC
Table: 'Expresso Nitro(626256569)#0' 3-max (real money) Seat #2 is the button
Seat 2: Les2QQd1Mec (120)
Seat 3: _SKR (780)
*** ANTE/BLINDS ***
Les2QQd1Mec posts small blind 30
_SKR posts big blind 60
Dealt to _SKR [Kc 9h]
*** PRE-FLOP *** 
Les2QQd1Mec folds
_SKR collected 90 from pot
*** SUMMARY ***
Total pot 90 | No rake
Seat 3: _SKR (big blind) won 90


Winamax Poker - Tournament "Expresso Nitro" buyIn: 0.93€ + 0.07€ level: 4 - HandId: #2689751482760167425-17-1674650065 - Holdem no limit (30/60) - 2023/01/25 12:34:25 UTC
Table: 'Expresso Nitro(626256569)#0' 3-max (real money) Seat #3 is the button
Seat 2: Les2QQd1Mec (90)
Seat 3: _SKR (810)
*** ANTE/BLINDS ***
_SKR posts small blind 30
Les2QQd1Mec posts big blind 60
Dealt to _SKR [3h Th]
*** PRE-FLOP *** 
_SKR folds
Les2QQd1Mec collected 90 from pot
*** SUMMARY ***
Total pot 90 | No rake
Seat 2: Les2QQd1Mec (big blind) won 90


Winamax Poker - Tournament "Expresso Nitro" buyIn: 0.93€ + 0.07€ level: 4 - HandId: #2689751482760167425-18-1674650068 - Holdem no limit (30/60) - 2023/01/25 12:34:28 UTC
Table: 'Expresso Nitro(626256569)#0' 3-max (real money) Seat #2 is the button
Seat 2: Les2QQd1Mec (120)
Seat 3: _SKR (780)
*** ANTE/BLINDS ***
Les2QQd1Mec posts small blind 30
_SKR posts big blind 60
Dealt to _SKR [9d Ts]
*** PRE-FLOP *** 
Les2QQd1Mec raises 60 to 120 and is all-in
_SKR calls 60
*** FLOP *** [4h 7s 9h]
*** TURN *** [4h 7s 9h][Qd]
*** RIVER *** [4h 7s 9h Qd][4d]
*** SHOW DOWN ***
Les2QQd1Mec shows [5s 6c] (One pair : 4)
_SKR shows [9d Ts] (Two pairs : 9 and 4)
_SKR collected 240 from pot
*** SUMMARY ***
Total pot 240 | No rake
Board: [4h 7s 9h Qd 4d]
Seat 2: Les2QQd1Mec (small blind) (button) showed [5s 6c] and lost with One pair : 4
Seat 3: _SKR (big blind) showed [9d Ts] and won 240 with Two pairs : 9 and 4


