Winamax Poker - Tournament "Expresso Nitro" buyIn: 0.93€ + 0.07€ level: 1 - HandId: #2692535025294901249-1-1674829342 - Holdem no limit (10/20) - 2023/01/27 14:22:22 UTC
Table: 'Expresso Nitro(626904663)#0' 3-max (real money) Seat #1 is the button
Seat 1: _SKR (300)
Seat 2: B0b0ss (300)
Seat 3: LochNesSs (300)
*** ANTE/BLINDS ***
B0b0ss posts small blind 10
LochNesSs posts big blind 20
Dealt to _SKR [Kc 9s]
*** PRE-FLOP *** 
_SKR raises 20 to 40
B0b0ss folds
LochNesSs calls 20
*** FLOP *** [6s Qs 3h]
LochNesSs checks
_SKR checks
*** TURN *** [6s Qs 3h][5h]
LochNesSs checks
_SKR checks
*** RIVER *** [6s Qs 3h 5h][Ks]
LochNesSs checks
_SKR bets 45
LochNesSs calls 45
*** SHOW DOWN ***
_SKR shows [Kc 9s] (One pair : Kings)
LochNesSs shows [Js Kd] (One pair : Kings)
LochNesSs collected 180 from pot
*** SUMMARY ***
Total pot 180 | No rake
Board: [6s Qs 3h 5h Ks]
Seat 1: _SKR (button) showed [Kc 9s] and lost with One pair : Kings
Seat 3: LochNesSs (big blind) showed [Js Kd] and won 180 with One pair : Kings


Winamax Poker - Tournament "Expresso Nitro" buyIn: 0.93€ + 0.07€ level: 1 - HandId: #2692535025294901249-2-1674829387 - Holdem no limit (10/20) - 2023/01/27 14:23:07 UTC
Table: 'Expresso Nitro(626904663)#0' 3-max (real money) Seat #2 is the button
Seat 1: _SKR (215)
Seat 2: B0b0ss (290)
Seat 3: LochNesSs (395)
*** ANTE/BLINDS ***
LochNesSs posts small blind 10
_SKR posts big blind 20
Dealt to _SKR [Kh 5h]
*** PRE-FLOP *** 
B0b0ss folds
LochNesSs folds
_SKR collected 30 from pot
*** SUMMARY ***
Total pot 30 | No rake
Seat 1: _SKR (big blind) won 30


Winamax Poker - Tournament "Expresso Nitro" buyIn: 0.93€ + 0.07€ level: 1 - HandId: #2692535025294901249-3-1674829395 - Holdem no limit (10/20) - 2023/01/27 14:23:15 UTC
Table: 'Expresso Nitro(626904663)#0' 3-max (real money) Seat #3 is the button
Seat 1: _SKR (225)
Seat 2: B0b0ss (290)
Seat 3: LochNesSs (385)
*** ANTE/BLINDS ***
_SKR posts small blind 10
B0b0ss posts big blind 20
Dealt to _SKR [Th Ah]
*** PRE-FLOP *** 
LochNesSs folds
_SKR calls 10
B0b0ss checks
*** FLOP *** [2d 3c Jh]
_SKR bets 20
B0b0ss folds
_SKR collected 60 from pot
*** SUMMARY ***
Total pot 60 | No rake
Board: [2d 3c Jh]
Seat 1: _SKR (small blind) won 60


Winamax Poker - Tournament "Expresso Nitro" buyIn: 0.93€ + 0.07€ level: 2 - HandId: #2692535025294901249-4-1674829418 - Holdem no limit (15/30) - 2023/01/27 14:23:38 UTC
Table: 'Expresso Nitro(626904663)#0' 3-max (real money) Seat #1 is the button
Seat 1: _SKR (245)
Seat 2: B0b0ss (270)
Seat 3: LochNesSs (385)
*** ANTE/BLINDS ***
B0b0ss posts small blind 15
LochNesSs posts big blind 30
Dealt to _SKR [Kd As]
*** PRE-FLOP *** 
_SKR raises 215 to 245 and is all-in
B0b0ss folds
LochNesSs folds
_SKR collected 290 from pot
*** SUMMARY ***
Total pot 290 | No rake
Seat 1: _SKR (button) won 290


Winamax Poker - Tournament "Expresso Nitro" buyIn: 0.93€ + 0.07€ level: 2 - HandId: #2692535025294901249-5-1674829432 - Holdem no limit (15/30) - 2023/01/27 14:23:52 UTC
Table: 'Expresso Nitro(626904663)#0' 3-max (real money) Seat #2 is the button
Seat 1: _SKR (290)
Seat 2: B0b0ss (255)
Seat 3: LochNesSs (355)
*** ANTE/BLINDS ***
LochNesSs posts small blind 15
_SKR posts big blind 30
Dealt to _SKR [8c 3c]
*** PRE-FLOP *** 
B0b0ss folds
LochNesSs raises 325 to 355 and is all-in
_SKR folds
LochNesSs collected 385 from pot
*** SUMMARY ***
Total pot 385 | No rake
Seat 3: LochNesSs (small blind) won 385


Winamax Poker - Tournament "Expresso Nitro" buyIn: 0.93€ + 0.07€ level: 2 - HandId: #2692535025294901249-6-1674829449 - Holdem no limit (15/30) - 2023/01/27 14:24:09 UTC
Table: 'Expresso Nitro(626904663)#0' 3-max (real money) Seat #3 is the button
Seat 1: _SKR (260)
Seat 2: B0b0ss (255)
Seat 3: LochNesSs (385)
*** ANTE/BLINDS ***
_SKR posts small blind 15
B0b0ss posts big blind 30
Dealt to _SKR [3h 4d]
*** PRE-FLOP *** 
LochNesSs folds
_SKR folds
B0b0ss collected 45 from pot
*** SUMMARY ***
Total pot 45 | No rake
Seat 2: B0b0ss (big blind) won 45


Winamax Poker - Tournament "Expresso Nitro" buyIn: 0.93€ + 0.07€ level: 2 - HandId: #2692535025294901249-7-1674829457 - Holdem no limit (15/30) - 2023/01/27 14:24:17 UTC
Table: 'Expresso Nitro(626904663)#0' 3-max (real money) Seat #1 is the button
Seat 1: _SKR (245)
Seat 2: B0b0ss (270)
Seat 3: LochNesSs (385)
*** ANTE/BLINDS ***
B0b0ss posts small blind 15
LochNesSs posts big blind 30
Dealt to _SKR [5c 3c]
*** PRE-FLOP *** 
_SKR folds
B0b0ss folds
LochNesSs collected 45 from pot
*** SUMMARY ***
Total pot 45 | No rake
Seat 3: LochNesSs (big blind) won 45


Winamax Poker - Tournament "Expresso Nitro" buyIn: 0.93€ + 0.07€ level: 3 - HandId: #2692535025294901249-8-1674829464 - Holdem no limit (20/40) - 2023/01/27 14:24:24 UTC
Table: 'Expresso Nitro(626904663)#0' 3-max (real money) Seat #2 is the button
Seat 1: _SKR (245)
Seat 2: B0b0ss (255)
Seat 3: LochNesSs (400)
*** ANTE/BLINDS ***
LochNesSs posts small blind 20
_SKR posts big blind 40
Dealt to _SKR [7d Jc]
*** PRE-FLOP *** 
B0b0ss folds
LochNesSs raises 360 to 400 and is all-in
_SKR folds
LochNesSs collected 440 from pot
*** SUMMARY ***
Total pot 440 | No rake
Seat 3: LochNesSs (small blind) won 440


Winamax Poker - Tournament "Expresso Nitro" buyIn: 0.93€ + 0.07€ level: 3 - HandId: #2692535025294901249-9-1674829479 - Holdem no limit (20/40) - 2023/01/27 14:24:39 UTC
Table: 'Expresso Nitro(626904663)#0' 3-max (real money) Seat #3 is the button
Seat 1: _SKR (205)
Seat 2: B0b0ss (255)
Seat 3: LochNesSs (440)
*** ANTE/BLINDS ***
_SKR posts small blind 20
B0b0ss posts big blind 40
Dealt to _SKR [Js 8d]
*** PRE-FLOP *** 
LochNesSs folds
_SKR raises 165 to 205 and is all-in
B0b0ss calls 165
*** FLOP *** [6c 6d Th]
*** TURN *** [6c 6d Th][Jc]
*** RIVER *** [6c 6d Th Jc][9c]
*** SHOW DOWN ***
B0b0ss shows [3c 3s] (Two pairs : 6 and 3)
_SKR shows [Js 8d] (Two pairs : Jacks and 6)
_SKR collected 410 from pot
*** SUMMARY ***
Total pot 410 | No rake
Board: [6c 6d Th Jc 9c]
Seat 1: _SKR (small blind) showed [Js 8d] and won 410 with Two pairs : Jacks and 6
Seat 2: B0b0ss (big blind) showed [3c 3s] and lost with Two pairs : 6 and 3


Winamax Poker - Tournament "Expresso Nitro" buyIn: 0.93€ + 0.07€ level: 3 - HandId: #2692535025294901249-10-1674829495 - Holdem no limit (20/40) - 2023/01/27 14:24:55 UTC
Table: 'Expresso Nitro(626904663)#0' 3-max (real money) Seat #1 is the button
Seat 1: _SKR (410)
Seat 2: B0b0ss (50)
Seat 3: LochNesSs (440)
*** ANTE/BLINDS ***
B0b0ss posts small blind 20
LochNesSs posts big blind 40
Dealt to _SKR [6h Tc]
*** PRE-FLOP *** 
_SKR folds
B0b0ss raises 10 to 50 and is all-in
LochNesSs folds
B0b0ss collected 90 from pot
*** SUMMARY ***
Total pot 90 | No rake
Seat 2: B0b0ss (small blind) won 90


Winamax Poker - Tournament "Expresso Nitro" buyIn: 0.93€ + 0.07€ level: 3 - HandId: #2692535025294901249-11-1674829501 - Holdem no limit (20/40) - 2023/01/27 14:25:01 UTC
Table: 'Expresso Nitro(626904663)#0' 3-max (real money) Seat #2 is the button
Seat 1: _SKR (410)
Seat 2: B0b0ss (90)
Seat 3: LochNesSs (400)
*** ANTE/BLINDS ***
LochNesSs posts small blind 20
_SKR posts big blind 40
Dealt to _SKR [7s Jc]
*** PRE-FLOP *** 
B0b0ss raises 50 to 90 and is all-in
LochNesSs folds
_SKR calls 50
*** FLOP *** [3h 7c 4h]
*** TURN *** [3h 7c 4h][7h]
*** RIVER *** [3h 7c 4h 7h][Ac]
*** SHOW DOWN ***
B0b0ss shows [Qd 6d] (One pair : 7)
_SKR shows [7s Jc] (Trips of 7)
_SKR collected 200 from pot
*** SUMMARY ***
Total pot 200 | No rake
Board: [3h 7c 4h 7h Ac]
Seat 1: _SKR (big blind) showed [7s Jc] and won 200 with Trips of 7
Seat 2: B0b0ss (button) showed [Qd 6d] and lost with One pair : 7


Winamax Poker - Tournament "Expresso Nitro" buyIn: 0.93€ + 0.07€ level: 4 - HandId: #2692535025294901249-12-1674829521 - Holdem no limit (30/60) - 2023/01/27 14:25:21 UTC
Table: 'Expresso Nitro(626904663)#0' 3-max (real money) Seat #1 is the button
Seat 1: _SKR (520)
Seat 3: LochNesSs (380)
*** ANTE/BLINDS ***
_SKR posts small blind 30
LochNesSs posts big blind 60
Dealt to _SKR [2s Qs]
*** PRE-FLOP *** 
_SKR raises 460 to 520 and is all-in
LochNesSs calls 320 and is all-in
*** FLOP *** [7c Kh 8s]
*** TURN *** [7c Kh 8s][8c]
*** RIVER *** [7c Kh 8s 8c][8d]
*** SHOW DOWN ***
_SKR shows [2s Qs] (Trips of 8)
LochNesSs shows [6c Qc] (Trips of 8)
LochNesSs collected 380 from main pot
_SKR collected 520 from side pot 1
*** SUMMARY ***
Total pot 900 | No rake
Board: [7c Kh 8s 8c 8d]
Seat 1: _SKR (small blind) (button) showed [2s Qs] and won 520 with Trips of 8
Seat 3: LochNesSs (big blind) showed [6c Qc] and won 380 with Trips of 8


Winamax Poker - Tournament "Expresso Nitro" buyIn: 0.93€ + 0.07€ level: 4 - HandId: #2692535025294901249-13-1674829538 - Holdem no limit (30/60) - 2023/01/27 14:25:38 UTC
Table: 'Expresso Nitro(626904663)#0' 3-max (real money) Seat #3 is the button
Seat 1: _SKR (520)
Seat 3: LochNesSs (380)
*** ANTE/BLINDS ***
LochNesSs posts small blind 30
_SKR posts big blind 60
Dealt to _SKR [5c 2h]
*** PRE-FLOP *** 
LochNesSs raises 320 to 380 and is all-in
_SKR folds
LochNesSs collected 440 from pot
*** SUMMARY ***
Total pot 440 | No rake
Seat 3: LochNesSs (small blind) (button) won 440


Winamax Poker - Tournament "Expresso Nitro" buyIn: 0.93€ + 0.07€ level: 4 - HandId: #2692535025294901249-14-1674829547 - Holdem no limit (30/60) - 2023/01/27 14:25:47 UTC
Table: 'Expresso Nitro(626904663)#0' 3-max (real money) Seat #1 is the button
Seat 1: _SKR (460)
Seat 3: LochNesSs (440)
*** ANTE/BLINDS ***
_SKR posts small blind 30
LochNesSs posts big blind 60
Dealt to _SKR [Ah Ks]
*** PRE-FLOP *** 
_SKR raises 400 to 460 and is all-in
LochNesSs calls 380 and is all-in
*** FLOP *** [8c Ad 7d]
*** TURN *** [8c Ad 7d][5s]
*** RIVER *** [8c Ad 7d 5s][5c]
*** SHOW DOWN ***
LochNesSs shows [6c Ts] (One pair : 5)
_SKR shows [Ah Ks] (Two pairs : Aces and 5)
_SKR collected 900 from pot
*** SUMMARY ***
Total pot 900 | No rake
Board: [8c Ad 7d 5s 5c]
Seat 1: _SKR (small blind) (button) showed [Ah Ks] and won 900 with Two pairs : Aces and 5
Seat 3: LochNesSs (big blind) showed [6c Ts] and lost with One pair : 5


