Winamax Poker - Tournament "Expresso Nitro" buyIn: 1.86€ + 0.14€ level: 1 - HandId: #2696569206471655425-1-1675087544 - Holdem no limit (10/20) - 2023/01/30 14:05:44 UTC
Table: 'Expresso Nitro(627843944)#0' 3-max (real money) Seat #2 is the button
Seat 1: Carjass (300)
Seat 2: _SKR (300)
Seat 3: Kakawuet93 (300)
*** ANTE/BLINDS ***
Kakawuet93 posts small blind 10
Carjass posts big blind 20
Dealt to _SKR [3s 8h]
*** PRE-FLOP *** 
_SKR folds
Kakawuet93 folds
Carjass collected 30 from pot
*** SUMMARY ***
Total pot 30 | No rake
Seat 1: Carjass (big blind) won 30


Winamax Poker - Tournament "Expresso Nitro" buyIn: 1.86€ + 0.14€ level: 1 - HandId: #2696569206471655425-2-1675087553 - Holdem no limit (10/20) - 2023/01/30 14:05:53 UTC
Table: 'Expresso Nitro(627843944)#0' 3-max (real money) Seat #3 is the button
Seat 1: Carjass (310)
Seat 2: _SKR (300)
Seat 3: Kakawuet93 (290)
*** ANTE/BLINDS ***
Carjass posts small blind 10
_SKR posts big blind 20
Dealt to _SKR [5d Qh]
*** PRE-FLOP *** 
Kakawuet93 raises 270 to 290 and is all-in
Carjass folds
_SKR folds
Kakawuet93 collected 320 from pot
*** SUMMARY ***
Total pot 320 | No rake
Seat 3: Kakawuet93 (button) won 320


Winamax Poker - Tournament "Expresso Nitro" buyIn: 1.86€ + 0.14€ level: 1 - HandId: #2696569206471655425-3-1675087590 - Holdem no limit (10/20) - 2023/01/30 14:06:30 UTC
Table: 'Expresso Nitro(627843944)#0' 3-max (real money) Seat #1 is the button
Seat 1: Carjass (300)
Seat 2: _SKR (280)
Seat 3: Kakawuet93 (320)
*** ANTE/BLINDS ***
_SKR posts small blind 10
Kakawuet93 posts big blind 20
Dealt to _SKR [6c 8d]
*** PRE-FLOP *** 
Carjass folds
_SKR folds
Kakawuet93 collected 30 from pot
*** SUMMARY ***
Total pot 30 | No rake
Seat 3: Kakawuet93 (big blind) won 30


Winamax Poker - Tournament "Expresso Nitro" buyIn: 1.86€ + 0.14€ level: 2 - HandId: #2696569206471655425-4-1675087610 - Holdem no limit (15/30) - 2023/01/30 14:06:50 UTC
Table: 'Expresso Nitro(627843944)#0' 3-max (real money) Seat #2 is the button
Seat 1: Carjass (300)
Seat 2: _SKR (270)
Seat 3: Kakawuet93 (330)
*** ANTE/BLINDS ***
Kakawuet93 posts small blind 15
Carjass posts big blind 30
Dealt to _SKR [As 3c]
*** PRE-FLOP *** 
_SKR raises 240 to 270 and is all-in
Kakawuet93 calls 255
Carjass folds
*** FLOP *** [5c 9d Td]
*** TURN *** [5c 9d Td][Qd]
*** RIVER *** [5c 9d Td Qd][Ts]
*** SHOW DOWN ***
_SKR shows [As 3c] (One pair : Tens)
Kakawuet93 shows [Qs Kh] (Two pairs : Queens and Tens)
Kakawuet93 collected 570 from pot
*** SUMMARY ***
Total pot 570 | No rake
Board: [5c 9d Td Qd Ts]
Seat 2: _SKR (button) showed [As 3c] and lost with One pair : Tens
Seat 3: Kakawuet93 (small blind) showed [Qs Kh] and won 570 with Two pairs : Queens and Tens


