Winamax Poker - Tournament "Expresso Nitro" buyIn: 9.30€ + 0.70€ level: 1 - HandId: #2674160133000396801-1-1673704119 - Holdem no limit (10/20) - 2023/01/14 13:48:39 UTC
Table: 'Expresso Nitro(622626425)#0' 3-max (real money) Seat #2 is the button
Seat 1: PKCTMNSTRS (300)
Seat 2: _SKR (300)
Seat 3: Thx4urEV (300)
*** ANTE/BLINDS ***
Thx4urEV posts small blind 10
PKCTMNSTRS posts big blind 20
Dealt to _SKR [3c 6h]
*** PRE-FLOP *** 
_SKR folds
Thx4urEV raises 20 to 40
PKCTMNSTRS calls 20
*** FLOP *** [7h 4h Tc]
Thx4urEV bets 60
PKCTMNSTRS calls 60
*** TURN *** [7h 4h Tc][9d]
Thx4urEV bets 200 and is all-in
PKCTMNSTRS folds
Thx4urEV collected 400 from pot
*** SUMMARY ***
Total pot 400 | No rake
Board: [7h 4h Tc 9d]
Seat 3: Thx4urEV (small blind) won 400


Winamax Poker - Tournament "Expresso Nitro" buyIn: 9.30€ + 0.70€ level: 1 - HandId: #2674160133000396801-2-1673704155 - Holdem no limit (10/20) - 2023/01/14 13:49:15 UTC
Table: 'Expresso Nitro(622626425)#0' 3-max (real money) Seat #3 is the button
Seat 1: PKCTMNSTRS (200)
Seat 2: _SKR (300)
Seat 3: Thx4urEV (400)
*** ANTE/BLINDS ***
PKCTMNSTRS posts small blind 10
_SKR posts big blind 20
Dealt to _SKR [9s Kd]
*** PRE-FLOP *** 
Thx4urEV raises 380 to 400 and is all-in
PKCTMNSTRS folds
_SKR folds
Thx4urEV collected 430 from pot
*** SUMMARY ***
Total pot 430 | No rake
Seat 3: Thx4urEV (button) won 430


Winamax Poker - Tournament "Expresso Nitro" buyIn: 9.30€ + 0.70€ level: 1 - HandId: #2674160133000396801-3-1673704164 - Holdem no limit (10/20) - 2023/01/14 13:49:24 UTC
Table: 'Expresso Nitro(622626425)#0' 3-max (real money) Seat #1 is the button
Seat 1: PKCTMNSTRS (190)
Seat 2: _SKR (280)
Seat 3: Thx4urEV (430)
*** ANTE/BLINDS ***
_SKR posts small blind 10
Thx4urEV posts big blind 20
Dealt to _SKR [3h Ks]
*** PRE-FLOP *** 
PKCTMNSTRS folds
_SKR calls 10
Thx4urEV checks
*** FLOP *** [Js 8d 4s]
_SKR bets 20
Thx4urEV calls 20
*** TURN *** [Js 8d 4s][Tc]
_SKR bets 40
Thx4urEV folds
_SKR collected 120 from pot
*** SUMMARY ***
Total pot 120 | No rake
Board: [Js 8d 4s Tc]
Seat 2: _SKR (small blind) won 120


Winamax Poker - Tournament "Expresso Nitro" buyIn: 9.30€ + 0.70€ level: 2 - HandId: #2674160133000396801-4-1673704194 - Holdem no limit (15/30) - 2023/01/14 13:49:54 UTC
Table: 'Expresso Nitro(622626425)#0' 3-max (real money) Seat #2 is the button
Seat 1: PKCTMNSTRS (190)
Seat 2: _SKR (320)
Seat 3: Thx4urEV (390)
*** ANTE/BLINDS ***
Thx4urEV posts small blind 15
PKCTMNSTRS posts big blind 30
Dealt to _SKR [8d Ks]
*** PRE-FLOP *** 
_SKR raises 290 to 320 and is all-in
Thx4urEV folds
PKCTMNSTRS folds
_SKR collected 365 from pot
*** SUMMARY ***
Total pot 365 | No rake
Seat 2: _SKR (button) won 365


Winamax Poker - Tournament "Expresso Nitro" buyIn: 9.30€ + 0.70€ level: 2 - HandId: #2674160133000396801-5-1673704205 - Holdem no limit (15/30) - 2023/01/14 13:50:05 UTC
Table: 'Expresso Nitro(622626425)#0' 3-max (real money) Seat #3 is the button
Seat 1: PKCTMNSTRS (160)
Seat 2: _SKR (365)
Seat 3: Thx4urEV (375)
*** ANTE/BLINDS ***
PKCTMNSTRS posts small blind 15
_SKR posts big blind 30
Dealt to _SKR [8h 9c]
*** PRE-FLOP *** 
Thx4urEV folds
PKCTMNSTRS raises 130 to 160 and is all-in
_SKR folds
PKCTMNSTRS collected 190 from pot
*** SUMMARY ***
Total pot 190 | No rake
Seat 1: PKCTMNSTRS (small blind) won 190


Winamax Poker - Tournament "Expresso Nitro" buyIn: 9.30€ + 0.70€ level: 2 - HandId: #2674160133000396801-6-1673704216 - Holdem no limit (15/30) - 2023/01/14 13:50:16 UTC
Table: 'Expresso Nitro(622626425)#0' 3-max (real money) Seat #1 is the button
Seat 1: PKCTMNSTRS (190)
Seat 2: _SKR (335)
Seat 3: Thx4urEV (375)
*** ANTE/BLINDS ***
_SKR posts small blind 15
Thx4urEV posts big blind 30
Dealt to _SKR [3d Kh]
*** PRE-FLOP *** 
PKCTMNSTRS folds
_SKR calls 15
Thx4urEV raises 345 to 375 and is all-in
_SKR folds
Thx4urEV collected 405 from pot
*** SUMMARY ***
Total pot 405 | No rake
Seat 3: Thx4urEV (big blind) won 405


Winamax Poker - Tournament "Expresso Nitro" buyIn: 9.30€ + 0.70€ level: 2 - HandId: #2674160133000396801-7-1673704234 - Holdem no limit (15/30) - 2023/01/14 13:50:34 UTC
Table: 'Expresso Nitro(622626425)#0' 3-max (real money) Seat #2 is the button
Seat 1: PKCTMNSTRS (190)
Seat 2: _SKR (305)
Seat 3: Thx4urEV (405)
*** ANTE/BLINDS ***
Thx4urEV posts small blind 15
PKCTMNSTRS posts big blind 30
Dealt to _SKR [Qh 8c]
*** PRE-FLOP *** 
_SKR folds
Thx4urEV folds
PKCTMNSTRS collected 45 from pot
*** SUMMARY ***
Total pot 45 | No rake
Seat 1: PKCTMNSTRS (big blind) won 45


Winamax Poker - Tournament "Expresso Nitro" buyIn: 9.30€ + 0.70€ level: 3 - HandId: #2674160133000396801-8-1673704239 - Holdem no limit (20/40) - 2023/01/14 13:50:39 UTC
Table: 'Expresso Nitro(622626425)#0' 3-max (real money) Seat #3 is the button
Seat 1: PKCTMNSTRS (205)
Seat 2: _SKR (305)
Seat 3: Thx4urEV (390)
*** ANTE/BLINDS ***
PKCTMNSTRS posts small blind 20
_SKR posts big blind 40
Dealt to _SKR [5s Kd]
*** PRE-FLOP *** 
Thx4urEV folds
PKCTMNSTRS folds
_SKR collected 60 from pot
*** SUMMARY ***
Total pot 60 | No rake
Seat 2: _SKR (big blind) won 60


Winamax Poker - Tournament "Expresso Nitro" buyIn: 9.30€ + 0.70€ level: 3 - HandId: #2674160133000396801-9-1673704246 - Holdem no limit (20/40) - 2023/01/14 13:50:46 UTC
Table: 'Expresso Nitro(622626425)#0' 3-max (real money) Seat #1 is the button
Seat 1: PKCTMNSTRS (185)
Seat 2: _SKR (325)
Seat 3: Thx4urEV (390)
*** ANTE/BLINDS ***
_SKR posts small blind 20
Thx4urEV posts big blind 40
Dealt to _SKR [Qh Qc]
*** PRE-FLOP *** 
PKCTMNSTRS folds
_SKR calls 20
Thx4urEV checks
*** FLOP *** [Ac 2c Th]
_SKR bets 40
Thx4urEV folds
_SKR collected 120 from pot
*** SUMMARY ***
Total pot 120 | No rake
Board: [Ac 2c Th]
Seat 2: _SKR (small blind) won 120


Winamax Poker - Tournament "Expresso Nitro" buyIn: 9.30€ + 0.70€ level: 3 - HandId: #2674160133000396801-10-1673704264 - Holdem no limit (20/40) - 2023/01/14 13:51:04 UTC
Table: 'Expresso Nitro(622626425)#0' 3-max (real money) Seat #2 is the button
Seat 1: PKCTMNSTRS (185)
Seat 2: _SKR (365)
Seat 3: Thx4urEV (350)
*** ANTE/BLINDS ***
Thx4urEV posts small blind 20
PKCTMNSTRS posts big blind 40
Dealt to _SKR [Kc 2h]
*** PRE-FLOP *** 
_SKR folds
Thx4urEV raises 310 to 350 and is all-in
PKCTMNSTRS calls 145 and is all-in
*** FLOP *** [Kd 9d Js]
*** TURN *** [Kd 9d Js][9s]
*** RIVER *** [Kd 9d Js 9s][Qc]
*** SHOW DOWN ***
PKCTMNSTRS shows [Td Qs] (Straight King high)
Thx4urEV shows [7c Kh] (Two pairs : Kings and 9)
Thx4urEV collected 165 from side pot 1
PKCTMNSTRS collected 370 from main pot
*** SUMMARY ***
Total pot 535 | No rake
Board: [Kd 9d Js 9s Qc]
Seat 1: PKCTMNSTRS (big blind) showed [Td Qs] and won 370 with Straight King high
Seat 3: Thx4urEV (small blind) showed [7c Kh] and won 165 with Two pairs : Kings and 9


Winamax Poker - Tournament "Expresso Nitro" buyIn: 9.30€ + 0.70€ level: 3 - HandId: #2674160133000396801-11-1673704279 - Holdem no limit (20/40) - 2023/01/14 13:51:19 UTC
Table: 'Expresso Nitro(622626425)#0' 3-max (real money) Seat #3 is the button
Seat 1: PKCTMNSTRS (370)
Seat 2: _SKR (365)
Seat 3: Thx4urEV (165)
*** ANTE/BLINDS ***
PKCTMNSTRS posts small blind 20
_SKR posts big blind 40
Dealt to _SKR [8c 5h]
*** PRE-FLOP *** 
Thx4urEV raises 125 to 165 and is all-in
PKCTMNSTRS folds
_SKR folds
Thx4urEV collected 225 from pot
*** SUMMARY ***
Total pot 225 | No rake
Seat 3: Thx4urEV (button) won 225


Winamax Poker - Tournament "Expresso Nitro" buyIn: 9.30€ + 0.70€ level: 3 - HandId: #2674160133000396801-12-1673704293 - Holdem no limit (20/40) - 2023/01/14 13:51:33 UTC
Table: 'Expresso Nitro(622626425)#0' 3-max (real money) Seat #1 is the button
Seat 1: PKCTMNSTRS (350)
Seat 2: _SKR (325)
Seat 3: Thx4urEV (225)
*** ANTE/BLINDS ***
_SKR posts small blind 20
Thx4urEV posts big blind 40
Dealt to _SKR [6d 8h]
*** PRE-FLOP *** 
PKCTMNSTRS folds
_SKR folds
Thx4urEV collected 60 from pot
*** SUMMARY ***
Total pot 60 | No rake
Seat 3: Thx4urEV (big blind) won 60


Winamax Poker - Tournament "Expresso Nitro" buyIn: 9.30€ + 0.70€ level: 4 - HandId: #2674160133000396801-13-1673704300 - Holdem no limit (30/60) - 2023/01/14 13:51:40 UTC
Table: 'Expresso Nitro(622626425)#0' 3-max (real money) Seat #2 is the button
Seat 1: PKCTMNSTRS (350)
Seat 2: _SKR (305)
Seat 3: Thx4urEV (245)
*** ANTE/BLINDS ***
Thx4urEV posts small blind 30
PKCTMNSTRS posts big blind 60
Dealt to _SKR [5s Kh]
*** PRE-FLOP *** 
_SKR folds
Thx4urEV folds
PKCTMNSTRS collected 90 from pot
*** SUMMARY ***
Total pot 90 | No rake
Seat 1: PKCTMNSTRS (big blind) won 90


Winamax Poker - Tournament "Expresso Nitro" buyIn: 9.30€ + 0.70€ level: 4 - HandId: #2674160133000396801-14-1673704308 - Holdem no limit (30/60) - 2023/01/14 13:51:48 UTC
Table: 'Expresso Nitro(622626425)#0' 3-max (real money) Seat #3 is the button
Seat 1: PKCTMNSTRS (380)
Seat 2: _SKR (305)
Seat 3: Thx4urEV (215)
*** ANTE/BLINDS ***
PKCTMNSTRS posts small blind 30
_SKR posts big blind 60
Dealt to _SKR [Td Qd]
*** PRE-FLOP *** 
Thx4urEV raises 155 to 215 and is all-in
PKCTMNSTRS folds
_SKR calls 155
*** FLOP *** [Ac 7h Kh]
*** TURN *** [Ac 7h Kh][Js]
*** RIVER *** [Ac 7h Kh Js][5d]
*** SHOW DOWN ***
Thx4urEV shows [9c Tc] (High card : Ace)
_SKR shows [Td Qd] (Straight Ace high)
_SKR collected 460 from pot
*** SUMMARY ***
Total pot 460 | No rake
Board: [Ac 7h Kh Js 5d]
Seat 2: _SKR (big blind) showed [Td Qd] and won 460 with Straight Ace high
Seat 3: Thx4urEV (button) showed [9c Tc] and lost with High card : Ace


Winamax Poker - Tournament "Expresso Nitro" buyIn: 9.30€ + 0.70€ level: 4 - HandId: #2674160133000396801-15-1673704321 - Holdem no limit (30/60) - 2023/01/14 13:52:01 UTC
Table: 'Expresso Nitro(622626425)#0' 3-max (real money) Seat #2 is the button
Seat 1: PKCTMNSTRS (350)
Seat 2: _SKR (550)
*** ANTE/BLINDS ***
_SKR posts small blind 30
PKCTMNSTRS posts big blind 60
Dealt to _SKR [7d 8s]
*** PRE-FLOP *** 
_SKR folds
PKCTMNSTRS collected 90 from pot
*** SUMMARY ***
Total pot 90 | No rake
Seat 1: PKCTMNSTRS (big blind) won 90


Winamax Poker - Tournament "Expresso Nitro" buyIn: 9.30€ + 0.70€ level: 4 - HandId: #2674160133000396801-16-1673704325 - Holdem no limit (30/60) - 2023/01/14 13:52:05 UTC
Table: 'Expresso Nitro(622626425)#0' 3-max (real money) Seat #1 is the button
Seat 1: PKCTMNSTRS (380)
Seat 2: _SKR (520)
*** ANTE/BLINDS ***
PKCTMNSTRS posts small blind 30
_SKR posts big blind 60
Dealt to _SKR [7d Kc]
*** PRE-FLOP *** 
PKCTMNSTRS calls 30
_SKR raises 460 to 520 and is all-in
PKCTMNSTRS folds
_SKR collected 580 from pot
*** SUMMARY ***
Total pot 580 | No rake
Seat 2: _SKR (big blind) won 580


Winamax Poker - Tournament "Expresso Nitro" buyIn: 9.30€ + 0.70€ level: 4 - HandId: #2674160133000396801-17-1673704335 - Holdem no limit (30/60) - 2023/01/14 13:52:15 UTC
Table: 'Expresso Nitro(622626425)#0' 3-max (real money) Seat #2 is the button
Seat 1: PKCTMNSTRS (320)
Seat 2: _SKR (580)
*** ANTE/BLINDS ***
_SKR posts small blind 30
PKCTMNSTRS posts big blind 60
Dealt to _SKR [Tc Qc]
*** PRE-FLOP *** 
_SKR raises 520 to 580 and is all-in
PKCTMNSTRS folds
_SKR collected 640 from pot
*** SUMMARY ***
Total pot 640 | No rake
Seat 2: _SKR (small blind) (button) won 640


Winamax Poker - Tournament "Expresso Nitro" buyIn: 9.30€ + 0.70€ level: 4 - HandId: #2674160133000396801-18-1673704345 - Holdem no limit (30/60) - 2023/01/14 13:52:25 UTC
Table: 'Expresso Nitro(622626425)#0' 3-max (real money) Seat #1 is the button
Seat 1: PKCTMNSTRS (260)
Seat 2: _SKR (640)
*** ANTE/BLINDS ***
PKCTMNSTRS posts small blind 30
_SKR posts big blind 60
Dealt to _SKR [4s 6h]
*** PRE-FLOP *** 
PKCTMNSTRS raises 200 to 260 and is all-in
_SKR folds
PKCTMNSTRS collected 320 from pot
*** SUMMARY ***
Total pot 320 | No rake
Seat 1: PKCTMNSTRS (small blind) (button) won 320


Winamax Poker - Tournament "Expresso Nitro" buyIn: 9.30€ + 0.70€ level: 4 - HandId: #2674160133000396801-19-1673704350 - Holdem no limit (30/60) - 2023/01/14 13:52:30 UTC
Table: 'Expresso Nitro(622626425)#0' 3-max (real money) Seat #2 is the button
Seat 1: PKCTMNSTRS (320)
Seat 2: _SKR (580)
*** ANTE/BLINDS ***
_SKR posts small blind 30
PKCTMNSTRS posts big blind 60
Dealt to _SKR [Td 5c]
*** PRE-FLOP *** 
_SKR folds
PKCTMNSTRS collected 90 from pot
*** SUMMARY ***
Total pot 90 | No rake
Seat 1: PKCTMNSTRS (big blind) won 90


Winamax Poker - Tournament "Expresso Nitro" buyIn: 9.30€ + 0.70€ level: 4 - HandId: #2674160133000396801-20-1673704353 - Holdem no limit (30/60) - 2023/01/14 13:52:33 UTC
Table: 'Expresso Nitro(622626425)#0' 3-max (real money) Seat #1 is the button
Seat 1: PKCTMNSTRS (350)
Seat 2: _SKR (550)
*** ANTE/BLINDS ***
PKCTMNSTRS posts small blind 30
_SKR posts big blind 60
Dealt to _SKR [7h 6h]
*** PRE-FLOP *** 
PKCTMNSTRS folds
_SKR collected 90 from pot
*** SUMMARY ***
Total pot 90 | No rake
Seat 2: _SKR (big blind) won 90


Winamax Poker - Tournament "Expresso Nitro" buyIn: 9.30€ + 0.70€ level: 5 - HandId: #2674160133000396801-21-1673704357 - Holdem no limit (40/80) - 2023/01/14 13:52:37 UTC
Table: 'Expresso Nitro(622626425)#0' 3-max (real money) Seat #2 is the button
Seat 1: PKCTMNSTRS (320)
Seat 2: _SKR (580)
*** ANTE/BLINDS ***
_SKR posts small blind 40
PKCTMNSTRS posts big blind 80
Dealt to _SKR [9d Ah]
*** PRE-FLOP *** 
_SKR raises 500 to 580 and is all-in
PKCTMNSTRS calls 240 and is all-in
*** FLOP *** [6h 7d Td]
*** TURN *** [6h 7d Td][Qs]
*** RIVER *** [6h 7d Td Qs][As]
*** SHOW DOWN ***
PKCTMNSTRS shows [Kh 4d] (High card : Ace)
_SKR shows [9d Ah] (One pair : Aces)
_SKR collected 900 from pot
*** SUMMARY ***
Total pot 900 | No rake
Board: [6h 7d Td Qs As]
Seat 1: PKCTMNSTRS (big blind) showed [Kh 4d] and lost with High card : Ace
Seat 2: _SKR (small blind) (button) showed [9d Ah] and won 900 with One pair : Aces


