Winamax Poker - Tournament "Expresso Nitro" buyIn: 0.93€ + 0.07€ level: 1 - HandId: #2666577570102771713-1-1673283683 - Holdem no limit (10/20) - 2023/01/09 17:01:23 UTC
Table: 'Expresso Nitro(620860972)#0' 3-max (real money) Seat #3 is the button
Seat 1: Tomizink (300)
Seat 2: _SKR (300)
Seat 3: amino344 (300)
*** ANTE/BLINDS ***
Tomizink posts small blind 10
_SKR posts big blind 20
Dealt to _SKR [8d Kc]
*** PRE-FLOP *** 
amino344 calls 20
Tomizink calls 10
_SKR checks
*** FLOP *** [5c 2d 9c]
Tomizink checks
_SKR checks
amino344 bets 60
Tomizink raises 60 to 120
_SKR folds
amino344 raises 160 to 280 and is all-in
Tomizink calls 160 and is all-in
*** TURN *** [5c 2d 9c][8c]
*** RIVER *** [5c 2d 9c 8c][Td]
*** SHOW DOWN ***
Tomizink shows [2s 9s] (Two pairs : 9 and 2)
amino344 shows [2c 2h] (Trips of 2)
amino344 collected 620 from pot
*** SUMMARY ***
Total pot 620 | No rake
Board: [5c 2d 9c 8c Td]
Seat 1: Tomizink (small blind) showed [2s 9s] and lost with Two pairs : 9 and 2
Seat 3: amino344 (button) showed [2c 2h] and won 620 with Trips of 2


Winamax Poker - Tournament "Expresso Nitro" buyIn: 0.93€ + 0.07€ level: 1 - HandId: #2666577570102771713-2-1673283720 - Holdem no limit (10/20) - 2023/01/09 17:02:00 UTC
Table: 'Expresso Nitro(620860972)#0' 3-max (real money) Seat #2 is the button
Seat 2: _SKR (280)
Seat 3: amino344 (620)
*** ANTE/BLINDS ***
_SKR posts small blind 10
amino344 posts big blind 20
Dealt to _SKR [Qd 7h]
*** PRE-FLOP *** 
_SKR raises 20 to 40
amino344 calls 20
*** FLOP *** [3h 3d 7c]
amino344 bets 80
_SKR raises 160 to 240 and is all-in
amino344 folds
_SKR collected 400 from pot
*** SUMMARY ***
Total pot 400 | No rake
Board: [3h 3d 7c]
Seat 2: _SKR (small blind) (button) won 400


Winamax Poker - Tournament "Expresso Nitro" buyIn: 0.93€ + 0.07€ level: 2 - HandId: #2666577570102771713-3-1673283741 - Holdem no limit (15/30) - 2023/01/09 17:02:21 UTC
Table: 'Expresso Nitro(620860972)#0' 3-max (real money) Seat #3 is the button
Seat 2: _SKR (400)
Seat 3: amino344 (500)
*** ANTE/BLINDS ***
amino344 posts small blind 15
_SKR posts big blind 30
Dealt to _SKR [Th 3h]
*** PRE-FLOP *** 
amino344 calls 15
_SKR checks
*** FLOP *** [7c 7s 2d]
_SKR checks
amino344 bets 60
_SKR folds
amino344 collected 120 from pot
*** SUMMARY ***
Total pot 120 | No rake
Board: [7c 7s 2d]
Seat 3: amino344 (small blind) (button) won 120


Winamax Poker - Tournament "Expresso Nitro" buyIn: 0.93€ + 0.07€ level: 2 - HandId: #2666577570102771713-4-1673283758 - Holdem no limit (15/30) - 2023/01/09 17:02:38 UTC
Table: 'Expresso Nitro(620860972)#0' 3-max (real money) Seat #2 is the button
Seat 2: _SKR (370)
Seat 3: amino344 (530)
*** ANTE/BLINDS ***
_SKR posts small blind 15
amino344 posts big blind 30
Dealt to _SKR [7s As]
*** PRE-FLOP *** 
_SKR raises 340 to 370 and is all-in
amino344 calls 340
*** FLOP *** [Js 2s 2d]
*** TURN *** [Js 2s 2d][8s]
*** RIVER *** [Js 2s 2d 8s][8c]
*** SHOW DOWN ***
amino344 shows [Kh 5d] (Two pairs : 8 and 2)
_SKR shows [7s As] (Flush Ace high)
_SKR collected 740 from pot
*** SUMMARY ***
Total pot 740 | No rake
Board: [Js 2s 2d 8s 8c]
Seat 2: _SKR (small blind) (button) showed [7s As] and won 740 with Flush Ace high
Seat 3: amino344 (big blind) showed [Kh 5d] and lost with Two pairs : 8 and 2


Winamax Poker - Tournament "Expresso Nitro" buyIn: 0.93€ + 0.07€ level: 2 - HandId: #2666577570102771713-5-1673283772 - Holdem no limit (15/30) - 2023/01/09 17:02:52 UTC
Table: 'Expresso Nitro(620860972)#0' 3-max (real money) Seat #3 is the button
Seat 2: _SKR (740)
Seat 3: amino344 (160)
*** ANTE/BLINDS ***
amino344 posts small blind 15
_SKR posts big blind 30
Dealt to _SKR [Ad 8d]
*** PRE-FLOP *** 
amino344 folds
_SKR collected 45 from pot
*** SUMMARY ***
Total pot 45 | No rake
Seat 2: _SKR (big blind) won 45


Winamax Poker - Tournament "Expresso Nitro" buyIn: 0.93€ + 0.07€ level: 2 - HandId: #2666577570102771713-6-1673283776 - Holdem no limit (15/30) - 2023/01/09 17:02:56 UTC
Table: 'Expresso Nitro(620860972)#0' 3-max (real money) Seat #2 is the button
Seat 2: _SKR (755)
Seat 3: amino344 (145)
*** ANTE/BLINDS ***
_SKR posts small blind 15
amino344 posts big blind 30
Dealt to _SKR [Jh 4s]
*** PRE-FLOP *** 
_SKR raises 725 to 755 and is all-in
amino344 calls 115 and is all-in
*** FLOP *** [9c 3s 6c]
*** TURN *** [9c 3s 6c][5d]
*** RIVER *** [9c 3s 6c 5d][7c]
*** SHOW DOWN ***
_SKR shows [Jh 4s] (Straight 7 high)
amino344 shows [4h 3c] (Straight 7 high)
amino344 collected 145 from main pot
_SKR collected 755 from side pot 1
*** SUMMARY ***
Total pot 900 | No rake
Board: [9c 3s 6c 5d 7c]
Seat 2: _SKR (small blind) (button) showed [Jh 4s] and won 755 with Straight 7 high
Seat 3: amino344 (big blind) showed [4h 3c] and won 145 with Straight 7 high


Winamax Poker - Tournament "Expresso Nitro" buyIn: 0.93€ + 0.07€ level: 2 - HandId: #2666577570102771713-7-1673283787 - Holdem no limit (15/30) - 2023/01/09 17:03:07 UTC
Table: 'Expresso Nitro(620860972)#0' 3-max (real money) Seat #3 is the button
Seat 2: _SKR (755)
Seat 3: amino344 (145)
*** ANTE/BLINDS ***
amino344 posts small blind 15
_SKR posts big blind 30
Dealt to _SKR [2c 7s]
*** PRE-FLOP *** 
amino344 calls 15
_SKR checks
*** FLOP *** [Kh 2h Tc]
_SKR checks
amino344 bets 60
_SKR folds
amino344 collected 120 from pot
*** SUMMARY ***
Total pot 120 | No rake
Board: [Kh 2h Tc]
Seat 3: amino344 (small blind) (button) won 120


Winamax Poker - Tournament "Expresso Nitro" buyIn: 0.93€ + 0.07€ level: 3 - HandId: #2666577570102771713-8-1673283800 - Holdem no limit (20/40) - 2023/01/09 17:03:20 UTC
Table: 'Expresso Nitro(620860972)#0' 3-max (real money) Seat #2 is the button
Seat 2: _SKR (725)
Seat 3: amino344 (175)
*** ANTE/BLINDS ***
_SKR posts small blind 20
amino344 posts big blind 40
Dealt to _SKR [6d 4h]
*** PRE-FLOP *** 
_SKR folds
amino344 collected 60 from pot
*** SUMMARY ***
Total pot 60 | No rake
Seat 3: amino344 (big blind) won 60


Winamax Poker - Tournament "Expresso Nitro" buyIn: 0.93€ + 0.07€ level: 3 - HandId: #2666577570102771713-9-1673283803 - Holdem no limit (20/40) - 2023/01/09 17:03:23 UTC
Table: 'Expresso Nitro(620860972)#0' 3-max (real money) Seat #3 is the button
Seat 2: _SKR (705)
Seat 3: amino344 (195)
*** ANTE/BLINDS ***
amino344 posts small blind 20
_SKR posts big blind 40
Dealt to _SKR [6d Qh]
*** PRE-FLOP *** 
amino344 calls 20
_SKR checks
*** FLOP *** [5c Ks 6h]
_SKR checks
amino344 bets 80
_SKR calls 80
*** TURN *** [5c Ks 6h][3s]
_SKR checks
amino344 bets 75 and is all-in
_SKR calls 75
*** RIVER *** [5c Ks 6h 3s][Kd]
*** SHOW DOWN ***
amino344 shows [2s 7c] (One pair : Kings)
_SKR shows [6d Qh] (Two pairs : Kings and 6)
_SKR collected 390 from pot
*** SUMMARY ***
Total pot 390 | No rake
Board: [5c Ks 6h 3s Kd]
Seat 2: _SKR (big blind) showed [6d Qh] and won 390 with Two pairs : Kings and 6
Seat 3: amino344 (small blind) (button) showed [2s 7c] and lost with One pair : Kings


