Winamax Poker - Tournament "Expresso Nitro" buyIn: 0.93€ + 0.07€ level: 1 - HandId: #2717290185996894209-1-1676215946 - Holdem no limit (10/20) - 2023/02/12 15:32:26 UTC
Table: 'Expresso Nitro(632668423)#0' 3-max (real money) Seat #2 is the button
Seat 1: Austrii (300)
Seat 2: _SKR (300)
Seat 3: Chilo841 (300)
*** ANTE/BLINDS ***
Chilo841 posts small blind 10
Austrii posts big blind 20
Dealt to _SKR [2s 6d]
*** PRE-FLOP *** 
_SKR folds
Chilo841 raises 280 to 300 and is all-in
Austrii folds
Chilo841 collected 320 from pot
*** SUMMARY ***
Total pot 320 | No rake
Seat 3: Chilo841 (small blind) won 320


Winamax Poker - Tournament "Expresso Nitro" buyIn: 0.93€ + 0.07€ level: 1 - HandId: #2717290185996894209-2-1676215958 - Holdem no limit (10/20) - 2023/02/12 15:32:38 UTC
Table: 'Expresso Nitro(632668423)#0' 3-max (real money) Seat #3 is the button
Seat 1: Austrii (280)
Seat 2: _SKR (300)
Seat 3: Chilo841 (320)
*** ANTE/BLINDS ***
Austrii posts small blind 10
_SKR posts big blind 20
Dealt to _SKR [6h 9s]
*** PRE-FLOP *** 
Chilo841 calls 20
Austrii raises 260 to 280 and is all-in
_SKR folds
Chilo841 folds
Austrii collected 320 from pot
*** SUMMARY ***
Total pot 320 | No rake
Seat 1: Austrii (small blind) won 320


Winamax Poker - Tournament "Expresso Nitro" buyIn: 0.93€ + 0.07€ level: 1 - HandId: #2717290185996894209-3-1676215966 - Holdem no limit (10/20) - 2023/02/12 15:32:46 UTC
Table: 'Expresso Nitro(632668423)#0' 3-max (real money) Seat #1 is the button
Seat 1: Austrii (320)
Seat 2: _SKR (280)
Seat 3: Chilo841 (300)
*** ANTE/BLINDS ***
_SKR posts small blind 10
Chilo841 posts big blind 20
Dealt to _SKR [5c 3c]
*** PRE-FLOP *** 
Austrii folds
_SKR folds
Chilo841 collected 30 from pot
*** SUMMARY ***
Total pot 30 | No rake
Seat 3: Chilo841 (big blind) won 30


Winamax Poker - Tournament "Expresso Nitro" buyIn: 0.93€ + 0.07€ level: 1 - HandId: #2717290185996894209-4-1676215973 - Holdem no limit (10/20) - 2023/02/12 15:32:53 UTC
Table: 'Expresso Nitro(632668423)#0' 3-max (real money) Seat #2 is the button
Seat 1: Austrii (320)
Seat 2: _SKR (270)
Seat 3: Chilo841 (310)
*** ANTE/BLINDS ***
Chilo841 posts small blind 10
Austrii posts big blind 20
Dealt to _SKR [Qs As]
*** PRE-FLOP *** 
_SKR raises 20 to 40
Chilo841 folds
Austrii calls 20
*** FLOP *** [5s Jd Ks]
Austrii checks
_SKR bets 45
Austrii folds
_SKR collected 135 from pot
*** SUMMARY ***
Total pot 135 | No rake
Board: [5s Jd Ks]
Seat 2: _SKR (button) won 135


Winamax Poker - Tournament "Expresso Nitro" buyIn: 0.93€ + 0.07€ level: 1 - HandId: #2717290185996894209-5-1676215991 - Holdem no limit (10/20) - 2023/02/12 15:33:11 UTC
Table: 'Expresso Nitro(632668423)#0' 3-max (real money) Seat #3 is the button
Seat 1: Austrii (280)
Seat 2: _SKR (320)
Seat 3: Chilo841 (300)
*** ANTE/BLINDS ***
Austrii posts small blind 10
_SKR posts big blind 20
Dealt to _SKR [4s Ah]
*** PRE-FLOP *** 
Chilo841 calls 20
Austrii folds
_SKR raises 300 to 320 and is all-in
Chilo841 folds
_SKR collected 350 from pot
*** SUMMARY ***
Total pot 350 | No rake
Seat 2: _SKR (big blind) won 350


Winamax Poker - Tournament "Expresso Nitro" buyIn: 0.93€ + 0.07€ level: 2 - HandId: #2717290185996894209-6-1676216004 - Holdem no limit (15/30) - 2023/02/12 15:33:24 UTC
Table: 'Expresso Nitro(632668423)#0' 3-max (real money) Seat #1 is the button
Seat 1: Austrii (270)
Seat 2: _SKR (350)
Seat 3: Chilo841 (280)
*** ANTE/BLINDS ***
_SKR posts small blind 15
Chilo841 posts big blind 30
Dealt to _SKR [6s Jc]
*** PRE-FLOP *** 
Austrii raises 240 to 270 and is all-in
_SKR folds
Chilo841 calls 240
*** FLOP *** [2c Tc 7d]
*** TURN *** [2c Tc 7d][Qc]
*** RIVER *** [2c Tc 7d Qc][8c]
*** SHOW DOWN ***
Austrii shows [9s As] (High card : Ace)
Chilo841 shows [5s 5d] (One pair : 5)
Chilo841 collected 555 from pot
*** SUMMARY ***
Total pot 555 | No rake
Board: [2c Tc 7d Qc 8c]
Seat 1: Austrii (button) showed [9s As] and lost with High card : Ace
Seat 3: Chilo841 (big blind) showed [5s 5d] and won 555 with One pair : 5


Winamax Poker - Tournament "Expresso Nitro" buyIn: 0.93€ + 0.07€ level: 2 - HandId: #2717290185996894209-7-1676216019 - Holdem no limit (15/30) - 2023/02/12 15:33:39 UTC
Table: 'Expresso Nitro(632668423)#0' 3-max (real money) Seat #3 is the button
Seat 2: _SKR (335)
Seat 3: Chilo841 (565)
*** ANTE/BLINDS ***
Chilo841 posts small blind 15
_SKR posts big blind 30
Dealt to _SKR [3c 7h]
*** PRE-FLOP *** 
Chilo841 folds
_SKR collected 45 from pot
*** SUMMARY ***
Total pot 45 | No rake
Seat 2: _SKR (big blind) won 45


Winamax Poker - Tournament "Expresso Nitro" buyIn: 0.93€ + 0.07€ level: 2 - HandId: #2717290185996894209-8-1676216022 - Holdem no limit (15/30) - 2023/02/12 15:33:42 UTC
Table: 'Expresso Nitro(632668423)#0' 3-max (real money) Seat #2 is the button
Seat 2: _SKR (350)
Seat 3: Chilo841 (550)
*** ANTE/BLINDS ***
_SKR posts small blind 15
Chilo841 posts big blind 30
Dealt to _SKR [Ad 5h]
*** PRE-FLOP *** 
_SKR raises 320 to 350 and is all-in
Chilo841 calls 320
*** FLOP *** [6s 7d Kd]
*** TURN *** [6s 7d Kd][As]
*** RIVER *** [6s 7d Kd As][Ks]
*** SHOW DOWN ***
_SKR shows [Ad 5h] (Two pairs : Aces and Kings)
Chilo841 shows [Kh 9c] (Trips of Kings)
Chilo841 collected 700 from pot
*** SUMMARY ***
Total pot 700 | No rake
Board: [6s 7d Kd As Ks]
Seat 2: _SKR (small blind) (button) showed [Ad 5h] and lost with Two pairs : Aces and Kings
Seat 3: Chilo841 (big blind) showed [Kh 9c] and won 700 with Trips of Kings


