Winamax Poker - Tournament "Expresso Nitro" buyIn: 0.93€ + 0.07€ level: 1 - HandId: #2676356145483874305-1-1673821147 - Holdem no limit (10/20) - 2023/01/15 22:19:07 UTC
Table: 'Expresso Nitro(623137724)#0' 3-max (real money) Seat #1 is the button
Seat 1: _SKR (300)
Seat 2: patatraak (300)
Seat 3: tef972 (300)
*** ANTE/BLINDS ***
patatraak posts small blind 10
tef972 posts big blind 20
Dealt to _SKR [5c 2s]
*** PRE-FLOP *** 
_SKR folds
patatraak folds
tef972 collected 30 from pot
*** SUMMARY ***
Total pot 30 | No rake
Seat 3: tef972 (big blind) won 30


Winamax Poker - Tournament "Expresso Nitro" buyIn: 0.93€ + 0.07€ level: 1 - HandId: #2676356145483874305-2-1673821152 - Holdem no limit (10/20) - 2023/01/15 22:19:12 UTC
Table: 'Expresso Nitro(623137724)#0' 3-max (real money) Seat #2 is the button
Seat 1: _SKR (300)
Seat 2: patatraak (290)
Seat 3: tef972 (310)
*** ANTE/BLINDS ***
tef972 posts small blind 10
_SKR posts big blind 20
Dealt to _SKR [6h 2d]
*** PRE-FLOP *** 
patatraak folds
tef972 calls 10
_SKR checks
*** FLOP *** [Ah 2c 4d]
tef972 checks
_SKR checks
*** TURN *** [Ah 2c 4d][6s]
tef972 checks
_SKR bets 26
tef972 calls 26
*** RIVER *** [Ah 2c 4d 6s][3d]
tef972 checks
_SKR bets 46
tef972 calls 46
*** SHOW DOWN ***
tef972 shows [Ts 3h] (One pair : 3)
_SKR shows [6h 2d] (Two pairs : 6 and 2)
_SKR collected 184 from pot
*** SUMMARY ***
Total pot 184 | No rake
Board: [Ah 2c 4d 6s 3d]
Seat 1: _SKR (big blind) showed [6h 2d] and won 184 with Two pairs : 6 and 2
Seat 3: tef972 (small blind) showed [Ts 3h] and lost with One pair : 3


Winamax Poker - Tournament "Expresso Nitro" buyIn: 0.93€ + 0.07€ level: 1 - HandId: #2676356145483874305-3-1673821197 - Holdem no limit (10/20) - 2023/01/15 22:19:57 UTC
Table: 'Expresso Nitro(623137724)#0' 3-max (real money) Seat #3 is the button
Seat 1: _SKR (392)
Seat 2: patatraak (290)
Seat 3: tef972 (218)
*** ANTE/BLINDS ***
_SKR posts small blind 10
patatraak posts big blind 20
Dealt to _SKR [7c 3s]
*** PRE-FLOP *** 
tef972 raises 198 to 218 and is all-in
_SKR folds
patatraak folds
tef972 collected 248 from pot
*** SUMMARY ***
Total pot 248 | No rake
Seat 3: tef972 (button) won 248


Winamax Poker - Tournament "Expresso Nitro" buyIn: 0.93€ + 0.07€ level: 2 - HandId: #2676356145483874305-4-1673821203 - Holdem no limit (15/30) - 2023/01/15 22:20:03 UTC
Table: 'Expresso Nitro(623137724)#0' 3-max (real money) Seat #1 is the button
Seat 1: _SKR (382)
Seat 2: patatraak (270)
Seat 3: tef972 (248)
*** ANTE/BLINDS ***
patatraak posts small blind 15
tef972 posts big blind 30
Dealt to _SKR [7d Ah]
*** PRE-FLOP *** 
_SKR raises 352 to 382 and is all-in
patatraak folds
tef972 folds
_SKR collected 427 from pot
*** SUMMARY ***
Total pot 427 | No rake
Seat 1: _SKR (button) won 427


Winamax Poker - Tournament "Expresso Nitro" buyIn: 0.93€ + 0.07€ level: 2 - HandId: #2676356145483874305-5-1673821211 - Holdem no limit (15/30) - 2023/01/15 22:20:11 UTC
Table: 'Expresso Nitro(623137724)#0' 3-max (real money) Seat #2 is the button
Seat 1: _SKR (427)
Seat 2: patatraak (255)
Seat 3: tef972 (218)
*** ANTE/BLINDS ***
tef972 posts small blind 15
_SKR posts big blind 30
Dealt to _SKR [Ac 2h]
*** PRE-FLOP *** 
patatraak calls 30
tef972 folds
_SKR raises 397 to 427 and is all-in
patatraak folds
_SKR collected 472 from pot
*** SUMMARY ***
Total pot 472 | No rake
Seat 1: _SKR (big blind) won 472


Winamax Poker - Tournament "Expresso Nitro" buyIn: 0.93€ + 0.07€ level: 2 - HandId: #2676356145483874305-6-1673821224 - Holdem no limit (15/30) - 2023/01/15 22:20:24 UTC
Table: 'Expresso Nitro(623137724)#0' 3-max (real money) Seat #3 is the button
Seat 1: _SKR (472)
Seat 2: patatraak (225)
Seat 3: tef972 (203)
*** ANTE/BLINDS ***
_SKR posts small blind 15
patatraak posts big blind 30
Dealt to _SKR [2s Qs]
*** PRE-FLOP *** 
tef972 raises 173 to 203 and is all-in
_SKR folds
patatraak folds
tef972 collected 248 from pot
*** SUMMARY ***
Total pot 248 | No rake
Seat 3: tef972 (button) won 248


Winamax Poker - Tournament "Expresso Nitro" buyIn: 0.93€ + 0.07€ level: 2 - HandId: #2676356145483874305-7-1673821232 - Holdem no limit (15/30) - 2023/01/15 22:20:32 UTC
Table: 'Expresso Nitro(623137724)#0' 3-max (real money) Seat #1 is the button
Seat 1: _SKR (457)
Seat 2: patatraak (195)
Seat 3: tef972 (248)
*** ANTE/BLINDS ***
patatraak posts small blind 15
tef972 posts big blind 30
Dealt to _SKR [5s Ks]
*** PRE-FLOP *** 
_SKR folds
patatraak folds
tef972 collected 45 from pot
*** SUMMARY ***
Total pot 45 | No rake
Seat 3: tef972 (big blind) won 45


Winamax Poker - Tournament "Expresso Nitro" buyIn: 0.93€ + 0.07€ level: 2 - HandId: #2676356145483874305-8-1673821239 - Holdem no limit (15/30) - 2023/01/15 22:20:39 UTC
Table: 'Expresso Nitro(623137724)#0' 3-max (real money) Seat #2 is the button
Seat 1: _SKR (457)
Seat 2: patatraak (180)
Seat 3: tef972 (263)
*** ANTE/BLINDS ***
tef972 posts small blind 15
_SKR posts big blind 30
Dealt to _SKR [Tc Th]
*** PRE-FLOP *** 
patatraak calls 30
tef972 raises 233 to 263 and is all-in
_SKR raises 194 to 457 and is all-in
patatraak calls 150 and is all-in
*** FLOP *** [7d Jc Qd]
*** TURN *** [7d Jc Qd][4c]
*** RIVER *** [7d Jc Qd 4c][5c]
*** SHOW DOWN ***
patatraak shows [4s 6s] (One pair : 4)
_SKR shows [Tc Th] (One pair : Tens)
tef972 shows [7s Qs] (Two pairs : Queens and 7)
tef972 collected 706 from main pot
_SKR collected 194 from side pot 1
*** SUMMARY ***
Total pot 900 | No rake
Board: [7d Jc Qd 4c 5c]
Seat 1: _SKR (big blind) showed [Tc Th] and won 194 with One pair : Tens
Seat 2: patatraak (button) showed [4s 6s] and lost with One pair : 4
Seat 3: tef972 (small blind) showed [7s Qs] and won 706 with Two pairs : Queens and 7


Winamax Poker - Tournament "Expresso Nitro" buyIn: 0.93€ + 0.07€ level: 2 - HandId: #2676356145483874305-9-1673821257 - Holdem no limit (15/30) - 2023/01/15 22:20:57 UTC
Table: 'Expresso Nitro(623137724)#0' 3-max (real money) Seat #1 is the button
Seat 1: _SKR (194)
Seat 3: tef972 (706)
*** ANTE/BLINDS ***
_SKR posts small blind 15
tef972 posts big blind 30
Dealt to _SKR [Td Kh]
*** PRE-FLOP *** 
_SKR raises 164 to 194 and is all-in
tef972 calls 164
*** FLOP *** [Ac 9d 2c]
*** TURN *** [Ac 9d 2c][Tc]
*** RIVER *** [Ac 9d 2c Tc][Qs]
*** SHOW DOWN ***
_SKR shows [Td Kh] (One pair : Tens)
tef972 shows [Qd Jd] (One pair : Queens)
tef972 collected 388 from pot
*** SUMMARY ***
Total pot 388 | No rake
Board: [Ac 9d 2c Tc Qs]
Seat 1: _SKR (small blind) (button) showed [Td Kh] and lost with One pair : Tens
Seat 3: tef972 (big blind) showed [Qd Jd] and won 388 with One pair : Queens


