Winamax Poker - Tournament "Expresso Nitro" buyIn: 0.93€ + 0.07€ level: 1 - HandId: #2676382744216338433-1-1673822101 - Holdem no limit (10/20) - 2023/01/15 22:35:01 UTC
Table: 'Expresso Nitro(623143917)#0' 3-max (real money) Seat #2 is the button
Seat 1: Luisle13 (300)
Seat 2: _SKR (300)
Seat 3: Burning Pile (300)
*** ANTE/BLINDS ***
Burning Pile posts small blind 10
Luisle13 posts big blind 20
Dealt to _SKR [5c Kc]
*** PRE-FLOP *** 
_SKR folds
Burning Pile calls 10
Luisle13 raises 280 to 300 and is all-in
Burning Pile calls 280 and is all-in
*** FLOP *** [2c 6h Qd]
*** TURN *** [2c 6h Qd][As]
*** RIVER *** [2c 6h Qd As][8d]
*** SHOW DOWN ***
Burning Pile shows [9s Ah] (One pair : Aces)
Luisle13 shows [Ad 6c] (Two pairs : Aces and 6)
Luisle13 collected 600 from pot
*** SUMMARY ***
Total pot 600 | No rake
Board: [2c 6h Qd As 8d]
Seat 1: Luisle13 (big blind) showed [Ad 6c] and won 600 with Two pairs : Aces and 6
Seat 3: Burning Pile (small blind) showed [9s Ah] and lost with One pair : Aces


Winamax Poker - Tournament "Expresso Nitro" buyIn: 0.93€ + 0.07€ level: 1 - HandId: #2676382744216338433-2-1673822123 - Holdem no limit (10/20) - 2023/01/15 22:35:23 UTC
Table: 'Expresso Nitro(623143917)#0' 3-max (real money) Seat #1 is the button
Seat 1: Luisle13 (600)
Seat 2: _SKR (300)
*** ANTE/BLINDS ***
Luisle13 posts small blind 10
_SKR posts big blind 20
Dealt to _SKR [8c 6h]
*** PRE-FLOP *** 
Luisle13 calls 10
_SKR checks
*** FLOP *** [Th Ts 4c]
_SKR checks
Luisle13 bets 20
_SKR folds
Luisle13 collected 60 from pot
*** SUMMARY ***
Total pot 60 | No rake
Board: [Th Ts 4c]
Seat 1: Luisle13 (small blind) (button) won 60


Winamax Poker - Tournament "Expresso Nitro" buyIn: 0.93€ + 0.07€ level: 1 - HandId: #2676382744216338433-3-1673822149 - Holdem no limit (10/20) - 2023/01/15 22:35:49 UTC
Table: 'Expresso Nitro(623143917)#0' 3-max (real money) Seat #2 is the button
Seat 1: Luisle13 (620)
Seat 2: _SKR (280)
*** ANTE/BLINDS ***
_SKR posts small blind 10
Luisle13 posts big blind 20
Dealt to _SKR [8h 6h]
*** PRE-FLOP *** 
_SKR raises 20 to 40
Luisle13 raises 580 to 620 and is all-in
_SKR folds
Luisle13 collected 660 from pot
*** SUMMARY ***
Total pot 660 | No rake
Seat 1: Luisle13 (big blind) won 660


Winamax Poker - Tournament "Expresso Nitro" buyIn: 0.93€ + 0.07€ level: 2 - HandId: #2676382744216338433-4-1673822160 - Holdem no limit (15/30) - 2023/01/15 22:36:00 UTC
Table: 'Expresso Nitro(623143917)#0' 3-max (real money) Seat #1 is the button
Seat 1: Luisle13 (660)
Seat 2: _SKR (240)
*** ANTE/BLINDS ***
Luisle13 posts small blind 15
_SKR posts big blind 30
Dealt to _SKR [Qc 3d]
*** PRE-FLOP *** 
Luisle13 raises 630 to 660 and is all-in
_SKR folds
Luisle13 collected 690 from pot
*** SUMMARY ***
Total pot 690 | No rake
Seat 1: Luisle13 (small blind) (button) won 690


Winamax Poker - Tournament "Expresso Nitro" buyIn: 0.93€ + 0.07€ level: 2 - HandId: #2676382744216338433-5-1673822165 - Holdem no limit (15/30) - 2023/01/15 22:36:05 UTC
Table: 'Expresso Nitro(623143917)#0' 3-max (real money) Seat #2 is the button
Seat 1: Luisle13 (690)
Seat 2: _SKR (210)
*** ANTE/BLINDS ***
_SKR posts small blind 15
Luisle13 posts big blind 30
Dealt to _SKR [4s 8s]
*** PRE-FLOP *** 
_SKR folds
Luisle13 collected 45 from pot
*** SUMMARY ***
Total pot 45 | No rake
Seat 1: Luisle13 (big blind) won 45


Winamax Poker - Tournament "Expresso Nitro" buyIn: 0.93€ + 0.07€ level: 2 - HandId: #2676382744216338433-6-1673822168 - Holdem no limit (15/30) - 2023/01/15 22:36:08 UTC
Table: 'Expresso Nitro(623143917)#0' 3-max (real money) Seat #1 is the button
Seat 1: Luisle13 (705)
Seat 2: _SKR (195)
*** ANTE/BLINDS ***
Luisle13 posts small blind 15
_SKR posts big blind 30
Dealt to _SKR [6h 5d]
*** PRE-FLOP *** 
Luisle13 folds
_SKR collected 45 from pot
*** SUMMARY ***
Total pot 45 | No rake
Seat 2: _SKR (big blind) won 45


Winamax Poker - Tournament "Expresso Nitro" buyIn: 0.93€ + 0.07€ level: 2 - HandId: #2676382744216338433-7-1673822172 - Holdem no limit (15/30) - 2023/01/15 22:36:12 UTC
Table: 'Expresso Nitro(623143917)#0' 3-max (real money) Seat #2 is the button
Seat 1: Luisle13 (690)
Seat 2: _SKR (210)
*** ANTE/BLINDS ***
_SKR posts small blind 15
Luisle13 posts big blind 30
Dealt to _SKR [Qs Kd]
*** PRE-FLOP *** 
_SKR raises 180 to 210 and is all-in
Luisle13 folds
_SKR collected 240 from pot
*** SUMMARY ***
Total pot 240 | No rake
Seat 2: _SKR (small blind) (button) won 240


Winamax Poker - Tournament "Expresso Nitro" buyIn: 0.93€ + 0.07€ level: 2 - HandId: #2676382744216338433-8-1673822182 - Holdem no limit (15/30) - 2023/01/15 22:36:22 UTC
Table: 'Expresso Nitro(623143917)#0' 3-max (real money) Seat #1 is the button
Seat 1: Luisle13 (660)
Seat 2: _SKR (240)
*** ANTE/BLINDS ***
Luisle13 posts small blind 15
_SKR posts big blind 30
Dealt to _SKR [8s Ts]
*** PRE-FLOP *** 
Luisle13 raises 630 to 660 and is all-in
_SKR folds
Luisle13 collected 690 from pot
*** SUMMARY ***
Total pot 690 | No rake
Seat 1: Luisle13 (small blind) (button) won 690


Winamax Poker - Tournament "Expresso Nitro" buyIn: 0.93€ + 0.07€ level: 2 - HandId: #2676382744216338433-9-1673822187 - Holdem no limit (15/30) - 2023/01/15 22:36:27 UTC
Table: 'Expresso Nitro(623143917)#0' 3-max (real money) Seat #2 is the button
Seat 1: Luisle13 (690)
Seat 2: _SKR (210)
*** ANTE/BLINDS ***
_SKR posts small blind 15
Luisle13 posts big blind 30
Dealt to _SKR [Jh 4c]
*** PRE-FLOP *** 
_SKR folds
Luisle13 collected 45 from pot
*** SUMMARY ***
Total pot 45 | No rake
Seat 1: Luisle13 (big blind) won 45


Winamax Poker - Tournament "Expresso Nitro" buyIn: 0.93€ + 0.07€ level: 2 - HandId: #2676382744216338433-10-1673822191 - Holdem no limit (15/30) - 2023/01/15 22:36:31 UTC
Table: 'Expresso Nitro(623143917)#0' 3-max (real money) Seat #1 is the button
Seat 1: Luisle13 (705)
Seat 2: _SKR (195)
*** ANTE/BLINDS ***
Luisle13 posts small blind 15
_SKR posts big blind 30
Dealt to _SKR [3h 8h]
*** PRE-FLOP *** 
Luisle13 raises 675 to 705 and is all-in
_SKR folds
Luisle13 collected 735 from pot
*** SUMMARY ***
Total pot 735 | No rake
Seat 1: Luisle13 (small blind) (button) won 735


Winamax Poker - Tournament "Expresso Nitro" buyIn: 0.93€ + 0.07€ level: 2 - HandId: #2676382744216338433-11-1673822196 - Holdem no limit (15/30) - 2023/01/15 22:36:36 UTC
Table: 'Expresso Nitro(623143917)#0' 3-max (real money) Seat #2 is the button
Seat 1: Luisle13 (735)
Seat 2: _SKR (165)
*** ANTE/BLINDS ***
_SKR posts small blind 15
Luisle13 posts big blind 30
Dealt to _SKR [7s As]
*** PRE-FLOP *** 
_SKR raises 135 to 165 and is all-in
Luisle13 calls 135
*** FLOP *** [3s 5s 6d]
*** TURN *** [3s 5s 6d][9d]
*** RIVER *** [3s 5s 6d 9d][8h]
*** SHOW DOWN ***
Luisle13 shows [Jh 7c] (Straight 9 high)
_SKR shows [7s As] (Straight 9 high)
_SKR collected 165 from pot
Luisle13 collected 165 from pot
*** SUMMARY ***
Total pot 330 | No rake
Board: [3s 5s 6d 9d 8h]
Seat 1: Luisle13 (big blind) showed [Jh 7c] and won 165 with Straight 9 high
Seat 2: _SKR (small blind) (button) showed [7s As] and won 165 with Straight 9 high


Winamax Poker - Tournament "Expresso Nitro" buyIn: 0.93€ + 0.07€ level: 2 - HandId: #2676382744216338433-12-1673822215 - Holdem no limit (15/30) - 2023/01/15 22:36:55 UTC
Table: 'Expresso Nitro(623143917)#0' 3-max (real money) Seat #1 is the button
Seat 1: Luisle13 (735)
Seat 2: _SKR (165)
*** ANTE/BLINDS ***
Luisle13 posts small blind 15
_SKR posts big blind 30
Dealt to _SKR [Kh 5h]
*** PRE-FLOP *** 
Luisle13 calls 15
_SKR raises 30 to 60
Luisle13 calls 30
*** FLOP *** [4h Kc Js]
_SKR checks
Luisle13 bets 30
_SKR calls 30
*** TURN *** [4h Kc Js][2s]
_SKR checks
Luisle13 checks
*** RIVER *** [4h Kc Js 2s][6s]
_SKR bets 75 and is all-in
Luisle13 folds
_SKR collected 255 from pot
*** SUMMARY ***
Total pot 255 | No rake
Board: [4h Kc Js 2s 6s]
Seat 2: _SKR (big blind) won 255


Winamax Poker - Tournament "Expresso Nitro" buyIn: 0.93€ + 0.07€ level: 3 - HandId: #2676382744216338433-13-1673822236 - Holdem no limit (20/40) - 2023/01/15 22:37:16 UTC
Table: 'Expresso Nitro(623143917)#0' 3-max (real money) Seat #2 is the button
Seat 1: Luisle13 (645)
Seat 2: _SKR (255)
*** ANTE/BLINDS ***
_SKR posts small blind 20
Luisle13 posts big blind 40
Dealt to _SKR [Js Ac]
*** PRE-FLOP *** 
_SKR raises 215 to 255 and is all-in
Luisle13 folds
_SKR collected 295 from pot
*** SUMMARY ***
Total pot 295 | No rake
Seat 2: _SKR (small blind) (button) won 295


Winamax Poker - Tournament "Expresso Nitro" buyIn: 0.93€ + 0.07€ level: 3 - HandId: #2676382744216338433-14-1673822246 - Holdem no limit (20/40) - 2023/01/15 22:37:26 UTC
Table: 'Expresso Nitro(623143917)#0' 3-max (real money) Seat #1 is the button
Seat 1: Luisle13 (605)
Seat 2: _SKR (295)
*** ANTE/BLINDS ***
Luisle13 posts small blind 20
_SKR posts big blind 40
Dealt to _SKR [Ah 2s]
*** PRE-FLOP *** 
Luisle13 raises 565 to 605 and is all-in
_SKR calls 255 and is all-in
*** FLOP *** [2h Jd 5h]
*** TURN *** [2h Jd 5h][9c]
*** RIVER *** [2h Jd 5h 9c][9d]
*** SHOW DOWN ***
Luisle13 shows [8d 2d] (Two pairs : 9 and 2)
_SKR shows [Ah 2s] (Two pairs : 9 and 2)
_SKR collected 590 from main pot
Luisle13 collected 310 from side pot 1
*** SUMMARY ***
Total pot 900 | No rake
Board: [2h Jd 5h 9c 9d]
Seat 1: Luisle13 (small blind) (button) showed [8d 2d] and won 310 with Two pairs : 9 and 2
Seat 2: _SKR (big blind) showed [Ah 2s] and won 590 with Two pairs : 9 and 2


Winamax Poker - Tournament "Expresso Nitro" buyIn: 0.93€ + 0.07€ level: 3 - HandId: #2676382744216338433-15-1673822257 - Holdem no limit (20/40) - 2023/01/15 22:37:37 UTC
Table: 'Expresso Nitro(623143917)#0' 3-max (real money) Seat #2 is the button
Seat 1: Luisle13 (310)
Seat 2: _SKR (590)
*** ANTE/BLINDS ***
_SKR posts small blind 20
Luisle13 posts big blind 40
Dealt to _SKR [3d Js]
*** PRE-FLOP *** 
_SKR folds
Luisle13 collected 60 from pot
*** SUMMARY ***
Total pot 60 | No rake
Seat 1: Luisle13 (big blind) won 60


Winamax Poker - Tournament "Expresso Nitro" buyIn: 0.93€ + 0.07€ level: 3 - HandId: #2676382744216338433-16-1673822260 - Holdem no limit (20/40) - 2023/01/15 22:37:40 UTC
Table: 'Expresso Nitro(623143917)#0' 3-max (real money) Seat #1 is the button
Seat 1: Luisle13 (330)
Seat 2: _SKR (570)
*** ANTE/BLINDS ***
Luisle13 posts small blind 20
_SKR posts big blind 40
Dealt to _SKR [Jc 4s]
*** PRE-FLOP *** 
Luisle13 raises 290 to 330 and is all-in
_SKR folds
Luisle13 collected 370 from pot
*** SUMMARY ***
Total pot 370 | No rake
Seat 1: Luisle13 (small blind) (button) won 370


Winamax Poker - Tournament "Expresso Nitro" buyIn: 0.93€ + 0.07€ level: 3 - HandId: #2676382744216338433-17-1673822268 - Holdem no limit (20/40) - 2023/01/15 22:37:48 UTC
Table: 'Expresso Nitro(623143917)#0' 3-max (real money) Seat #2 is the button
Seat 1: Luisle13 (370)
Seat 2: _SKR (530)
*** ANTE/BLINDS ***
_SKR posts small blind 20
Luisle13 posts big blind 40
Dealt to _SKR [9s Qc]
*** PRE-FLOP *** 
_SKR raises 490 to 530 and is all-in
Luisle13 folds
_SKR collected 570 from pot
*** SUMMARY ***
Total pot 570 | No rake
Seat 2: _SKR (small blind) (button) won 570


Winamax Poker - Tournament "Expresso Nitro" buyIn: 0.93€ + 0.07€ level: 4 - HandId: #2676382744216338433-18-1673822280 - Holdem no limit (30/60) - 2023/01/15 22:38:00 UTC
Table: 'Expresso Nitro(623143917)#0' 3-max (real money) Seat #1 is the button
Seat 1: Luisle13 (330)
Seat 2: _SKR (570)
*** ANTE/BLINDS ***
Luisle13 posts small blind 30
_SKR posts big blind 60
Dealt to _SKR [3s 7d]
*** PRE-FLOP *** 
Luisle13 raises 270 to 330 and is all-in
_SKR folds
Luisle13 collected 390 from pot
*** SUMMARY ***
Total pot 390 | No rake
Seat 1: Luisle13 (small blind) (button) won 390


Winamax Poker - Tournament "Expresso Nitro" buyIn: 0.93€ + 0.07€ level: 4 - HandId: #2676382744216338433-19-1673822286 - Holdem no limit (30/60) - 2023/01/15 22:38:06 UTC
Table: 'Expresso Nitro(623143917)#0' 3-max (real money) Seat #2 is the button
Seat 1: Luisle13 (390)
Seat 2: _SKR (510)
*** ANTE/BLINDS ***
_SKR posts small blind 30
Luisle13 posts big blind 60
Dealt to _SKR [9c Th]
*** PRE-FLOP *** 
_SKR raises 450 to 510 and is all-in
Luisle13 calls 330 and is all-in
*** FLOP *** [Qs 3d 8h]
*** TURN *** [Qs 3d 8h][Jd]
*** RIVER *** [Qs 3d 8h Jd][Ac]
*** SHOW DOWN ***
Luisle13 shows [Ks 5c] (High card : Ace)
_SKR shows [9c Th] (Straight Queen high)
_SKR collected 900 from pot
*** SUMMARY ***
Total pot 900 | No rake
Board: [Qs 3d 8h Jd Ac]
Seat 1: Luisle13 (big blind) showed [Ks 5c] and lost with High card : Ace
Seat 2: _SKR (small blind) (button) showed [9c Th] and won 900 with Straight Queen high


