Winamax Poker - Tournament "Expresso Nitro" buyIn: 1.86€ + 0.14€ level: 1 - HandId: #2696649445050679297-1-1675091643 - Holdem no limit (10/20) - 2023/01/30 15:14:03 UTC
Table: 'Expresso Nitro(627862626)#0' 3-max (real money) Seat #1 is the button
Seat 1: thedodger15 (300)
Seat 2: _SKR (300)
Seat 3: BlAcKcAt. (300)
*** ANTE/BLINDS ***
_SKR posts small blind 10
BlAcKcAt. posts big blind 20
Dealt to _SKR [Qd 5s]
*** PRE-FLOP *** 
thedodger15 raises 280 to 300 and is all-in
_SKR folds
BlAcKcAt. folds
thedodger15 collected 330 from pot
*** SUMMARY ***
Total pot 330 | No rake
Seat 1: thedodger15 (button) won 330


Winamax Poker - Tournament "Expresso Nitro" buyIn: 1.86€ + 0.14€ level: 1 - HandId: #2696649445050679297-2-1675091650 - Holdem no limit (10/20) - 2023/01/30 15:14:10 UTC
Table: 'Expresso Nitro(627862626)#0' 3-max (real money) Seat #2 is the button
Seat 1: thedodger15 (330)
Seat 2: _SKR (290)
Seat 3: BlAcKcAt. (280)
*** ANTE/BLINDS ***
BlAcKcAt. posts small blind 10
thedodger15 posts big blind 20
Dealt to _SKR [Tc 9h]
*** PRE-FLOP *** 
_SKR folds
BlAcKcAt. raises 40 to 60
thedodger15 raises 270 to 330 and is all-in
BlAcKcAt. calls 220 and is all-in
*** FLOP *** [Js 6c Qs]
*** TURN *** [Js 6c Qs][8s]
*** RIVER *** [Js 6c Qs 8s][Jh]
*** SHOW DOWN ***
thedodger15 shows [9d Ad] (One pair : Jacks)
BlAcKcAt. shows [As Jd] (Trips of Jacks)
BlAcKcAt. collected 560 from main pot
thedodger15 collected 50 from side pot 1
*** SUMMARY ***
Total pot 610 | No rake
Board: [Js 6c Qs 8s Jh]
Seat 1: thedodger15 (big blind) showed [9d Ad] and won 50 with One pair : Jacks
Seat 3: BlAcKcAt. (small blind) showed [As Jd] and won 560 with Trips of Jacks


Winamax Poker - Tournament "Expresso Nitro" buyIn: 1.86€ + 0.14€ level: 1 - HandId: #2696649445050679297-3-1675091671 - Holdem no limit (10/20) - 2023/01/30 15:14:31 UTC
Table: 'Expresso Nitro(627862626)#0' 3-max (real money) Seat #3 is the button
Seat 1: thedodger15 (50)
Seat 2: _SKR (290)
Seat 3: BlAcKcAt. (560)
*** ANTE/BLINDS ***
thedodger15 posts small blind 10
_SKR posts big blind 20
Dealt to _SKR [9h 2s]
*** PRE-FLOP *** 
BlAcKcAt. folds
thedodger15 calls 10
_SKR checks
*** FLOP *** [7h 6d 7d]
thedodger15 bets 30 and is all-in
_SKR folds
thedodger15 collected 70 from pot
*** SUMMARY ***
Total pot 70 | No rake
Board: [7h 6d 7d]
Seat 1: thedodger15 (small blind) won 70


Winamax Poker - Tournament "Expresso Nitro" buyIn: 1.86€ + 0.14€ level: 1 - HandId: #2696649445050679297-4-1675091692 - Holdem no limit (10/20) - 2023/01/30 15:14:52 UTC
Table: 'Expresso Nitro(627862626)#0' 3-max (real money) Seat #1 is the button
Seat 1: thedodger15 (70)
Seat 2: _SKR (270)
Seat 3: BlAcKcAt. (560)
*** ANTE/BLINDS ***
_SKR posts small blind 10
BlAcKcAt. posts big blind 20
Dealt to _SKR [5d Js]
*** PRE-FLOP *** 
thedodger15 folds
_SKR folds
BlAcKcAt. collected 30 from pot
*** SUMMARY ***
Total pot 30 | No rake
Seat 3: BlAcKcAt. (big blind) won 30


Winamax Poker - Tournament "Expresso Nitro" buyIn: 1.86€ + 0.14€ level: 2 - HandId: #2696649445050679297-5-1675091700 - Holdem no limit (15/30) - 2023/01/30 15:15:00 UTC
Table: 'Expresso Nitro(627862626)#0' 3-max (real money) Seat #2 is the button
Seat 1: thedodger15 (70)
Seat 2: _SKR (260)
Seat 3: BlAcKcAt. (570)
*** ANTE/BLINDS ***
BlAcKcAt. posts small blind 15
thedodger15 posts big blind 30
Dealt to _SKR [7c Tc]
*** PRE-FLOP *** 
_SKR folds
BlAcKcAt. calls 15
thedodger15 raises 40 to 70 and is all-in
BlAcKcAt. calls 40
*** FLOP *** [5s Ac Jh]
*** TURN *** [5s Ac Jh][2h]
*** RIVER *** [5s Ac Jh 2h][Kh]
*** SHOW DOWN ***
BlAcKcAt. shows [6d 2d] (One pair : 2)
thedodger15 shows [9h Ks] (One pair : Kings)
thedodger15 collected 140 from pot
*** SUMMARY ***
Total pot 140 | No rake
Board: [5s Ac Jh 2h Kh]
Seat 1: thedodger15 (big blind) showed [9h Ks] and won 140 with One pair : Kings
Seat 3: BlAcKcAt. (small blind) showed [6d 2d] and lost with One pair : 2


Winamax Poker - Tournament "Expresso Nitro" buyIn: 1.86€ + 0.14€ level: 2 - HandId: #2696649445050679297-6-1675091734 - Holdem no limit (15/30) - 2023/01/30 15:15:34 UTC
Table: 'Expresso Nitro(627862626)#0' 3-max (real money) Seat #3 is the button
Seat 1: thedodger15 (140)
Seat 2: _SKR (260)
Seat 3: BlAcKcAt. (500)
*** ANTE/BLINDS ***
thedodger15 posts small blind 15
_SKR posts big blind 30
Dealt to _SKR [5d 5c]
*** PRE-FLOP *** 
BlAcKcAt. calls 30
thedodger15 calls 15
_SKR raises 230 to 260 and is all-in
BlAcKcAt. folds
thedodger15 calls 110 and is all-in
*** FLOP *** [3h 6h Kc]
*** TURN *** [3h 6h Kc][4c]
*** RIVER *** [3h 6h Kc 4c][9s]
*** SHOW DOWN ***
thedodger15 shows [9d Qd] (One pair : 9)
_SKR shows [5d 5c] (One pair : 5)
_SKR collected 120 from side pot 1
thedodger15 collected 310 from main pot
*** SUMMARY ***
Total pot 430 | No rake
Board: [3h 6h Kc 4c 9s]
Seat 1: thedodger15 (small blind) showed [9d Qd] and won 310 with One pair : 9
Seat 2: _SKR (big blind) showed [5d 5c] and won 120 with One pair : 5


Winamax Poker - Tournament "Expresso Nitro" buyIn: 1.86€ + 0.14€ level: 3 - HandId: #2696649445050679297-7-1675091768 - Holdem no limit (20/40) - 2023/01/30 15:16:08 UTC
Table: 'Expresso Nitro(627862626)#0' 3-max (real money) Seat #1 is the button
Seat 1: thedodger15 (310)
Seat 2: _SKR (120)
Seat 3: BlAcKcAt. (470)
*** ANTE/BLINDS ***
_SKR posts small blind 20
BlAcKcAt. posts big blind 40
Dealt to _SKR [7h Ts]
*** PRE-FLOP *** 
thedodger15 calls 40
_SKR folds
BlAcKcAt. raises 430 to 470 and is all-in
thedodger15 calls 270 and is all-in
*** FLOP *** [Tc 6d 7s]
*** TURN *** [Tc 6d 7s][2h]
*** RIVER *** [Tc 6d 7s 2h][5d]
*** SHOW DOWN ***
thedodger15 shows [Th Ks] (One pair : Tens)
BlAcKcAt. shows [9s Ad] (High card : Ace)
BlAcKcAt. collected 160 from side pot 1
thedodger15 collected 640 from main pot
*** SUMMARY ***
Total pot 800 | No rake
Board: [Tc 6d 7s 2h 5d]
Seat 1: thedodger15 (button) showed [Th Ks] and won 640 with One pair : Tens
Seat 3: BlAcKcAt. (big blind) showed [9s Ad] and won 160 with High card : Ace


Winamax Poker - Tournament "Expresso Nitro" buyIn: 1.86€ + 0.14€ level: 3 - HandId: #2696649445050679297-8-1675091788 - Holdem no limit (20/40) - 2023/01/30 15:16:28 UTC
Table: 'Expresso Nitro(627862626)#0' 3-max (real money) Seat #2 is the button
Seat 1: thedodger15 (640)
Seat 2: _SKR (100)
Seat 3: BlAcKcAt. (160)
*** ANTE/BLINDS ***
BlAcKcAt. posts small blind 20
thedodger15 posts big blind 40
Dealt to _SKR [9c 6h]
*** PRE-FLOP *** 
_SKR folds
BlAcKcAt. raises 120 to 160 and is all-in
thedodger15 calls 120
*** FLOP *** [5h 2c 4c]
*** TURN *** [5h 2c 4c][Kd]
*** RIVER *** [5h 2c 4c Kd][3c]
*** SHOW DOWN ***
BlAcKcAt. shows [Kh Qh] (One pair : Kings)
thedodger15 shows [Ts Ac] (Straight 5 high)
thedodger15 collected 320 from pot
*** SUMMARY ***
Total pot 320 | No rake
Board: [5h 2c 4c Kd 3c]
Seat 1: thedodger15 (big blind) showed [Ts Ac] and won 320 with Straight 5 high
Seat 3: BlAcKcAt. (small blind) showed [Kh Qh] and lost with One pair : Kings


Winamax Poker - Tournament "Expresso Nitro" buyIn: 1.86€ + 0.14€ level: 3 - HandId: #2696649445050679297-9-1675091808 - Holdem no limit (20/40) - 2023/01/30 15:16:48 UTC
Table: 'Expresso Nitro(627862626)#0' 3-max (real money) Seat #1 is the button
Seat 1: thedodger15 (800)
Seat 2: _SKR (100)
*** ANTE/BLINDS ***
thedodger15 posts small blind 20
_SKR posts big blind 40
Dealt to _SKR [Kd 5c]
*** PRE-FLOP *** 
thedodger15 raises 760 to 800 and is all-in
_SKR calls 60 and is all-in
*** FLOP *** [5d As 3h]
*** TURN *** [5d As 3h][2c]
*** RIVER *** [5d As 3h 2c][6h]
*** SHOW DOWN ***
_SKR shows [Kd 5c] (One pair : 5)
thedodger15 shows [6d 6s] (Trips of 6)
thedodger15 collected 900 from pot
*** SUMMARY ***
Total pot 900 | No rake
Board: [5d As 3h 2c 6h]
Seat 1: thedodger15 (small blind) (button) showed [6d 6s] and won 900 with Trips of 6
Seat 2: _SKR (big blind) showed [Kd 5c] and lost with One pair : 5


