Winamax Poker - Tournament "Expresso Nitro" buyIn: 0.93€ + 0.07€ level: 1 - HandId: #2676323078530662401-1-1673820014 - Holdem no limit (10/20) - 2023/01/15 22:00:14 UTC
Table: 'Expresso Nitro(623130025)#0' 3-max (real money) Seat #2 is the button
Seat 1: loutencou (300)
Seat 2: _SKR (300)
Seat 3: Yanis69007 (300)
*** ANTE/BLINDS ***
Yanis69007 posts small blind 10
loutencou posts big blind 20
Dealt to _SKR [8s As]
*** PRE-FLOP *** 
_SKR raises 20 to 40
Yanis69007 calls 30
loutencou calls 20
*** FLOP *** [2d Qh 4d]
Yanis69007 bets 260 and is all-in
loutencou calls 260 and is all-in
_SKR folds
*** TURN *** [2d Qh 4d][Jd]
*** RIVER *** [2d Qh 4d Jd][7h]
*** SHOW DOWN ***
Yanis69007 shows [Qs 5d] (One pair : Queens)
loutencou shows [4h Qd] (Two pairs : Queens and 4)
loutencou collected 640 from pot
*** SUMMARY ***
Total pot 640 | No rake
Board: [2d Qh 4d Jd 7h]
Seat 1: loutencou (big blind) showed [4h Qd] and won 640 with Two pairs : Queens and 4
Seat 3: Yanis69007 (small blind) showed [Qs 5d] and lost with One pair : Queens


Winamax Poker - Tournament "Expresso Nitro" buyIn: 0.93€ + 0.07€ level: 1 - HandId: #2676323078530662401-2-1673820051 - Holdem no limit (10/20) - 2023/01/15 22:00:51 UTC
Table: 'Expresso Nitro(623130025)#0' 3-max (real money) Seat #1 is the button
Seat 1: loutencou (640)
Seat 2: _SKR (260)
*** ANTE/BLINDS ***
loutencou posts small blind 10
_SKR posts big blind 20
Dealt to _SKR [Ks 9c]
*** PRE-FLOP *** 
loutencou calls 10
_SKR checks
*** FLOP *** [3h 6d 8h]
_SKR checks
loutencou checks
*** TURN *** [3h 6d 8h][As]
_SKR checks
loutencou checks
*** RIVER *** [3h 6d 8h As][5d]
_SKR checks
loutencou bets 26
_SKR folds
loutencou collected 66 from pot
*** SUMMARY ***
Total pot 66 | No rake
Board: [3h 6d 8h As 5d]
Seat 1: loutencou (small blind) (button) won 66


Winamax Poker - Tournament "Expresso Nitro" buyIn: 0.93€ + 0.07€ level: 2 - HandId: #2676323078530662401-3-1673820077 - Holdem no limit (15/30) - 2023/01/15 22:01:17 UTC
Table: 'Expresso Nitro(623130025)#0' 3-max (real money) Seat #2 is the button
Seat 1: loutencou (660)
Seat 2: _SKR (240)
*** ANTE/BLINDS ***
_SKR posts small blind 15
loutencou posts big blind 30
Dealt to _SKR [6c 6d]
*** PRE-FLOP *** 
_SKR raises 210 to 240 and is all-in
loutencou folds
_SKR collected 270 from pot
*** SUMMARY ***
Total pot 270 | No rake
Seat 2: _SKR (small blind) (button) won 270


Winamax Poker - Tournament "Expresso Nitro" buyIn: 0.93€ + 0.07€ level: 2 - HandId: #2676323078530662401-4-1673820090 - Holdem no limit (15/30) - 2023/01/15 22:01:30 UTC
Table: 'Expresso Nitro(623130025)#0' 3-max (real money) Seat #1 is the button
Seat 1: loutencou (630)
Seat 2: _SKR (270)
*** ANTE/BLINDS ***
loutencou posts small blind 15
_SKR posts big blind 30
Dealt to _SKR [Th 5h]
*** PRE-FLOP *** 
loutencou calls 15
_SKR checks
*** FLOP *** [Qd 9d Ah]
_SKR checks
loutencou checks
*** TURN *** [Qd 9d Ah][Js]
_SKR checks
loutencou checks
*** RIVER *** [Qd 9d Ah Js][6d]
_SKR checks
loutencou checks
*** SHOW DOWN ***
_SKR shows [Th 5h] (High card : Ace)
loutencou shows [Kh 3s] (High card : Ace)
loutencou collected 60 from pot
*** SUMMARY ***
Total pot 60 | No rake
Board: [Qd 9d Ah Js 6d]
Seat 1: loutencou (small blind) (button) showed [Kh 3s] and won 60 with High card : Ace
Seat 2: _SKR (big blind) showed [Th 5h] and lost with High card : Ace


Winamax Poker - Tournament "Expresso Nitro" buyIn: 0.93€ + 0.07€ level: 2 - HandId: #2676323078530662401-5-1673820113 - Holdem no limit (15/30) - 2023/01/15 22:01:53 UTC
Table: 'Expresso Nitro(623130025)#0' 3-max (real money) Seat #2 is the button
Seat 1: loutencou (660)
Seat 2: _SKR (240)
*** ANTE/BLINDS ***
_SKR posts small blind 15
loutencou posts big blind 30
Dealt to _SKR [Tc 2h]
*** PRE-FLOP *** 
_SKR folds
loutencou collected 45 from pot
*** SUMMARY ***
Total pot 45 | No rake
Seat 1: loutencou (big blind) won 45


Winamax Poker - Tournament "Expresso Nitro" buyIn: 0.93€ + 0.07€ level: 2 - HandId: #2676323078530662401-6-1673820118 - Holdem no limit (15/30) - 2023/01/15 22:01:58 UTC
Table: 'Expresso Nitro(623130025)#0' 3-max (real money) Seat #1 is the button
Seat 1: loutencou (675)
Seat 2: _SKR (225)
*** ANTE/BLINDS ***
loutencou posts small blind 15
_SKR posts big blind 30
Dealt to _SKR [5c 8d]
*** PRE-FLOP *** 
loutencou calls 15
_SKR checks
*** FLOP *** [Kh Qd 7h]
_SKR checks
loutencou bets 60
_SKR folds
loutencou collected 120 from pot
*** SUMMARY ***
Total pot 120 | No rake
Board: [Kh Qd 7h]
Seat 1: loutencou (small blind) (button) won 120


Winamax Poker - Tournament "Expresso Nitro" buyIn: 0.93€ + 0.07€ level: 3 - HandId: #2676323078530662401-7-1673820137 - Holdem no limit (20/40) - 2023/01/15 22:02:17 UTC
Table: 'Expresso Nitro(623130025)#0' 3-max (real money) Seat #2 is the button
Seat 1: loutencou (705)
Seat 2: _SKR (195)
*** ANTE/BLINDS ***
_SKR posts small blind 20
loutencou posts big blind 40
Dealt to _SKR [4d 3h]
*** PRE-FLOP *** 
_SKR folds
loutencou collected 60 from pot
*** SUMMARY ***
Total pot 60 | No rake
Seat 1: loutencou (big blind) won 60


Winamax Poker - Tournament "Expresso Nitro" buyIn: 0.93€ + 0.07€ level: 3 - HandId: #2676323078530662401-8-1673820140 - Holdem no limit (20/40) - 2023/01/15 22:02:20 UTC
Table: 'Expresso Nitro(623130025)#0' 3-max (real money) Seat #1 is the button
Seat 1: loutencou (725)
Seat 2: _SKR (175)
*** ANTE/BLINDS ***
loutencou posts small blind 20
_SKR posts big blind 40
Dealt to _SKR [8d 3d]
*** PRE-FLOP *** 
loutencou calls 20
_SKR checks
*** FLOP *** [Ad Ac Kc]
_SKR checks
loutencou checks
*** TURN *** [Ad Ac Kc][5h]
_SKR checks
loutencou checks
*** RIVER *** [Ad Ac Kc 5h][Ts]
_SKR checks
loutencou bets 52
_SKR folds
loutencou collected 132 from pot
*** SUMMARY ***
Total pot 132 | No rake
Board: [Ad Ac Kc 5h Ts]
Seat 1: loutencou (small blind) (button) won 132


Winamax Poker - Tournament "Expresso Nitro" buyIn: 0.93€ + 0.07€ level: 3 - HandId: #2676323078530662401-9-1673820170 - Holdem no limit (20/40) - 2023/01/15 22:02:50 UTC
Table: 'Expresso Nitro(623130025)#0' 3-max (real money) Seat #2 is the button
Seat 1: loutencou (765)
Seat 2: _SKR (135)
*** ANTE/BLINDS ***
_SKR posts small blind 20
loutencou posts big blind 40
Dealt to _SKR [3d Ah]
*** PRE-FLOP *** 
_SKR raises 95 to 135 and is all-in
loutencou calls 95
*** FLOP *** [Ad 8s 5d]
*** TURN *** [Ad 8s 5d][6c]
*** RIVER *** [Ad 8s 5d 6c][2d]
*** SHOW DOWN ***
loutencou shows [Td 3s] (High card : Ace)
_SKR shows [3d Ah] (One pair : Aces)
_SKR collected 270 from pot
*** SUMMARY ***
Total pot 270 | No rake
Board: [Ad 8s 5d 6c 2d]
Seat 1: loutencou (big blind) showed [Td 3s] and lost with High card : Ace
Seat 2: _SKR (small blind) (button) showed [3d Ah] and won 270 with One pair : Aces


Winamax Poker - Tournament "Expresso Nitro" buyIn: 0.93€ + 0.07€ level: 3 - HandId: #2676323078530662401-10-1673820189 - Holdem no limit (20/40) - 2023/01/15 22:03:09 UTC
Table: 'Expresso Nitro(623130025)#0' 3-max (real money) Seat #1 is the button
Seat 1: loutencou (630)
Seat 2: _SKR (270)
*** ANTE/BLINDS ***
loutencou posts small blind 20
_SKR posts big blind 40
Dealt to _SKR [3c Qc]
*** PRE-FLOP *** 
loutencou calls 20
_SKR checks
*** FLOP *** [Kc 3h Kh]
_SKR checks
loutencou bets 80
_SKR raises 150 to 230 and is all-in
loutencou calls 150
*** TURN *** [Kc 3h Kh][6s]
*** RIVER *** [Kc 3h Kh 6s][9h]
*** SHOW DOWN ***
_SKR shows [3c Qc] (Two pairs : Kings and 3)
loutencou shows [6d 3d] (Two pairs : Kings and 6)
loutencou collected 540 from pot
*** SUMMARY ***
Total pot 540 | No rake
Board: [Kc 3h Kh 6s 9h]
Seat 1: loutencou (small blind) (button) showed [6d 3d] and won 540 with Two pairs : Kings and 6
Seat 2: _SKR (big blind) showed [3c Qc] and lost with Two pairs : Kings and 3


