Winamax Poker - Tournament "Expresso Nitro" buyIn: 1.86€ + 0.14€ level: 1 - HandId: #2697319374049509377-1-1675117492 - Holdem no limit (10/20) - 2023/01/30 22:24:52 UTC
Table: 'Expresso Nitro(628018606)#0' 3-max (real money) Seat #1 is the button
Seat 1: _SKR (300)
Seat 2: NoRiGgEdPlZ (300)
Seat 3: Scam4win (300)
*** ANTE/BLINDS ***
NoRiGgEdPlZ posts small blind 10
Scam4win posts big blind 20
Dealt to _SKR [Jh 8c]
*** PRE-FLOP *** 
_SKR folds
NoRiGgEdPlZ raises 280 to 300 and is all-in
Scam4win folds
NoRiGgEdPlZ collected 320 from pot
*** SUMMARY ***
Total pot 320 | No rake
Seat 2: NoRiGgEdPlZ (small blind) won 320


Winamax Poker - Tournament "Expresso Nitro" buyIn: 1.86€ + 0.14€ level: 1 - HandId: #2697319374049509377-2-1675117511 - Holdem no limit (10/20) - 2023/01/30 22:25:11 UTC
Table: 'Expresso Nitro(628018606)#0' 3-max (real money) Seat #2 is the button
Seat 1: _SKR (300)
Seat 2: NoRiGgEdPlZ (320)
Seat 3: Scam4win (280)
*** ANTE/BLINDS ***
Scam4win posts small blind 10
_SKR posts big blind 20
Dealt to _SKR [4s 3c]
*** PRE-FLOP *** 
NoRiGgEdPlZ raises 300 to 320 and is all-in
Scam4win folds
_SKR folds
NoRiGgEdPlZ collected 350 from pot
*** SUMMARY ***
Total pot 350 | No rake
Seat 2: NoRiGgEdPlZ (button) won 350


Winamax Poker - Tournament "Expresso Nitro" buyIn: 1.86€ + 0.14€ level: 1 - HandId: #2697319374049509377-3-1675117530 - Holdem no limit (10/20) - 2023/01/30 22:25:30 UTC
Table: 'Expresso Nitro(628018606)#0' 3-max (real money) Seat #3 is the button
Seat 1: _SKR (280)
Seat 2: NoRiGgEdPlZ (350)
Seat 3: Scam4win (270)
*** ANTE/BLINDS ***
_SKR posts small blind 10
NoRiGgEdPlZ posts big blind 20
Dealt to _SKR [8h 9c]
*** PRE-FLOP *** 
Scam4win raises 20 to 40
_SKR folds
NoRiGgEdPlZ raises 310 to 350 and is all-in
Scam4win folds
NoRiGgEdPlZ collected 400 from pot
*** SUMMARY ***
Total pot 400 | No rake
Seat 2: NoRiGgEdPlZ (big blind) won 400


Winamax Poker - Tournament "Expresso Nitro" buyIn: 1.86€ + 0.14€ level: 2 - HandId: #2697319374049509377-4-1675117549 - Holdem no limit (15/30) - 2023/01/30 22:25:49 UTC
Table: 'Expresso Nitro(628018606)#0' 3-max (real money) Seat #1 is the button
Seat 1: _SKR (270)
Seat 2: NoRiGgEdPlZ (400)
Seat 3: Scam4win (230)
*** ANTE/BLINDS ***
NoRiGgEdPlZ posts small blind 15
Scam4win posts big blind 30
Dealt to _SKR [5s Qd]
*** PRE-FLOP *** 
_SKR folds
NoRiGgEdPlZ raises 370 to 400 and is all-in
Scam4win calls 200 and is all-in
*** FLOP *** [2c 6c 3d]
*** TURN *** [2c 6c 3d][Tc]
*** RIVER *** [2c 6c 3d Tc][4s]
*** SHOW DOWN ***
NoRiGgEdPlZ shows [7d 9d] (High card : Ten)
Scam4win shows [Qc Kc] (Flush King high)
Scam4win collected 460 from main pot
NoRiGgEdPlZ collected 170 from side pot 1
*** SUMMARY ***
Total pot 630 | No rake
Board: [2c 6c 3d Tc 4s]
Seat 2: NoRiGgEdPlZ (small blind) showed [7d 9d] and won 170 with High card : Ten
Seat 3: Scam4win (big blind) showed [Qc Kc] and won 460 with Flush King high


Winamax Poker - Tournament "Expresso Nitro" buyIn: 1.86€ + 0.14€ level: 2 - HandId: #2697319374049509377-5-1675117575 - Holdem no limit (15/30) - 2023/01/30 22:26:15 UTC
Table: 'Expresso Nitro(628018606)#0' 3-max (real money) Seat #2 is the button
Seat 1: _SKR (270)
Seat 2: NoRiGgEdPlZ (170)
Seat 3: Scam4win (460)
*** ANTE/BLINDS ***
Scam4win posts small blind 15
_SKR posts big blind 30
Dealt to _SKR [3h Js]
*** PRE-FLOP *** 
NoRiGgEdPlZ raises 140 to 170 and is all-in
Scam4win folds
_SKR folds
NoRiGgEdPlZ collected 215 from pot
*** SUMMARY ***
Total pot 215 | No rake
Seat 2: NoRiGgEdPlZ (button) won 215


Winamax Poker - Tournament "Expresso Nitro" buyIn: 1.86€ + 0.14€ level: 2 - HandId: #2697319374049509377-6-1675117589 - Holdem no limit (15/30) - 2023/01/30 22:26:29 UTC
Table: 'Expresso Nitro(628018606)#0' 3-max (real money) Seat #3 is the button
Seat 1: _SKR (240)
Seat 2: NoRiGgEdPlZ (215)
Seat 3: Scam4win (445)
*** ANTE/BLINDS ***
_SKR posts small blind 15
NoRiGgEdPlZ posts big blind 30
Dealt to _SKR [As Js]
*** PRE-FLOP *** 
Scam4win folds
_SKR raises 210 to 240 and is all-in
NoRiGgEdPlZ calls 185 and is all-in
*** FLOP *** [Kd 4s Th]
*** TURN *** [Kd 4s Th][7h]
*** RIVER *** [Kd 4s Th 7h][Ah]
*** SHOW DOWN ***
NoRiGgEdPlZ shows [7d 3h] (One pair : 7)
_SKR shows [As Js] (One pair : Aces)
_SKR collected 455 from pot
*** SUMMARY ***
Total pot 455 | No rake
Board: [Kd 4s Th 7h Ah]
Seat 1: _SKR (small blind) showed [As Js] and won 455 with One pair : Aces
Seat 2: NoRiGgEdPlZ (big blind) showed [7d 3h] and lost with One pair : 7


Winamax Poker - Tournament "Expresso Nitro" buyIn: 1.86€ + 0.14€ level: 3 - HandId: #2697319374049509377-7-1675117624 - Holdem no limit (20/40) - 2023/01/30 22:27:04 UTC
Table: 'Expresso Nitro(628018606)#0' 3-max (real money) Seat #3 is the button
Seat 1: _SKR (455)
Seat 3: Scam4win (445)
*** ANTE/BLINDS ***
Scam4win posts small blind 20
_SKR posts big blind 40
Dealt to _SKR [Ts Ah]
*** PRE-FLOP *** 
Scam4win folds
_SKR collected 60 from pot
*** SUMMARY ***
Total pot 60 | No rake
Seat 1: _SKR (big blind) won 60


Winamax Poker - Tournament "Expresso Nitro" buyIn: 1.86€ + 0.14€ level: 3 - HandId: #2697319374049509377-8-1675117629 - Holdem no limit (20/40) - 2023/01/30 22:27:09 UTC
Table: 'Expresso Nitro(628018606)#0' 3-max (real money) Seat #1 is the button
Seat 1: _SKR (475)
Seat 3: Scam4win (425)
*** ANTE/BLINDS ***
_SKR posts small blind 20
Scam4win posts big blind 40
Dealt to _SKR [9h 7h]
*** PRE-FLOP *** 
_SKR calls 20
Scam4win raises 385 to 425 and is all-in
_SKR folds
Scam4win collected 465 from pot
*** SUMMARY ***
Total pot 465 | No rake
Seat 3: Scam4win (big blind) won 465


Winamax Poker - Tournament "Expresso Nitro" buyIn: 1.86€ + 0.14€ level: 3 - HandId: #2697319374049509377-9-1675117657 - Holdem no limit (20/40) - 2023/01/30 22:27:37 UTC
Table: 'Expresso Nitro(628018606)#0' 3-max (real money) Seat #3 is the button
Seat 1: _SKR (435)
Seat 3: Scam4win (465)
*** ANTE/BLINDS ***
Scam4win posts small blind 20
_SKR posts big blind 40
Dealt to _SKR [5h Ts]
*** PRE-FLOP *** 
Scam4win raises 425 to 465 and is all-in
_SKR folds
Scam4win collected 505 from pot
*** SUMMARY ***
Total pot 505 | No rake
Seat 3: Scam4win (small blind) (button) won 505


Winamax Poker - Tournament "Expresso Nitro" buyIn: 1.86€ + 0.14€ level: 4 - HandId: #2697319374049509377-10-1675117690 - Holdem no limit (30/60) - 2023/01/30 22:28:10 UTC
Table: 'Expresso Nitro(628018606)#0' 3-max (real money) Seat #1 is the button
Seat 1: _SKR (395)
Seat 3: Scam4win (505)
*** ANTE/BLINDS ***
_SKR posts small blind 30
Scam4win posts big blind 60
Dealt to _SKR [Ad Qh]
*** PRE-FLOP *** 
_SKR raises 335 to 395 and is all-in
Scam4win calls 335
*** FLOP *** [8d 3h As]
*** TURN *** [8d 3h As][Ts]
*** RIVER *** [8d 3h As Ts][3c]
*** SHOW DOWN ***
Scam4win shows [5d Jd] (One pair : 3)
_SKR shows [Ad Qh] (Two pairs : Aces and 3)
_SKR collected 790 from pot
*** SUMMARY ***
Total pot 790 | No rake
Board: [8d 3h As Ts 3c]
Seat 1: _SKR (small blind) (button) showed [Ad Qh] and won 790 with Two pairs : Aces and 3
Seat 3: Scam4win (big blind) showed [5d Jd] and lost with One pair : 3


Winamax Poker - Tournament "Expresso Nitro" buyIn: 1.86€ + 0.14€ level: 4 - HandId: #2697319374049509377-11-1675117715 - Holdem no limit (30/60) - 2023/01/30 22:28:35 UTC
Table: 'Expresso Nitro(628018606)#0' 3-max (real money) Seat #3 is the button
Seat 1: _SKR (790)
Seat 3: Scam4win (110)
*** ANTE/BLINDS ***
Scam4win posts small blind 30
_SKR posts big blind 60
Dealt to _SKR [6d 6c]
*** PRE-FLOP *** 
Scam4win raises 50 to 110 and is all-in
_SKR calls 50
*** FLOP *** [6s 2c 2h]
*** TURN *** [6s 2c 2h][Jc]
*** RIVER *** [6s 2c 2h Jc][2s]
*** SHOW DOWN ***
Scam4win shows [6h 3c] (Full of 2 and 6)
_SKR shows [6d 6c] (Full of 6 and 2)
_SKR collected 220 from pot
*** SUMMARY ***
Total pot 220 | No rake
Board: [6s 2c 2h Jc 2s]
Seat 1: _SKR (big blind) showed [6d 6c] and won 220 with Full of 6 and 2
Seat 3: Scam4win (small blind) (button) showed [6h 3c] and lost with Full of 2 and 6


