Winamax Poker - Tournament "Expresso Nitro" buyIn: 0.93€ + 0.07€ level: 1 - HandId: #2717596996985683969-1-1676228287 - Holdem no limit (10/20) - 2023/02/12 18:58:07 UTC
Table: 'Expresso Nitro(632739858)#0' 3-max (real money) Seat #3 is the button
Seat 1: innovtec (300)
Seat 2: _SKR (300)
Seat 3: HeinsenberG4 (300)
*** ANTE/BLINDS ***
innovtec posts small blind 10
_SKR posts big blind 20
Dealt to _SKR [2c Ah]
*** PRE-FLOP *** 
HeinsenberG4 folds
innovtec calls 10
_SKR raises 280 to 300 and is all-in
innovtec folds
_SKR collected 320 from pot
*** SUMMARY ***
Total pot 320 | No rake
Seat 2: _SKR (big blind) won 320


Winamax Poker - Tournament "Expresso Nitro" buyIn: 0.93€ + 0.07€ level: 1 - HandId: #2717596996985683969-2-1676228302 - Holdem no limit (10/20) - 2023/02/12 18:58:22 UTC
Table: 'Expresso Nitro(632739858)#0' 3-max (real money) Seat #1 is the button
Seat 1: innovtec (280)
Seat 2: _SKR (320)
Seat 3: HeinsenberG4 (300)
*** ANTE/BLINDS ***
_SKR posts small blind 10
HeinsenberG4 posts big blind 20
Dealt to _SKR [3c Tc]
*** PRE-FLOP *** 
innovtec folds
_SKR folds
HeinsenberG4 collected 30 from pot
*** SUMMARY ***
Total pot 30 | No rake
Seat 3: HeinsenberG4 (big blind) won 30


Winamax Poker - Tournament "Expresso Nitro" buyIn: 0.93€ + 0.07€ level: 1 - HandId: #2717596996985683969-3-1676228313 - Holdem no limit (10/20) - 2023/02/12 18:58:33 UTC
Table: 'Expresso Nitro(632739858)#0' 3-max (real money) Seat #2 is the button
Seat 1: innovtec (280)
Seat 2: _SKR (310)
Seat 3: HeinsenberG4 (310)
*** ANTE/BLINDS ***
HeinsenberG4 posts small blind 10
innovtec posts big blind 20
Dealt to _SKR [5d Tc]
*** PRE-FLOP *** 
_SKR folds
HeinsenberG4 folds
innovtec collected 30 from pot
*** SUMMARY ***
Total pot 30 | No rake
Seat 1: innovtec (big blind) won 30


Winamax Poker - Tournament "Expresso Nitro" buyIn: 0.93€ + 0.07€ level: 1 - HandId: #2717596996985683969-4-1676228324 - Holdem no limit (10/20) - 2023/02/12 18:58:44 UTC
Table: 'Expresso Nitro(632739858)#0' 3-max (real money) Seat #3 is the button
Seat 1: innovtec (290)
Seat 2: _SKR (310)
Seat 3: HeinsenberG4 (300)
*** ANTE/BLINDS ***
innovtec posts small blind 10
_SKR posts big blind 20
Dealt to _SKR [5d 2d]
*** PRE-FLOP *** 
HeinsenberG4 folds
innovtec calls 10
_SKR checks
*** FLOP *** [9s 3s 7s]
innovtec checks
_SKR checks
*** TURN *** [9s 3s 7s][Jh]
innovtec checks
_SKR checks
*** RIVER *** [9s 3s 7s Jh][4h]
innovtec checks
_SKR checks
*** SHOW DOWN ***
_SKR shows [5d 2d] (High card : Jack)
innovtec shows [Kh 7c] (One pair : 7)
innovtec collected 40 from pot
*** SUMMARY ***
Total pot 40 | No rake
Board: [9s 3s 7s Jh 4h]
Seat 1: innovtec (small blind) showed [Kh 7c] and won 40 with One pair : 7
Seat 2: _SKR (big blind) showed [5d 2d] and lost with High card : Jack


Winamax Poker - Tournament "Expresso Nitro" buyIn: 0.93€ + 0.07€ level: 2 - HandId: #2717596996985683969-5-1676228364 - Holdem no limit (15/30) - 2023/02/12 18:59:24 UTC
Table: 'Expresso Nitro(632739858)#0' 3-max (real money) Seat #1 is the button
Seat 1: innovtec (310)
Seat 2: _SKR (290)
Seat 3: HeinsenberG4 (300)
*** ANTE/BLINDS ***
_SKR posts small blind 15
HeinsenberG4 posts big blind 30
Dealt to _SKR [Kc 2s]
*** PRE-FLOP *** 
innovtec calls 30
_SKR folds
HeinsenberG4 checks
*** FLOP *** [4d 2d 3c]
HeinsenberG4 checks
innovtec checks
*** TURN *** [4d 2d 3c][Kh]
HeinsenberG4 checks
innovtec checks
*** RIVER *** [4d 2d 3c Kh][6c]
HeinsenberG4 checks
innovtec bets 30
HeinsenberG4 calls 30
*** SHOW DOWN ***
HeinsenberG4 shows [Jd 6h] (One pair : 6)
innovtec shows [5d Qs] (Straight 6 high)
innovtec collected 135 from pot
*** SUMMARY ***
Total pot 135 | No rake
Board: [4d 2d 3c Kh 6c]
Seat 1: innovtec (button) showed [5d Qs] and won 135 with Straight 6 high
Seat 3: HeinsenberG4 (big blind) showed [Jd 6h] and lost with One pair : 6


Winamax Poker - Tournament "Expresso Nitro" buyIn: 0.93€ + 0.07€ level: 3 - HandId: #2717596996985683969-6-1676228420 - Holdem no limit (20/40) - 2023/02/12 19:00:20 UTC
Table: 'Expresso Nitro(632739858)#0' 3-max (real money) Seat #2 is the button
Seat 1: innovtec (385)
Seat 2: _SKR (275)
Seat 3: HeinsenberG4 (240)
*** ANTE/BLINDS ***
HeinsenberG4 posts small blind 20
innovtec posts big blind 40
Dealt to _SKR [5h 3s]
*** PRE-FLOP *** 
_SKR folds
HeinsenberG4 folds
innovtec collected 60 from pot
*** SUMMARY ***
Total pot 60 | No rake
Seat 1: innovtec (big blind) won 60


Winamax Poker - Tournament "Expresso Nitro" buyIn: 0.93€ + 0.07€ level: 3 - HandId: #2717596996985683969-7-1676228431 - Holdem no limit (20/40) - 2023/02/12 19:00:31 UTC
Table: 'Expresso Nitro(632739858)#0' 3-max (real money) Seat #3 is the button
Seat 1: innovtec (405)
Seat 2: _SKR (275)
Seat 3: HeinsenberG4 (220)
*** ANTE/BLINDS ***
innovtec posts small blind 20
_SKR posts big blind 40
Dealt to _SKR [Jd Jh]
*** PRE-FLOP *** 
HeinsenberG4 folds
innovtec calls 20
_SKR raises 235 to 275 and is all-in
innovtec calls 235
*** FLOP *** [9c 5s Ad]
*** TURN *** [9c 5s Ad][7d]
*** RIVER *** [9c 5s Ad 7d][8d]
*** SHOW DOWN ***
_SKR shows [Jd Jh] (One pair : Jacks)
innovtec shows [Kd 6c] (Straight 9 high)
innovtec collected 550 from pot
*** SUMMARY ***
Total pot 550 | No rake
Board: [9c 5s Ad 7d 8d]
Seat 1: innovtec (small blind) showed [Kd 6c] and won 550 with Straight 9 high
Seat 2: _SKR (big blind) showed [Jd Jh] and lost with One pair : Jacks


