Winamax Poker - Tournament "Expresso Nitro" buyIn: 0.93€ + 0.07€ level: 1 - HandId: #2689816031823659009-1-1674653658 - Holdem no limit (10/20) - 2023/01/25 13:34:18 UTC
Table: 'Expresso Nitro(626271598)#0' 3-max (real money) Seat #3 is the button
Seat 1: chelmate46 (300)
Seat 2: MalagaBam (300)
Seat 3: _SKR (300)
*** ANTE/BLINDS ***
chelmate46 posts small blind 10
MalagaBam posts big blind 20
Dealt to _SKR [Tc Td]
*** PRE-FLOP *** 
_SKR raises 20 to 40
chelmate46 folds
MalagaBam calls 20
*** FLOP *** [Jh 3s 9h]
MalagaBam checks
_SKR checks
*** TURN *** [Jh 3s 9h][Kd]
MalagaBam checks
_SKR checks
*** RIVER *** [Jh 3s 9h Kd][Kh]
MalagaBam bets 31
_SKR calls 31
*** SHOW DOWN ***
_SKR shows [Tc Td] (Two pairs : Kings and Tens)
MalagaBam shows [Js 8h] (Two pairs : Kings and Jacks)
MalagaBam collected 152 from pot
*** SUMMARY ***
Total pot 152 | No rake
Board: [Jh 3s 9h Kd Kh]
Seat 2: MalagaBam (big blind) showed [Js 8h] and won 152 with Two pairs : Kings and Jacks
Seat 3: _SKR (button) showed [Tc Td] and lost with Two pairs : Kings and Tens


Winamax Poker - Tournament "Expresso Nitro" buyIn: 0.93€ + 0.07€ level: 1 - HandId: #2689816031823659009-2-1674653680 - Holdem no limit (10/20) - 2023/01/25 13:34:40 UTC
Table: 'Expresso Nitro(626271598)#0' 3-max (real money) Seat #1 is the button
Seat 1: chelmate46 (290)
Seat 2: MalagaBam (381)
Seat 3: _SKR (229)
*** ANTE/BLINDS ***
MalagaBam posts small blind 10
_SKR posts big blind 20
Dealt to _SKR [Qs 4h]
*** PRE-FLOP *** 
chelmate46 calls 20
MalagaBam folds
_SKR checks
*** FLOP *** [Js 3h Ah]
_SKR checks
chelmate46 checks
*** TURN *** [Js 3h Ah][3c]
_SKR checks
chelmate46 checks
*** RIVER *** [Js 3h Ah 3c][9d]
_SKR checks
chelmate46 bets 50
_SKR folds
chelmate46 collected 100 from pot
*** SUMMARY ***
Total pot 100 | No rake
Board: [Js 3h Ah 3c 9d]
Seat 1: chelmate46 (button) won 100


Winamax Poker - Tournament "Expresso Nitro" buyIn: 0.93€ + 0.07€ level: 1 - HandId: #2689816031823659009-3-1674653706 - Holdem no limit (10/20) - 2023/01/25 13:35:06 UTC
Table: 'Expresso Nitro(626271598)#0' 3-max (real money) Seat #2 is the button
Seat 1: chelmate46 (320)
Seat 2: MalagaBam (371)
Seat 3: _SKR (209)
*** ANTE/BLINDS ***
_SKR posts small blind 10
chelmate46 posts big blind 20
Dealt to _SKR [Ts Kh]
*** PRE-FLOP *** 
MalagaBam folds
_SKR raises 189 to 209 and is all-in
chelmate46 folds
_SKR collected 229 from pot
*** SUMMARY ***
Total pot 229 | No rake
Seat 3: _SKR (small blind) won 229


Winamax Poker - Tournament "Expresso Nitro" buyIn: 0.93€ + 0.07€ level: 2 - HandId: #2689816031823659009-4-1674653734 - Holdem no limit (15/30) - 2023/01/25 13:35:34 UTC
Table: 'Expresso Nitro(626271598)#0' 3-max (real money) Seat #3 is the button
Seat 1: chelmate46 (300)
Seat 2: MalagaBam (371)
Seat 3: _SKR (229)
*** ANTE/BLINDS ***
chelmate46 posts small blind 15
MalagaBam posts big blind 30
Dealt to _SKR [Th Tc]
*** PRE-FLOP *** 
_SKR raises 199 to 229 and is all-in
chelmate46 raises 71 to 300 and is all-in
MalagaBam folds
*** FLOP *** [Td 3s 8d]
*** TURN *** [Td 3s 8d][Js]
*** RIVER *** [Td 3s 8d Js][Qh]
*** SHOW DOWN ***
_SKR shows [Th Tc] (Trips of Tens)
chelmate46 shows [Ah Ks] (Straight Ace high)
chelmate46 collected 559 from pot
*** SUMMARY ***
Total pot 559 | No rake
Board: [Td 3s 8d Js Qh]
Seat 1: chelmate46 (small blind) showed [Ah Ks] and won 559 with Straight Ace high
Seat 3: _SKR (button) showed [Th Tc] and lost with Trips of Tens


