Winamax Poker - Tournament "Expresso Nitro" buyIn: 1.86€ + 0.14€ level: 1 - HandId: #2698256411359444993-1-1675187665 - Holdem no limit (10/20) - 2023/01/31 17:54:25 UTC
Table: 'Expresso Nitro(628236777)#0' 3-max (real money) Seat #3 is the button
Seat 1: cochoa (300)
Seat 2: LeKarting (300)
Seat 3: _SKR (300)
*** ANTE/BLINDS ***
cochoa posts small blind 10
LeKarting posts big blind 20
Dealt to _SKR [4s 3d]
*** PRE-FLOP *** 
_SKR folds
cochoa raises 20 to 40
LeKarting raises 260 to 300 and is all-in
cochoa folds
LeKarting collected 340 from pot
*** SUMMARY ***
Total pot 340 | No rake
Seat 2: LeKarting (big blind) won 340


Winamax Poker - Tournament "Expresso Nitro" buyIn: 1.86€ + 0.14€ level: 1 - HandId: #2698256411359444993-2-1675187679 - Holdem no limit (10/20) - 2023/01/31 17:54:39 UTC
Table: 'Expresso Nitro(628236777)#0' 3-max (real money) Seat #1 is the button
Seat 1: cochoa (260)
Seat 2: LeKarting (340)
Seat 3: _SKR (300)
*** ANTE/BLINDS ***
LeKarting posts small blind 10
_SKR posts big blind 20
Dealt to _SKR [4c 4h]
*** PRE-FLOP *** 
cochoa folds
LeKarting calls 10
_SKR raises 280 to 300 and is all-in
LeKarting folds
_SKR collected 320 from pot
*** SUMMARY ***
Total pot 320 | No rake
Seat 3: _SKR (big blind) won 320


Winamax Poker - Tournament "Expresso Nitro" buyIn: 1.86€ + 0.14€ level: 1 - HandId: #2698256411359444993-3-1675187698 - Holdem no limit (10/20) - 2023/01/31 17:54:58 UTC
Table: 'Expresso Nitro(628236777)#0' 3-max (real money) Seat #2 is the button
Seat 1: cochoa (260)
Seat 2: LeKarting (320)
Seat 3: _SKR (320)
*** ANTE/BLINDS ***
_SKR posts small blind 10
cochoa posts big blind 20
Dealt to _SKR [Ts Jh]
*** PRE-FLOP *** 
LeKarting raises 300 to 320 and is all-in
_SKR folds
cochoa folds
LeKarting collected 350 from pot
*** SUMMARY ***
Total pot 350 | No rake
Seat 2: LeKarting (button) won 350


Winamax Poker - Tournament "Expresso Nitro" buyIn: 1.86€ + 0.14€ level: 1 - HandId: #2698256411359444993-4-1675187706 - Holdem no limit (10/20) - 2023/01/31 17:55:06 UTC
Table: 'Expresso Nitro(628236777)#0' 3-max (real money) Seat #3 is the button
Seat 1: cochoa (240)
Seat 2: LeKarting (350)
Seat 3: _SKR (310)
*** ANTE/BLINDS ***
cochoa posts small blind 10
LeKarting posts big blind 20
Dealt to _SKR [Th 6s]
*** PRE-FLOP *** 
_SKR folds
cochoa calls 10
LeKarting checks
*** FLOP *** [Td 3c Ks]
cochoa bets 20
LeKarting folds
cochoa collected 60 from pot
*** SUMMARY ***
Total pot 60 | No rake
Board: [Td 3c Ks]
Seat 1: cochoa (small blind) won 60


Winamax Poker - Tournament "Expresso Nitro" buyIn: 1.86€ + 0.14€ level: 2 - HandId: #2698256411359444993-5-1675187723 - Holdem no limit (15/30) - 2023/01/31 17:55:23 UTC
Table: 'Expresso Nitro(628236777)#0' 3-max (real money) Seat #1 is the button
Seat 1: cochoa (260)
Seat 2: LeKarting (330)
Seat 3: _SKR (310)
*** ANTE/BLINDS ***
LeKarting posts small blind 15
_SKR posts big blind 30
Dealt to _SKR [Tc 5c]
*** PRE-FLOP *** 
cochoa folds
LeKarting raises 300 to 330 and is all-in
_SKR folds
LeKarting collected 360 from pot
*** SUMMARY ***
Total pot 360 | No rake
Seat 2: LeKarting (small blind) won 360


Winamax Poker - Tournament "Expresso Nitro" buyIn: 1.86€ + 0.14€ level: 2 - HandId: #2698256411359444993-6-1675187746 - Holdem no limit (15/30) - 2023/01/31 17:55:46 UTC
Table: 'Expresso Nitro(628236777)#0' 3-max (real money) Seat #2 is the button
Seat 1: cochoa (260)
Seat 2: LeKarting (360)
Seat 3: _SKR (280)
*** ANTE/BLINDS ***
_SKR posts small blind 15
cochoa posts big blind 30
Dealt to _SKR [Ah 8s]
*** PRE-FLOP *** 
LeKarting folds
_SKR raises 250 to 280 and is all-in
cochoa folds
_SKR collected 310 from pot
*** SUMMARY ***
Total pot 310 | No rake
Seat 3: _SKR (small blind) won 310


Winamax Poker - Tournament "Expresso Nitro" buyIn: 1.86€ + 0.14€ level: 2 - HandId: #2698256411359444993-7-1675187763 - Holdem no limit (15/30) - 2023/01/31 17:56:03 UTC
Table: 'Expresso Nitro(628236777)#0' 3-max (real money) Seat #3 is the button
Seat 1: cochoa (230)
Seat 2: LeKarting (360)
Seat 3: _SKR (310)
*** ANTE/BLINDS ***
cochoa posts small blind 15
LeKarting posts big blind 30
Dealt to _SKR [6h 7c]
*** PRE-FLOP *** 
_SKR folds
cochoa folds
LeKarting collected 45 from pot
*** SUMMARY ***
Total pot 45 | No rake
Seat 2: LeKarting (big blind) won 45


Winamax Poker - Tournament "Expresso Nitro" buyIn: 1.86€ + 0.14€ level: 2 - HandId: #2698256411359444993-8-1675187768 - Holdem no limit (15/30) - 2023/01/31 17:56:08 UTC
Table: 'Expresso Nitro(628236777)#0' 3-max (real money) Seat #1 is the button
Seat 1: cochoa (215)
Seat 2: LeKarting (375)
Seat 3: _SKR (310)
*** ANTE/BLINDS ***
LeKarting posts small blind 15
_SKR posts big blind 30
Dealt to _SKR [8s Jd]
*** PRE-FLOP *** 
cochoa raises 185 to 215 and is all-in
LeKarting folds
_SKR folds
cochoa collected 260 from pot
*** SUMMARY ***
Total pot 260 | No rake
Seat 1: cochoa (button) won 260


Winamax Poker - Tournament "Expresso Nitro" buyIn: 1.86€ + 0.14€ level: 2 - HandId: #2698256411359444993-9-1675187777 - Holdem no limit (15/30) - 2023/01/31 17:56:17 UTC
Table: 'Expresso Nitro(628236777)#0' 3-max (real money) Seat #2 is the button
Seat 1: cochoa (260)
Seat 2: LeKarting (360)
Seat 3: _SKR (280)
*** ANTE/BLINDS ***
_SKR posts small blind 15
cochoa posts big blind 30
Dealt to _SKR [As 5s]
*** PRE-FLOP *** 
LeKarting folds
_SKR raises 250 to 280 and is all-in
cochoa calls 230 and is all-in
*** FLOP *** [3c 8d 9s]
*** TURN *** [3c 8d 9s][4d]
*** RIVER *** [3c 8d 9s 4d][Jd]
*** SHOW DOWN ***
cochoa shows [Th Ks] (High card : King)
_SKR shows [As 5s] (High card : Ace)
_SKR collected 540 from pot
*** SUMMARY ***
Total pot 540 | No rake
Board: [3c 8d 9s 4d Jd]
Seat 1: cochoa (big blind) showed [Th Ks] and lost with High card : King
Seat 3: _SKR (small blind) showed [As 5s] and won 540 with High card : Ace


Winamax Poker - Tournament "Expresso Nitro" buyIn: 1.86€ + 0.14€ level: 3 - HandId: #2698256411359444993-10-1675187797 - Holdem no limit (20/40) - 2023/01/31 17:56:37 UTC
Table: 'Expresso Nitro(628236777)#0' 3-max (real money) Seat #2 is the button
Seat 2: LeKarting (360)
Seat 3: _SKR (540)
*** ANTE/BLINDS ***
LeKarting posts small blind 20
_SKR posts big blind 40
Dealt to _SKR [7h 6s]
*** PRE-FLOP *** 
LeKarting raises 320 to 360 and is all-in
_SKR folds
LeKarting collected 400 from pot
*** SUMMARY ***
Total pot 400 | No rake
Seat 2: LeKarting (small blind) (button) won 400


Winamax Poker - Tournament "Expresso Nitro" buyIn: 1.86€ + 0.14€ level: 3 - HandId: #2698256411359444993-11-1675187806 - Holdem no limit (20/40) - 2023/01/31 17:56:46 UTC
Table: 'Expresso Nitro(628236777)#0' 3-max (real money) Seat #3 is the button
Seat 2: LeKarting (400)
Seat 3: _SKR (500)
*** ANTE/BLINDS ***
_SKR posts small blind 20
LeKarting posts big blind 40
Dealt to _SKR [9c 5d]
*** PRE-FLOP *** 
_SKR folds
LeKarting collected 60 from pot
*** SUMMARY ***
Total pot 60 | No rake
Seat 2: LeKarting (big blind) won 60


Winamax Poker - Tournament "Expresso Nitro" buyIn: 1.86€ + 0.14€ level: 3 - HandId: #2698256411359444993-12-1675187809 - Holdem no limit (20/40) - 2023/01/31 17:56:49 UTC
Table: 'Expresso Nitro(628236777)#0' 3-max (real money) Seat #2 is the button
Seat 2: LeKarting (420)
Seat 3: _SKR (480)
*** ANTE/BLINDS ***
LeKarting posts small blind 20
_SKR posts big blind 40
Dealt to _SKR [9c 6d]
*** PRE-FLOP *** 
LeKarting calls 20
_SKR checks
*** FLOP *** [5c 7h 3c]
_SKR checks
LeKarting checks
*** TURN *** [5c 7h 3c][9s]
_SKR bets 52
LeKarting calls 52
*** RIVER *** [5c 7h 3c 9s][Kh]
_SKR checks
LeKarting bets 64
_SKR calls 64
*** SHOW DOWN ***
_SKR shows [9c 6d] (One pair : 9)
LeKarting shows [Td 9h] (One pair : 9)
LeKarting collected 312 from pot
*** SUMMARY ***
Total pot 312 | No rake
Board: [5c 7h 3c 9s Kh]
Seat 2: LeKarting (small blind) (button) showed [Td 9h] and won 312 with One pair : 9
Seat 3: _SKR (big blind) showed [9c 6d] and lost with One pair : 9


Winamax Poker - Tournament "Expresso Nitro" buyIn: 1.86€ + 0.14€ level: 4 - HandId: #2698256411359444993-13-1675187850 - Holdem no limit (30/60) - 2023/01/31 17:57:30 UTC
Table: 'Expresso Nitro(628236777)#0' 3-max (real money) Seat #3 is the button
Seat 2: LeKarting (576)
Seat 3: _SKR (324)
*** ANTE/BLINDS ***
_SKR posts small blind 30
LeKarting posts big blind 60
Dealt to _SKR [8h 2s]
*** PRE-FLOP *** 
_SKR folds
LeKarting collected 90 from pot
*** SUMMARY ***
Total pot 90 | No rake
Seat 2: LeKarting (big blind) won 90


Winamax Poker - Tournament "Expresso Nitro" buyIn: 1.86€ + 0.14€ level: 4 - HandId: #2698256411359444993-14-1675187855 - Holdem no limit (30/60) - 2023/01/31 17:57:35 UTC
Table: 'Expresso Nitro(628236777)#0' 3-max (real money) Seat #2 is the button
Seat 2: LeKarting (606)
Seat 3: _SKR (294)
*** ANTE/BLINDS ***
LeKarting posts small blind 30
_SKR posts big blind 60
Dealt to _SKR [2h Ah]
*** PRE-FLOP *** 
LeKarting raises 546 to 606 and is all-in
_SKR calls 234 and is all-in
*** FLOP *** [Ad Kh 5s]
*** TURN *** [Ad Kh 5s][Kc]
*** RIVER *** [Ad Kh 5s Kc][Qh]
*** SHOW DOWN ***
LeKarting shows [2c 3c] (One pair : Kings)
_SKR shows [2h Ah] (Two pairs : Aces and Kings)
_SKR collected 588 from main pot
LeKarting collected 312 from side pot 1
*** SUMMARY ***
Total pot 900 | No rake
Board: [Ad Kh 5s Kc Qh]
Seat 2: LeKarting (small blind) (button) showed [2c 3c] and won 312 with One pair : Kings
Seat 3: _SKR (big blind) showed [2h Ah] and won 588 with Two pairs : Aces and Kings


Winamax Poker - Tournament "Expresso Nitro" buyIn: 1.86€ + 0.14€ level: 4 - HandId: #2698256411359444993-15-1675187868 - Holdem no limit (30/60) - 2023/01/31 17:57:48 UTC
Table: 'Expresso Nitro(628236777)#0' 3-max (real money) Seat #3 is the button
Seat 2: LeKarting (312)
Seat 3: _SKR (588)
*** ANTE/BLINDS ***
_SKR posts small blind 30
LeKarting posts big blind 60
Dealt to _SKR [8h 8s]
*** PRE-FLOP *** 
_SKR raises 528 to 588 and is all-in
LeKarting calls 252 and is all-in
*** FLOP *** [3c 8c 9h]
*** TURN *** [3c 8c 9h][Js]
*** RIVER *** [3c 8c 9h Js][Tc]
*** SHOW DOWN ***
LeKarting shows [4s Qh] (Straight Queen high)
_SKR shows [8h 8s] (Trips of 8)
_SKR collected 276 from side pot 1
LeKarting collected 624 from main pot
*** SUMMARY ***
Total pot 900 | No rake
Board: [3c 8c 9h Js Tc]
Seat 2: LeKarting (big blind) showed [4s Qh] and won 624 with Straight Queen high
Seat 3: _SKR (small blind) (button) showed [8h 8s] and won 276 with Trips of 8


Winamax Poker - Tournament "Expresso Nitro" buyIn: 1.86€ + 0.14€ level: 4 - HandId: #2698256411359444993-16-1675187880 - Holdem no limit (30/60) - 2023/01/31 17:58:00 UTC
Table: 'Expresso Nitro(628236777)#0' 3-max (real money) Seat #2 is the button
Seat 2: LeKarting (624)
Seat 3: _SKR (276)
*** ANTE/BLINDS ***
LeKarting posts small blind 30
_SKR posts big blind 60
Dealt to _SKR [Kh 2h]
*** PRE-FLOP *** 
LeKarting raises 564 to 624 and is all-in
_SKR calls 216 and is all-in
*** FLOP *** [2d Qc 4d]
*** TURN *** [2d Qc 4d][9h]
*** RIVER *** [2d Qc 4d 9h][9d]
*** SHOW DOWN ***
LeKarting shows [Ks 8c] (One pair : 9)
_SKR shows [Kh 2h] (Two pairs : 9 and 2)
_SKR collected 552 from main pot
LeKarting collected 348 from side pot 1
*** SUMMARY ***
Total pot 900 | No rake
Board: [2d Qc 4d 9h 9d]
Seat 2: LeKarting (small blind) (button) showed [Ks 8c] and won 348 with One pair : 9
Seat 3: _SKR (big blind) showed [Kh 2h] and won 552 with Two pairs : 9 and 2


Winamax Poker - Tournament "Expresso Nitro" buyIn: 1.86€ + 0.14€ level: 4 - HandId: #2698256411359444993-17-1675187891 - Holdem no limit (30/60) - 2023/01/31 17:58:11 UTC
Table: 'Expresso Nitro(628236777)#0' 3-max (real money) Seat #3 is the button
Seat 2: LeKarting (348)
Seat 3: _SKR (552)
*** ANTE/BLINDS ***
_SKR posts small blind 30
LeKarting posts big blind 60
Dealt to _SKR [6c 2d]
*** PRE-FLOP *** 
_SKR folds
LeKarting collected 90 from pot
*** SUMMARY ***
Total pot 90 | No rake
Seat 2: LeKarting (big blind) won 90


Winamax Poker - Tournament "Expresso Nitro" buyIn: 1.86€ + 0.14€ level: 4 - HandId: #2698256411359444993-18-1675187895 - Holdem no limit (30/60) - 2023/01/31 17:58:15 UTC
Table: 'Expresso Nitro(628236777)#0' 3-max (real money) Seat #2 is the button
Seat 2: LeKarting (378)
Seat 3: _SKR (522)
*** ANTE/BLINDS ***
LeKarting posts small blind 30
_SKR posts big blind 60
Dealt to _SKR [9d 2c]
*** PRE-FLOP *** 
LeKarting raises 318 to 378 and is all-in
_SKR folds
LeKarting collected 438 from pot
*** SUMMARY ***
Total pot 438 | No rake
Seat 2: LeKarting (small blind) (button) won 438


Winamax Poker - Tournament "Expresso Nitro" buyIn: 1.86€ + 0.14€ level: 5 - HandId: #2698256411359444993-19-1675187901 - Holdem no limit (40/80) - 2023/01/31 17:58:21 UTC
Table: 'Expresso Nitro(628236777)#0' 3-max (real money) Seat #3 is the button
Seat 2: LeKarting (438)
Seat 3: _SKR (462)
*** ANTE/BLINDS ***
_SKR posts small blind 40
LeKarting posts big blind 80
Dealt to _SKR [Kc 5d]
*** PRE-FLOP *** 
_SKR raises 382 to 462 and is all-in
LeKarting folds
_SKR collected 542 from pot
*** SUMMARY ***
Total pot 542 | No rake
Seat 3: _SKR (small blind) (button) won 542


Winamax Poker - Tournament "Expresso Nitro" buyIn: 1.86€ + 0.14€ level: 5 - HandId: #2698256411359444993-20-1675187906 - Holdem no limit (40/80) - 2023/01/31 17:58:26 UTC
Table: 'Expresso Nitro(628236777)#0' 3-max (real money) Seat #2 is the button
Seat 2: LeKarting (358)
Seat 3: _SKR (542)
*** ANTE/BLINDS ***
LeKarting posts small blind 40
_SKR posts big blind 80
Dealt to _SKR [4d 2s]
*** PRE-FLOP *** 
LeKarting folds
_SKR collected 120 from pot
*** SUMMARY ***
Total pot 120 | No rake
Seat 3: _SKR (big blind) won 120


Winamax Poker - Tournament "Expresso Nitro" buyIn: 1.86€ + 0.14€ level: 5 - HandId: #2698256411359444993-21-1675187910 - Holdem no limit (40/80) - 2023/01/31 17:58:30 UTC
Table: 'Expresso Nitro(628236777)#0' 3-max (real money) Seat #3 is the button
Seat 2: LeKarting (318)
Seat 3: _SKR (582)
*** ANTE/BLINDS ***
_SKR posts small blind 40
LeKarting posts big blind 80
Dealt to _SKR [7c 2h]
*** PRE-FLOP *** 
_SKR folds
LeKarting collected 120 from pot
*** SUMMARY ***
Total pot 120 | No rake
Seat 2: LeKarting (big blind) won 120


Winamax Poker - Tournament "Expresso Nitro" buyIn: 1.86€ + 0.14€ level: 5 - HandId: #2698256411359444993-22-1675187913 - Holdem no limit (40/80) - 2023/01/31 17:58:33 UTC
Table: 'Expresso Nitro(628236777)#0' 3-max (real money) Seat #2 is the button
Seat 2: LeKarting (358)
Seat 3: _SKR (542)
*** ANTE/BLINDS ***
LeKarting posts small blind 40
_SKR posts big blind 80
Dealt to _SKR [Qh Jc]
*** PRE-FLOP *** 
LeKarting raises 278 to 358 and is all-in
_SKR calls 278
*** FLOP *** [Qc 8h 7h]
*** TURN *** [Qc 8h 7h][6d]
*** RIVER *** [Qc 8h 7h 6d][2d]
*** SHOW DOWN ***
LeKarting shows [Ac 4d] (High card : Ace)
_SKR shows [Qh Jc] (One pair : Queens)
_SKR collected 716 from pot
*** SUMMARY ***
Total pot 716 | No rake
Board: [Qc 8h 7h 6d 2d]
Seat 2: LeKarting (small blind) (button) showed [Ac 4d] and lost with High card : Ace
Seat 3: _SKR (big blind) showed [Qh Jc] and won 716 with One pair : Queens


