Winamax Poker - Tournament "Expresso Nitro" buyIn: 0.93€ + 0.07€ level: 1 - HandId: #2717699088358309889-1-1676232025 - Holdem no limit (10/20) - 2023/02/12 20:00:25 UTC
Table: 'Expresso Nitro(632763628)#0' 3-max (real money) Seat #3 is the button
Seat 1: Mwenzda Hila (300)
Seat 2: _SKR (300)
Seat 3: MyKyZz61 (300)
*** ANTE/BLINDS ***
Mwenzda Hila posts small blind 10
_SKR posts big blind 20
Dealt to _SKR [8c 3h]
*** PRE-FLOP *** 
MyKyZz61 folds
Mwenzda Hila calls 10
_SKR checks
*** FLOP *** [4c Qc 5s]
Mwenzda Hila checks
_SKR checks
*** TURN *** [4c Qc 5s][9s]
Mwenzda Hila checks
_SKR checks
*** RIVER *** [4c Qc 5s 9s][Ad]
Mwenzda Hila bets 26
_SKR folds
Mwenzda Hila collected 66 from pot
*** SUMMARY ***
Total pot 66 | No rake
Board: [4c Qc 5s 9s Ad]
Seat 1: Mwenzda Hila (small blind) won 66


Winamax Poker - Tournament "Expresso Nitro" buyIn: 0.93€ + 0.07€ level: 1 - HandId: #2717699088358309889-2-1676232043 - Holdem no limit (10/20) - 2023/02/12 20:00:43 UTC
Table: 'Expresso Nitro(632763628)#0' 3-max (real money) Seat #1 is the button
Seat 1: Mwenzda Hila (320)
Seat 2: _SKR (280)
Seat 3: MyKyZz61 (300)
*** ANTE/BLINDS ***
_SKR posts small blind 10
MyKyZz61 posts big blind 20
Dealt to _SKR [Ah 4d]
*** PRE-FLOP *** 
Mwenzda Hila folds
_SKR raises 260 to 280 and is all-in
MyKyZz61 folds
_SKR collected 300 from pot
*** SUMMARY ***
Total pot 300 | No rake
Seat 2: _SKR (small blind) won 300


Winamax Poker - Tournament "Expresso Nitro" buyIn: 0.93€ + 0.07€ level: 1 - HandId: #2717699088358309889-3-1676232057 - Holdem no limit (10/20) - 2023/02/12 20:00:57 UTC
Table: 'Expresso Nitro(632763628)#0' 3-max (real money) Seat #2 is the button
Seat 1: Mwenzda Hila (320)
Seat 2: _SKR (300)
Seat 3: MyKyZz61 (280)
*** ANTE/BLINDS ***
MyKyZz61 posts small blind 10
Mwenzda Hila posts big blind 20
Dealt to _SKR [2c 8h]
*** PRE-FLOP *** 
_SKR folds
MyKyZz61 folds
Mwenzda Hila collected 30 from pot
*** SUMMARY ***
Total pot 30 | No rake
Seat 1: Mwenzda Hila (big blind) won 30


Winamax Poker - Tournament "Expresso Nitro" buyIn: 0.93€ + 0.07€ level: 1 - HandId: #2717699088358309889-4-1676232066 - Holdem no limit (10/20) - 2023/02/12 20:01:06 UTC
Table: 'Expresso Nitro(632763628)#0' 3-max (real money) Seat #3 is the button
Seat 1: Mwenzda Hila (330)
Seat 2: _SKR (300)
Seat 3: MyKyZz61 (270)
*** ANTE/BLINDS ***
Mwenzda Hila posts small blind 10
_SKR posts big blind 20
Dealt to _SKR [4c Jc]
*** PRE-FLOP *** 
MyKyZz61 raises 250 to 270 and is all-in
Mwenzda Hila folds
_SKR folds
MyKyZz61 collected 300 from pot
*** SUMMARY ***
Total pot 300 | No rake
Seat 3: MyKyZz61 (button) won 300


Winamax Poker - Tournament "Expresso Nitro" buyIn: 0.93€ + 0.07€ level: 1 - HandId: #2717699088358309889-5-1676232078 - Holdem no limit (10/20) - 2023/02/12 20:01:18 UTC
Table: 'Expresso Nitro(632763628)#0' 3-max (real money) Seat #1 is the button
Seat 1: Mwenzda Hila (320)
Seat 2: _SKR (280)
Seat 3: MyKyZz61 (300)
*** ANTE/BLINDS ***
_SKR posts small blind 10
MyKyZz61 posts big blind 20
Dealt to _SKR [Ac 4c]
*** PRE-FLOP *** 
Mwenzda Hila calls 20
_SKR raises 260 to 280 and is all-in
MyKyZz61 folds
Mwenzda Hila folds
_SKR collected 320 from pot
*** SUMMARY ***
Total pot 320 | No rake
Seat 2: _SKR (small blind) won 320


Winamax Poker - Tournament "Expresso Nitro" buyIn: 0.93€ + 0.07€ level: 2 - HandId: #2717699088358309889-6-1676232096 - Holdem no limit (15/30) - 2023/02/12 20:01:36 UTC
Table: 'Expresso Nitro(632763628)#0' 3-max (real money) Seat #2 is the button
Seat 1: Mwenzda Hila (300)
Seat 2: _SKR (320)
Seat 3: MyKyZz61 (280)
*** ANTE/BLINDS ***
MyKyZz61 posts small blind 15
Mwenzda Hila posts big blind 30
Dealt to _SKR [Kc 9s]
*** PRE-FLOP *** 
_SKR folds
MyKyZz61 calls 15
Mwenzda Hila checks
*** FLOP *** [4s Td 3s]
MyKyZz61 checks
Mwenzda Hila checks
*** TURN *** [4s Td 3s][9d]
MyKyZz61 bets 39
Mwenzda Hila calls 39
*** RIVER *** [4s Td 3s 9d][7s]
MyKyZz61 bets 90
Mwenzda Hila calls 90
*** SHOW DOWN ***
Mwenzda Hila shows [5d 4d] (One pair : 4)
MyKyZz61 shows [8s 6h] (Straight Ten high)
MyKyZz61 collected 318 from pot
*** SUMMARY ***
Total pot 318 | No rake
Board: [4s Td 3s 9d 7s]
Seat 1: Mwenzda Hila (big blind) showed [5d 4d] and lost with One pair : 4
Seat 3: MyKyZz61 (small blind) showed [8s 6h] and won 318 with Straight Ten high


Winamax Poker - Tournament "Expresso Nitro" buyIn: 0.93€ + 0.07€ level: 2 - HandId: #2717699088358309889-7-1676232117 - Holdem no limit (15/30) - 2023/02/12 20:01:57 UTC
Table: 'Expresso Nitro(632763628)#0' 3-max (real money) Seat #3 is the button
Seat 1: Mwenzda Hila (141)
Seat 2: _SKR (320)
Seat 3: MyKyZz61 (439)
*** ANTE/BLINDS ***
Mwenzda Hila posts small blind 15
_SKR posts big blind 30
Dealt to _SKR [6h Ts]
*** PRE-FLOP *** 
MyKyZz61 calls 30
Mwenzda Hila folds
_SKR checks
*** FLOP *** [9d 6c 7s]
_SKR checks
MyKyZz61 bets 30
_SKR calls 30
*** TURN *** [9d 6c 7s][9h]
_SKR checks
MyKyZz61 bets 30
_SKR calls 30
*** RIVER *** [9d 6c 7s 9h][4s]
_SKR checks
MyKyZz61 bets 127
_SKR folds
MyKyZz61 collected 322 from pot
*** SUMMARY ***
Total pot 322 | No rake
Board: [9d 6c 7s 9h 4s]
Seat 3: MyKyZz61 (button) won 322


Winamax Poker - Tournament "Expresso Nitro" buyIn: 0.93€ + 0.07€ level: 3 - HandId: #2717699088358309889-8-1676232154 - Holdem no limit (20/40) - 2023/02/12 20:02:34 UTC
Table: 'Expresso Nitro(632763628)#0' 3-max (real money) Seat #1 is the button
Seat 1: Mwenzda Hila (126)
Seat 2: _SKR (230)
Seat 3: MyKyZz61 (544)
*** ANTE/BLINDS ***
_SKR posts small blind 20
MyKyZz61 posts big blind 40
Dealt to _SKR [Kd 5d]
*** PRE-FLOP *** 
Mwenzda Hila raises 86 to 126 and is all-in
_SKR folds
MyKyZz61 folds
Mwenzda Hila collected 186 from pot
*** SUMMARY ***
Total pot 186 | No rake
Seat 1: Mwenzda Hila (button) won 186


Winamax Poker - Tournament "Expresso Nitro" buyIn: 0.93€ + 0.07€ level: 3 - HandId: #2717699088358309889-9-1676232164 - Holdem no limit (20/40) - 2023/02/12 20:02:44 UTC
Table: 'Expresso Nitro(632763628)#0' 3-max (real money) Seat #2 is the button
Seat 1: Mwenzda Hila (186)
Seat 2: _SKR (210)
Seat 3: MyKyZz61 (504)
*** ANTE/BLINDS ***
MyKyZz61 posts small blind 20
Mwenzda Hila posts big blind 40
Dealt to _SKR [5c 7s]
*** PRE-FLOP *** 
_SKR folds
MyKyZz61 calls 20
Mwenzda Hila raises 146 to 186 and is all-in
MyKyZz61 folds
Mwenzda Hila collected 226 from pot
*** SUMMARY ***
Total pot 226 | No rake
Seat 1: Mwenzda Hila (big blind) won 226


Winamax Poker - Tournament "Expresso Nitro" buyIn: 0.93€ + 0.07€ level: 3 - HandId: #2717699088358309889-10-1676232178 - Holdem no limit (20/40) - 2023/02/12 20:02:58 UTC
Table: 'Expresso Nitro(632763628)#0' 3-max (real money) Seat #3 is the button
Seat 1: Mwenzda Hila (226)
Seat 2: _SKR (210)
Seat 3: MyKyZz61 (464)
*** ANTE/BLINDS ***
Mwenzda Hila posts small blind 20
_SKR posts big blind 40
Dealt to _SKR [Jc Ac]
*** PRE-FLOP *** 
MyKyZz61 raises 424 to 464 and is all-in
Mwenzda Hila folds
_SKR calls 170 and is all-in
*** FLOP *** [2h 8d Th]
*** TURN *** [2h 8d Th][8h]
*** RIVER *** [2h 8d Th 8h][2s]
*** SHOW DOWN ***
_SKR shows [Jc Ac] (Two pairs : 8 and 2)
MyKyZz61 shows [9c As] (Two pairs : 8 and 2)
MyKyZz61 collected 474 from side pot 1
_SKR collected 220 from main pot
*** SUMMARY ***
Total pot 694 | No rake
Board: [2h 8d Th 8h 2s]
Seat 2: _SKR (big blind) showed [Jc Ac] and won 220 with Two pairs : 8 and 2
Seat 3: MyKyZz61 (button) showed [9c As] and won 474 with Two pairs : 8 and 2


Winamax Poker - Tournament "Expresso Nitro" buyIn: 0.93€ + 0.07€ level: 3 - HandId: #2717699088358309889-11-1676232198 - Holdem no limit (20/40) - 2023/02/12 20:03:18 UTC
Table: 'Expresso Nitro(632763628)#0' 3-max (real money) Seat #1 is the button
Seat 1: Mwenzda Hila (206)
Seat 2: _SKR (220)
Seat 3: MyKyZz61 (474)
*** ANTE/BLINDS ***
_SKR posts small blind 20
MyKyZz61 posts big blind 40
Dealt to _SKR [7c Th]
*** PRE-FLOP *** 
Mwenzda Hila raises 166 to 206 and is all-in
_SKR folds
MyKyZz61 calls 166
*** FLOP *** [9h 3s 9s]
*** TURN *** [9h 3s 9s][4h]
*** RIVER *** [9h 3s 9s 4h][2c]
*** SHOW DOWN ***
MyKyZz61 shows [Jh Ah] (One pair : 9)
Mwenzda Hila shows [Ks 9c] (Trips of 9)
Mwenzda Hila collected 432 from pot
*** SUMMARY ***
Total pot 432 | No rake
Board: [9h 3s 9s 4h 2c]
Seat 1: Mwenzda Hila (button) showed [Ks 9c] and won 432 with Trips of 9
Seat 3: MyKyZz61 (big blind) showed [Jh Ah] and lost with One pair : 9


Winamax Poker - Tournament "Expresso Nitro" buyIn: 0.93€ + 0.07€ level: 4 - HandId: #2717699088358309889-12-1676232214 - Holdem no limit (30/60) - 2023/02/12 20:03:34 UTC
Table: 'Expresso Nitro(632763628)#0' 3-max (real money) Seat #2 is the button
Seat 1: Mwenzda Hila (432)
Seat 2: _SKR (200)
Seat 3: MyKyZz61 (268)
*** ANTE/BLINDS ***
MyKyZz61 posts small blind 30
Mwenzda Hila posts big blind 60
Dealt to _SKR [7c 2h]
*** PRE-FLOP *** 
_SKR folds
MyKyZz61 raises 208 to 268 and is all-in
Mwenzda Hila calls 208
*** FLOP *** [Qc 6d 5s]
*** TURN *** [Qc 6d 5s][Jh]
*** RIVER *** [Qc 6d 5s Jh][5c]
*** SHOW DOWN ***
Mwenzda Hila shows [Ah 8d] (One pair : 5)
MyKyZz61 shows [Jd Ks] (Two pairs : Jacks and 5)
MyKyZz61 collected 536 from pot
*** SUMMARY ***
Total pot 536 | No rake
Board: [Qc 6d 5s Jh 5c]
Seat 1: Mwenzda Hila (big blind) showed [Ah 8d] and lost with One pair : 5
Seat 3: MyKyZz61 (small blind) showed [Jd Ks] and won 536 with Two pairs : Jacks and 5


Winamax Poker - Tournament "Expresso Nitro" buyIn: 0.93€ + 0.07€ level: 4 - HandId: #2717699088358309889-13-1676232234 - Holdem no limit (30/60) - 2023/02/12 20:03:54 UTC
Table: 'Expresso Nitro(632763628)#0' 3-max (real money) Seat #3 is the button
Seat 1: Mwenzda Hila (164)
Seat 2: _SKR (200)
Seat 3: MyKyZz61 (536)
*** ANTE/BLINDS ***
Mwenzda Hila posts small blind 30
_SKR posts big blind 60
Dealt to _SKR [8c 5d]
*** PRE-FLOP *** 
MyKyZz61 calls 60
Mwenzda Hila raises 104 to 164 and is all-in
_SKR folds
MyKyZz61 calls 104
*** FLOP *** [6d Kh 5c]
*** TURN *** [6d Kh 5c][3d]
*** RIVER *** [6d Kh 5c 3d][6c]
*** SHOW DOWN ***
MyKyZz61 shows [Kc 4d] (Two pairs : Kings and 6)
Mwenzda Hila shows [6h Td] (Trips of 6)
Mwenzda Hila collected 388 from pot
*** SUMMARY ***
Total pot 388 | No rake
Board: [6d Kh 5c 3d 6c]
Seat 1: Mwenzda Hila (small blind) showed [6h Td] and won 388 with Trips of 6
Seat 3: MyKyZz61 (button) showed [Kc 4d] and lost with Two pairs : Kings and 6


Winamax Poker - Tournament "Expresso Nitro" buyIn: 0.93€ + 0.07€ level: 4 - HandId: #2717699088358309889-14-1676232251 - Holdem no limit (30/60) - 2023/02/12 20:04:11 UTC
Table: 'Expresso Nitro(632763628)#0' 3-max (real money) Seat #1 is the button
Seat 1: Mwenzda Hila (388)
Seat 2: _SKR (140)
Seat 3: MyKyZz61 (372)
*** ANTE/BLINDS ***
_SKR posts small blind 30
MyKyZz61 posts big blind 60
Dealt to _SKR [Ks 8d]
*** PRE-FLOP *** 
Mwenzda Hila calls 60
_SKR raises 80 to 140 and is all-in
MyKyZz61 raises 232 to 372 and is all-in
Mwenzda Hila folds
*** FLOP *** [8c 4s 9d]
*** TURN *** [8c 4s 9d][Jc]
*** RIVER *** [8c 4s 9d Jc][Ac]
*** SHOW DOWN ***
_SKR shows [Ks 8d] (One pair : 8)
MyKyZz61 shows [6c 3c] (Flush Ace high)
MyKyZz61 collected 572 from pot
*** SUMMARY ***
Total pot 572 | No rake
Board: [8c 4s 9d Jc Ac]
Seat 2: _SKR (small blind) showed [Ks 8d] and lost with One pair : 8
Seat 3: MyKyZz61 (big blind) showed [6c 3c] and won 572 with Flush Ace high


