Winamax Poker - Tournament "Expresso Nitro" buyIn: 0.93€ + 0.07€ level: 1 - HandId: #2718612189815504897-1-1676291586 - Holdem no limit (10/20) - 2023/02/13 12:33:06 UTC
Table: 'Expresso Nitro(632976226)#0' 3-max (real money) Seat #3 is the button
Seat 1: tonyrenov59 (300)
Seat 2: _SKR (300)
Seat 3: GERMINALE (300)
*** ANTE/BLINDS ***
tonyrenov59 posts small blind 10
_SKR posts big blind 20
Dealt to _SKR [9c Th]
*** PRE-FLOP *** 
GERMINALE folds
tonyrenov59 raises 280 to 300 and is all-in
_SKR folds
tonyrenov59 collected 320 from pot
*** SUMMARY ***
Total pot 320 | No rake
Seat 1: tonyrenov59 (small blind) won 320


Winamax Poker - Tournament "Expresso Nitro" buyIn: 0.93€ + 0.07€ level: 1 - HandId: #2718612189815504897-2-1676291618 - Holdem no limit (10/20) - 2023/02/13 12:33:38 UTC
Table: 'Expresso Nitro(632976226)#0' 3-max (real money) Seat #1 is the button
Seat 1: tonyrenov59 (320)
Seat 2: _SKR (280)
Seat 3: GERMINALE (300)
*** ANTE/BLINDS ***
_SKR posts small blind 10
GERMINALE posts big blind 20
Dealt to _SKR [5c Th]
*** PRE-FLOP *** 
tonyrenov59 raises 300 to 320 and is all-in
_SKR folds
GERMINALE calls 280 and is all-in
*** FLOP *** [Qc 2h 5s]
*** TURN *** [Qc 2h 5s][6h]
*** RIVER *** [Qc 2h 5s 6h][3h]
*** SHOW DOWN ***
GERMINALE shows [9d As] (High card : Ace)
tonyrenov59 shows [Qd Js] (One pair : Queens)
tonyrenov59 collected 630 from pot
*** SUMMARY ***
Total pot 630 | No rake
Board: [Qc 2h 5s 6h 3h]
Seat 1: tonyrenov59 (button) showed [Qd Js] and won 630 with One pair : Queens
Seat 3: GERMINALE (big blind) showed [9d As] and lost with High card : Ace


Winamax Poker - Tournament "Expresso Nitro" buyIn: 0.93€ + 0.07€ level: 1 - HandId: #2718612189815504897-3-1676291634 - Holdem no limit (10/20) - 2023/02/13 12:33:54 UTC
Table: 'Expresso Nitro(632976226)#0' 3-max (real money) Seat #1 is the button
Seat 1: tonyrenov59 (630)
Seat 2: _SKR (270)
*** ANTE/BLINDS ***
tonyrenov59 posts small blind 10
_SKR posts big blind 20
Dealt to _SKR [7s 8s]
*** PRE-FLOP *** 
tonyrenov59 folds
_SKR collected 30 from pot
*** SUMMARY ***
Total pot 30 | No rake
Seat 2: _SKR (big blind) won 30


Winamax Poker - Tournament "Expresso Nitro" buyIn: 0.93€ + 0.07€ level: 1 - HandId: #2718612189815504897-4-1676291640 - Holdem no limit (10/20) - 2023/02/13 12:34:00 UTC
Table: 'Expresso Nitro(632976226)#0' 3-max (real money) Seat #2 is the button
Seat 1: tonyrenov59 (620)
Seat 2: _SKR (280)
*** ANTE/BLINDS ***
_SKR posts small blind 10
tonyrenov59 posts big blind 20
Dealt to _SKR [7c 4d]
*** PRE-FLOP *** 
_SKR folds
tonyrenov59 collected 30 from pot
*** SUMMARY ***
Total pot 30 | No rake
Seat 1: tonyrenov59 (big blind) won 30


Winamax Poker - Tournament "Expresso Nitro" buyIn: 0.93€ + 0.07€ level: 2 - HandId: #2718612189815504897-5-1676291646 - Holdem no limit (15/30) - 2023/02/13 12:34:06 UTC
Table: 'Expresso Nitro(632976226)#0' 3-max (real money) Seat #1 is the button
Seat 1: tonyrenov59 (630)
Seat 2: _SKR (270)
*** ANTE/BLINDS ***
tonyrenov59 posts small blind 15
_SKR posts big blind 30
Dealt to _SKR [3s 4h]
*** PRE-FLOP *** 
tonyrenov59 folds
_SKR collected 45 from pot
*** SUMMARY ***
Total pot 45 | No rake
Seat 2: _SKR (big blind) won 45


Winamax Poker - Tournament "Expresso Nitro" buyIn: 0.93€ + 0.07€ level: 2 - HandId: #2718612189815504897-6-1676291650 - Holdem no limit (15/30) - 2023/02/13 12:34:10 UTC
Table: 'Expresso Nitro(632976226)#0' 3-max (real money) Seat #2 is the button
Seat 1: tonyrenov59 (615)
Seat 2: _SKR (285)
*** ANTE/BLINDS ***
_SKR posts small blind 15
tonyrenov59 posts big blind 30
Dealt to _SKR [Qd 9d]
*** PRE-FLOP *** 
_SKR raises 255 to 285 and is all-in
tonyrenov59 folds
_SKR collected 315 from pot
*** SUMMARY ***
Total pot 315 | No rake
Seat 2: _SKR (small blind) (button) won 315


Winamax Poker - Tournament "Expresso Nitro" buyIn: 0.93€ + 0.07€ level: 2 - HandId: #2718612189815504897-7-1676291660 - Holdem no limit (15/30) - 2023/02/13 12:34:20 UTC
Table: 'Expresso Nitro(632976226)#0' 3-max (real money) Seat #1 is the button
Seat 1: tonyrenov59 (585)
Seat 2: _SKR (315)
*** ANTE/BLINDS ***
tonyrenov59 posts small blind 15
_SKR posts big blind 30
Dealt to _SKR [6h 6d]
*** PRE-FLOP *** 
tonyrenov59 raises 555 to 585 and is all-in
_SKR calls 285 and is all-in
*** FLOP *** [6c Tc 9h]
*** TURN *** [6c Tc 9h][Jh]
*** RIVER *** [6c Tc 9h Jh][5s]
*** SHOW DOWN ***
tonyrenov59 shows [4c Ah] (High card : Ace)
_SKR shows [6h 6d] (Trips of 6)
_SKR collected 630 from main pot
tonyrenov59 collected 270 from side pot 1
*** SUMMARY ***
Total pot 900 | No rake
Board: [6c Tc 9h Jh 5s]
Seat 1: tonyrenov59 (small blind) (button) showed [4c Ah] and won 270 with High card : Ace
Seat 2: _SKR (big blind) showed [6h 6d] and won 630 with Trips of 6


Winamax Poker - Tournament "Expresso Nitro" buyIn: 0.93€ + 0.07€ level: 2 - HandId: #2718612189815504897-8-1676291672 - Holdem no limit (15/30) - 2023/02/13 12:34:32 UTC
Table: 'Expresso Nitro(632976226)#0' 3-max (real money) Seat #2 is the button
Seat 1: tonyrenov59 (270)
Seat 2: _SKR (630)
*** ANTE/BLINDS ***
_SKR posts small blind 15
tonyrenov59 posts big blind 30
Dealt to _SKR [9h 3d]
*** PRE-FLOP *** 
_SKR folds
tonyrenov59 collected 45 from pot
*** SUMMARY ***
Total pot 45 | No rake
Seat 1: tonyrenov59 (big blind) won 45


Winamax Poker - Tournament "Expresso Nitro" buyIn: 0.93€ + 0.07€ level: 2 - HandId: #2718612189815504897-9-1676291675 - Holdem no limit (15/30) - 2023/02/13 12:34:35 UTC
Table: 'Expresso Nitro(632976226)#0' 3-max (real money) Seat #1 is the button
Seat 1: tonyrenov59 (285)
Seat 2: _SKR (615)
*** ANTE/BLINDS ***
tonyrenov59 posts small blind 15
_SKR posts big blind 30
Dealt to _SKR [4c 6d]
*** PRE-FLOP *** 
tonyrenov59 raises 255 to 285 and is all-in
_SKR folds
tonyrenov59 collected 315 from pot
*** SUMMARY ***
Total pot 315 | No rake
Seat 1: tonyrenov59 (small blind) (button) won 315


Winamax Poker - Tournament "Expresso Nitro" buyIn: 0.93€ + 0.07€ level: 2 - HandId: #2718612189815504897-10-1676291680 - Holdem no limit (15/30) - 2023/02/13 12:34:40 UTC
Table: 'Expresso Nitro(632976226)#0' 3-max (real money) Seat #2 is the button
Seat 1: tonyrenov59 (315)
Seat 2: _SKR (585)
*** ANTE/BLINDS ***
_SKR posts small blind 15
tonyrenov59 posts big blind 30
Dealt to _SKR [As 4s]
*** PRE-FLOP *** 
_SKR raises 555 to 585 and is all-in
tonyrenov59 calls 285 and is all-in
*** FLOP *** [8c 6c 2h]
*** TURN *** [8c 6c 2h][Qh]
*** RIVER *** [8c 6c 2h Qh][7s]
*** SHOW DOWN ***
tonyrenov59 shows [Jc 2d] (One pair : 2)
_SKR shows [As 4s] (High card : Ace)
_SKR collected 270 from side pot 1
tonyrenov59 collected 630 from main pot
*** SUMMARY ***
Total pot 900 | No rake
Board: [8c 6c 2h Qh 7s]
Seat 1: tonyrenov59 (big blind) showed [Jc 2d] and won 630 with One pair : 2
Seat 2: _SKR (small blind) (button) showed [As 4s] and won 270 with High card : Ace


Winamax Poker - Tournament "Expresso Nitro" buyIn: 0.93€ + 0.07€ level: 2 - HandId: #2718612189815504897-11-1676291692 - Holdem no limit (15/30) - 2023/02/13 12:34:52 UTC
Table: 'Expresso Nitro(632976226)#0' 3-max (real money) Seat #1 is the button
Seat 1: tonyrenov59 (630)
Seat 2: _SKR (270)
*** ANTE/BLINDS ***
tonyrenov59 posts small blind 15
_SKR posts big blind 30
Dealt to _SKR [Js 4s]
*** PRE-FLOP *** 
tonyrenov59 raises 600 to 630 and is all-in
_SKR folds
tonyrenov59 collected 660 from pot
*** SUMMARY ***
Total pot 660 | No rake
Seat 1: tonyrenov59 (small blind) (button) won 660


Winamax Poker - Tournament "Expresso Nitro" buyIn: 0.93€ + 0.07€ level: 2 - HandId: #2718612189815504897-12-1676291697 - Holdem no limit (15/30) - 2023/02/13 12:34:57 UTC
Table: 'Expresso Nitro(632976226)#0' 3-max (real money) Seat #2 is the button
Seat 1: tonyrenov59 (660)
Seat 2: _SKR (240)
*** ANTE/BLINDS ***
_SKR posts small blind 15
tonyrenov59 posts big blind 30
Dealt to _SKR [3d Ac]
*** PRE-FLOP *** 
_SKR raises 210 to 240 and is all-in
tonyrenov59 calls 210
*** FLOP *** [Ks Kd 7s]
*** TURN *** [Ks Kd 7s][6s]
*** RIVER *** [Ks Kd 7s 6s][7d]
*** SHOW DOWN ***
tonyrenov59 shows [8d Td] (Two pairs : Kings and 7)
_SKR shows [3d Ac] (Two pairs : Kings and 7)
_SKR collected 480 from pot
*** SUMMARY ***
Total pot 480 | No rake
Board: [Ks Kd 7s 6s 7d]
Seat 1: tonyrenov59 (big blind) showed [8d Td] and lost with Two pairs : Kings and 7
Seat 2: _SKR (small blind) (button) showed [3d Ac] and won 480 with Two pairs : Kings and 7


Winamax Poker - Tournament "Expresso Nitro" buyIn: 0.93€ + 0.07€ level: 3 - HandId: #2718612189815504897-13-1676291713 - Holdem no limit (20/40) - 2023/02/13 12:35:13 UTC
Table: 'Expresso Nitro(632976226)#0' 3-max (real money) Seat #1 is the button
Seat 1: tonyrenov59 (420)
Seat 2: _SKR (480)
*** ANTE/BLINDS ***
tonyrenov59 posts small blind 20
_SKR posts big blind 40
Dealt to _SKR [8c Ad]
*** PRE-FLOP *** 
tonyrenov59 raises 380 to 420 and is all-in
_SKR folds
tonyrenov59 collected 460 from pot
*** SUMMARY ***
Total pot 460 | No rake
Seat 1: tonyrenov59 (small blind) (button) won 460


Winamax Poker - Tournament "Expresso Nitro" buyIn: 0.93€ + 0.07€ level: 3 - HandId: #2718612189815504897-14-1676291729 - Holdem no limit (20/40) - 2023/02/13 12:35:29 UTC
Table: 'Expresso Nitro(632976226)#0' 3-max (real money) Seat #2 is the button
Seat 1: tonyrenov59 (460)
Seat 2: _SKR (440)
*** ANTE/BLINDS ***
_SKR posts small blind 20
tonyrenov59 posts big blind 40
Dealt to _SKR [2s 4d]
*** PRE-FLOP *** 
_SKR folds
tonyrenov59 collected 60 from pot
*** SUMMARY ***
Total pot 60 | No rake
Seat 1: tonyrenov59 (big blind) won 60


Winamax Poker - Tournament "Expresso Nitro" buyIn: 0.93€ + 0.07€ level: 3 - HandId: #2718612189815504897-15-1676291737 - Holdem no limit (20/40) - 2023/02/13 12:35:37 UTC
Table: 'Expresso Nitro(632976226)#0' 3-max (real money) Seat #1 is the button
Seat 1: tonyrenov59 (480)
Seat 2: _SKR (420)
*** ANTE/BLINDS ***
tonyrenov59 posts small blind 20
_SKR posts big blind 40
Dealt to _SKR [2c Td]
*** PRE-FLOP *** 
tonyrenov59 raises 440 to 480 and is all-in
_SKR folds
tonyrenov59 collected 520 from pot
*** SUMMARY ***
Total pot 520 | No rake
Seat 1: tonyrenov59 (small blind) (button) won 520


Winamax Poker - Tournament "Expresso Nitro" buyIn: 0.93€ + 0.07€ level: 3 - HandId: #2718612189815504897-16-1676291745 - Holdem no limit (20/40) - 2023/02/13 12:35:45 UTC
Table: 'Expresso Nitro(632976226)#0' 3-max (real money) Seat #2 is the button
Seat 1: tonyrenov59 (520)
Seat 2: _SKR (380)
*** ANTE/BLINDS ***
_SKR posts small blind 20
tonyrenov59 posts big blind 40
Dealt to _SKR [5s 8h]
*** PRE-FLOP *** 
_SKR folds
tonyrenov59 collected 60 from pot
*** SUMMARY ***
Total pot 60 | No rake
Seat 1: tonyrenov59 (big blind) won 60


Winamax Poker - Tournament "Expresso Nitro" buyIn: 0.93€ + 0.07€ level: 3 - HandId: #2718612189815504897-17-1676291750 - Holdem no limit (20/40) - 2023/02/13 12:35:50 UTC
Table: 'Expresso Nitro(632976226)#0' 3-max (real money) Seat #1 is the button
Seat 1: tonyrenov59 (540)
Seat 2: _SKR (360)
*** ANTE/BLINDS ***
tonyrenov59 posts small blind 20
_SKR posts big blind 40
Dealt to _SKR [Td 8d]
*** PRE-FLOP *** 
tonyrenov59 raises 500 to 540 and is all-in
_SKR folds
tonyrenov59 collected 580 from pot
*** SUMMARY ***
Total pot 580 | No rake
Seat 1: tonyrenov59 (small blind) (button) won 580


Winamax Poker - Tournament "Expresso Nitro" buyIn: 0.93€ + 0.07€ level: 3 - HandId: #2718612189815504897-18-1676291759 - Holdem no limit (20/40) - 2023/02/13 12:35:59 UTC
Table: 'Expresso Nitro(632976226)#0' 3-max (real money) Seat #2 is the button
Seat 1: tonyrenov59 (580)
Seat 2: _SKR (320)
*** ANTE/BLINDS ***
_SKR posts small blind 20
tonyrenov59 posts big blind 40
Dealt to _SKR [5c 3d]
*** PRE-FLOP *** 
_SKR folds
tonyrenov59 collected 60 from pot
*** SUMMARY ***
Total pot 60 | No rake
Seat 1: tonyrenov59 (big blind) won 60


Winamax Poker - Tournament "Expresso Nitro" buyIn: 0.93€ + 0.07€ level: 4 - HandId: #2718612189815504897-19-1676291762 - Holdem no limit (30/60) - 2023/02/13 12:36:02 UTC
Table: 'Expresso Nitro(632976226)#0' 3-max (real money) Seat #1 is the button
Seat 1: tonyrenov59 (600)
Seat 2: _SKR (300)
*** ANTE/BLINDS ***
tonyrenov59 posts small blind 30
_SKR posts big blind 60
Dealt to _SKR [Jc 3c]
*** PRE-FLOP *** 
tonyrenov59 folds
_SKR collected 90 from pot
*** SUMMARY ***
Total pot 90 | No rake
Seat 2: _SKR (big blind) won 90


Winamax Poker - Tournament "Expresso Nitro" buyIn: 0.93€ + 0.07€ level: 4 - HandId: #2718612189815504897-20-1676291766 - Holdem no limit (30/60) - 2023/02/13 12:36:06 UTC
Table: 'Expresso Nitro(632976226)#0' 3-max (real money) Seat #2 is the button
Seat 1: tonyrenov59 (570)
Seat 2: _SKR (330)
*** ANTE/BLINDS ***
_SKR posts small blind 30
tonyrenov59 posts big blind 60
Dealt to _SKR [Th Jh]
*** PRE-FLOP *** 
_SKR raises 270 to 330 and is all-in
tonyrenov59 calls 270
*** FLOP *** [8s 2s 5s]
*** TURN *** [8s 2s 5s][2h]
*** RIVER *** [8s 2s 5s 2h][5d]
*** SHOW DOWN ***
_SKR shows [Th Jh] (Two pairs : 5 and 2)
tonyrenov59 shows [7c Ac] (Two pairs : 5 and 2)
tonyrenov59 collected 660 from pot
*** SUMMARY ***
Total pot 660 | No rake
Board: [8s 2s 5s 2h 5d]
Seat 1: tonyrenov59 (big blind) showed [7c Ac] and won 660 with Two pairs : 5 and 2
Seat 2: _SKR (small blind) (button) showed [Th Jh] and lost with Two pairs : 5 and 2


