Winamax Poker - Tournament "Expresso Nitro" buyIn: 0.93€ + 0.07€ level: 1 - HandId: #2676334863920922625-1-1673820405 - Holdem no limit (10/20) - 2023/01/15 22:06:45 UTC
Table: 'Expresso Nitro(623132769)#0' 3-max (real money) Seat #1 is the button
Seat 1: Dimoro (300)
Seat 2: _SKR (300)
Seat 3: DaBlaZin (300)
*** ANTE/BLINDS ***
_SKR posts small blind 10
DaBlaZin posts big blind 20
Dealt to _SKR [9s Ad]
*** PRE-FLOP *** 
Dimoro raises 280 to 300 and is all-in
_SKR folds
DaBlaZin calls 280 and is all-in
*** FLOP *** [Qs Ts Jd]
*** TURN *** [Qs Ts Jd][2h]
*** RIVER *** [Qs Ts Jd 2h][Kh]
*** SHOW DOWN ***
DaBlaZin shows [7s 7c] (One pair : 7)
Dimoro shows [Tc Ac] (Straight Ace high)
Dimoro collected 610 from pot
*** SUMMARY ***
Total pot 610 | No rake
Board: [Qs Ts Jd 2h Kh]
Seat 1: Dimoro (button) showed [Tc Ac] and won 610 with Straight Ace high
Seat 3: DaBlaZin (big blind) showed [7s 7c] and lost with One pair : 7


Winamax Poker - Tournament "Expresso Nitro" buyIn: 0.93€ + 0.07€ level: 1 - HandId: #2676334863920922625-2-1673820421 - Holdem no limit (10/20) - 2023/01/15 22:07:01 UTC
Table: 'Expresso Nitro(623132769)#0' 3-max (real money) Seat #1 is the button
Seat 1: Dimoro (610)
Seat 2: _SKR (290)
*** ANTE/BLINDS ***
Dimoro posts small blind 10
_SKR posts big blind 20
Dealt to _SKR [3s 5s]
*** PRE-FLOP *** 
Dimoro folds
_SKR collected 30 from pot
*** SUMMARY ***
Total pot 30 | No rake
Seat 2: _SKR (big blind) won 30


Winamax Poker - Tournament "Expresso Nitro" buyIn: 0.93€ + 0.07€ level: 1 - HandId: #2676334863920922625-3-1673820425 - Holdem no limit (10/20) - 2023/01/15 22:07:05 UTC
Table: 'Expresso Nitro(623132769)#0' 3-max (real money) Seat #2 is the button
Seat 1: Dimoro (600)
Seat 2: _SKR (300)
*** ANTE/BLINDS ***
_SKR posts small blind 10
Dimoro posts big blind 20
Dealt to _SKR [Kd 2s]
*** PRE-FLOP *** 
_SKR folds
Dimoro collected 30 from pot
*** SUMMARY ***
Total pot 30 | No rake
Seat 1: Dimoro (big blind) won 30


Winamax Poker - Tournament "Expresso Nitro" buyIn: 0.93€ + 0.07€ level: 1 - HandId: #2676334863920922625-4-1673820427 - Holdem no limit (10/20) - 2023/01/15 22:07:07 UTC
Table: 'Expresso Nitro(623132769)#0' 3-max (real money) Seat #1 is the button
Seat 1: Dimoro (610)
Seat 2: _SKR (290)
*** ANTE/BLINDS ***
Dimoro posts small blind 10
_SKR posts big blind 20
Dealt to _SKR [9d 2s]
*** PRE-FLOP *** 
Dimoro folds
_SKR collected 30 from pot
*** SUMMARY ***
Total pot 30 | No rake
Seat 2: _SKR (big blind) won 30


Winamax Poker - Tournament "Expresso Nitro" buyIn: 0.93€ + 0.07€ level: 1 - HandId: #2676334863920922625-5-1673820430 - Holdem no limit (10/20) - 2023/01/15 22:07:10 UTC
Table: 'Expresso Nitro(623132769)#0' 3-max (real money) Seat #2 is the button
Seat 1: Dimoro (600)
Seat 2: _SKR (300)
*** ANTE/BLINDS ***
_SKR posts small blind 10
Dimoro posts big blind 20
Dealt to _SKR [6h Ah]
*** PRE-FLOP *** 
_SKR raises 280 to 300 and is all-in
Dimoro folds
_SKR collected 320 from pot
*** SUMMARY ***
Total pot 320 | No rake
Seat 2: _SKR (small blind) (button) won 320


Winamax Poker - Tournament "Expresso Nitro" buyIn: 0.93€ + 0.07€ level: 1 - HandId: #2676334863920922625-6-1673820446 - Holdem no limit (10/20) - 2023/01/15 22:07:26 UTC
Table: 'Expresso Nitro(623132769)#0' 3-max (real money) Seat #1 is the button
Seat 1: Dimoro (580)
Seat 2: _SKR (320)
*** ANTE/BLINDS ***
Dimoro posts small blind 10
_SKR posts big blind 20
Dealt to _SKR [4s 8s]
*** PRE-FLOP *** 
Dimoro raises 560 to 580 and is all-in
_SKR folds
Dimoro collected 600 from pot
*** SUMMARY ***
Total pot 600 | No rake
Seat 1: Dimoro (small blind) (button) won 600


Winamax Poker - Tournament "Expresso Nitro" buyIn: 0.93€ + 0.07€ level: 1 - HandId: #2676334863920922625-7-1673820458 - Holdem no limit (10/20) - 2023/01/15 22:07:38 UTC
Table: 'Expresso Nitro(623132769)#0' 3-max (real money) Seat #2 is the button
Seat 1: Dimoro (600)
Seat 2: _SKR (300)
*** ANTE/BLINDS ***
_SKR posts small blind 10
Dimoro posts big blind 20
Dealt to _SKR [7d Ks]
*** PRE-FLOP *** 
_SKR raises 20 to 40
Dimoro calls 20
*** FLOP *** [3s 7s 9s]
Dimoro checks
_SKR bets 28
Dimoro calls 28
*** TURN *** [3s 7s 9s][4s]
Dimoro checks
_SKR checks
*** RIVER *** [3s 7s 9s 4s][4h]
Dimoro bets 48
_SKR calls 48
*** SHOW DOWN ***
Dimoro shows [7c 8h] (Two pairs : 7 and 4)
_SKR shows [7d Ks] (Flush King high)
_SKR collected 232 from pot
*** SUMMARY ***
Total pot 232 | No rake
Board: [3s 7s 9s 4s 4h]
Seat 1: Dimoro (big blind) showed [7c 8h] and lost with Two pairs : 7 and 4
Seat 2: _SKR (small blind) (button) showed [7d Ks] and won 232 with Flush King high


Winamax Poker - Tournament "Expresso Nitro" buyIn: 0.93€ + 0.07€ level: 2 - HandId: #2676334863920922625-8-1673820488 - Holdem no limit (15/30) - 2023/01/15 22:08:08 UTC
Table: 'Expresso Nitro(623132769)#0' 3-max (real money) Seat #1 is the button
Seat 1: Dimoro (484)
Seat 2: _SKR (416)
*** ANTE/BLINDS ***
Dimoro posts small blind 15
_SKR posts big blind 30
Dealt to _SKR [9h Ts]
*** PRE-FLOP *** 
Dimoro calls 15
_SKR checks
*** FLOP *** [Jc Js 9s]
_SKR checks
Dimoro bets 30
_SKR calls 30
*** TURN *** [Jc Js 9s][5h]
_SKR checks
Dimoro bets 78
_SKR calls 78
*** RIVER *** [Jc Js 9s 5h][6c]
_SKR checks
Dimoro bets 120
_SKR folds
Dimoro collected 396 from pot
*** SUMMARY ***
Total pot 396 | No rake
Board: [Jc Js 9s 5h 6c]
Seat 1: Dimoro (small blind) (button) won 396


Winamax Poker - Tournament "Expresso Nitro" buyIn: 0.93€ + 0.07€ level: 3 - HandId: #2676334863920922625-9-1673820530 - Holdem no limit (20/40) - 2023/01/15 22:08:50 UTC
Table: 'Expresso Nitro(623132769)#0' 3-max (real money) Seat #2 is the button
Seat 1: Dimoro (622)
Seat 2: _SKR (278)
*** ANTE/BLINDS ***
_SKR posts small blind 20
Dimoro posts big blind 40
Dealt to _SKR [3c 8h]
*** PRE-FLOP *** 
_SKR folds
Dimoro collected 60 from pot
*** SUMMARY ***
Total pot 60 | No rake
Seat 1: Dimoro (big blind) won 60


Winamax Poker - Tournament "Expresso Nitro" buyIn: 0.93€ + 0.07€ level: 3 - HandId: #2676334863920922625-10-1673820533 - Holdem no limit (20/40) - 2023/01/15 22:08:53 UTC
Table: 'Expresso Nitro(623132769)#0' 3-max (real money) Seat #1 is the button
Seat 1: Dimoro (642)
Seat 2: _SKR (258)
*** ANTE/BLINDS ***
Dimoro posts small blind 20
_SKR posts big blind 40
Dealt to _SKR [6c Ts]
*** PRE-FLOP *** 
Dimoro folds
_SKR collected 60 from pot
*** SUMMARY ***
Total pot 60 | No rake
Seat 2: _SKR (big blind) won 60


Winamax Poker - Tournament "Expresso Nitro" buyIn: 0.93€ + 0.07€ level: 3 - HandId: #2676334863920922625-11-1673820536 - Holdem no limit (20/40) - 2023/01/15 22:08:56 UTC
Table: 'Expresso Nitro(623132769)#0' 3-max (real money) Seat #2 is the button
Seat 1: Dimoro (622)
Seat 2: _SKR (278)
*** ANTE/BLINDS ***
_SKR posts small blind 20
Dimoro posts big blind 40
Dealt to _SKR [7d 7s]
*** PRE-FLOP *** 
_SKR raises 238 to 278 and is all-in
Dimoro folds
_SKR collected 318 from pot
*** SUMMARY ***
Total pot 318 | No rake
Seat 2: _SKR (small blind) (button) won 318


Winamax Poker - Tournament "Expresso Nitro" buyIn: 0.93€ + 0.07€ level: 3 - HandId: #2676334863920922625-12-1673820545 - Holdem no limit (20/40) - 2023/01/15 22:09:05 UTC
Table: 'Expresso Nitro(623132769)#0' 3-max (real money) Seat #1 is the button
Seat 1: Dimoro (582)
Seat 2: _SKR (318)
*** ANTE/BLINDS ***
Dimoro posts small blind 20
_SKR posts big blind 40
Dealt to _SKR [8s 9c]
*** PRE-FLOP *** 
Dimoro raises 542 to 582 and is all-in
_SKR folds
Dimoro collected 622 from pot
*** SUMMARY ***
Total pot 622 | No rake
Seat 1: Dimoro (small blind) (button) won 622


Winamax Poker - Tournament "Expresso Nitro" buyIn: 0.93€ + 0.07€ level: 3 - HandId: #2676334863920922625-13-1673820550 - Holdem no limit (20/40) - 2023/01/15 22:09:10 UTC
Table: 'Expresso Nitro(623132769)#0' 3-max (real money) Seat #2 is the button
Seat 1: Dimoro (622)
Seat 2: _SKR (278)
*** ANTE/BLINDS ***
_SKR posts small blind 20
Dimoro posts big blind 40
Dealt to _SKR [7s 4h]
*** PRE-FLOP *** 
_SKR folds
Dimoro collected 60 from pot
*** SUMMARY ***
Total pot 60 | No rake
Seat 1: Dimoro (big blind) won 60


Winamax Poker - Tournament "Expresso Nitro" buyIn: 0.93€ + 0.07€ level: 3 - HandId: #2676334863920922625-14-1673820561 - Holdem no limit (20/40) - 2023/01/15 22:09:21 UTC
Table: 'Expresso Nitro(623132769)#0' 3-max (real money) Seat #1 is the button
Seat 1: Dimoro (642)
Seat 2: _SKR (258)
*** ANTE/BLINDS ***
Dimoro posts small blind 20
_SKR posts big blind 40
Dealt to _SKR [Kc Th]
*** PRE-FLOP *** 
Dimoro raises 602 to 642 and is all-in
_SKR calls 218 and is all-in
*** FLOP *** [9s Ks 8d]
*** TURN *** [9s Ks 8d][Qh]
*** RIVER *** [9s Ks 8d Qh][8c]
*** SHOW DOWN ***
Dimoro shows [Ah Qc] (Two pairs : Queens and 8)
_SKR shows [Kc Th] (Two pairs : Kings and 8)
_SKR collected 516 from main pot
Dimoro collected 384 from side pot 1
*** SUMMARY ***
Total pot 900 | No rake
Board: [9s Ks 8d Qh 8c]
Seat 1: Dimoro (small blind) (button) showed [Ah Qc] and won 384 with Two pairs : Queens and 8
Seat 2: _SKR (big blind) showed [Kc Th] and won 516 with Two pairs : Kings and 8


Winamax Poker - Tournament "Expresso Nitro" buyIn: 0.93€ + 0.07€ level: 3 - HandId: #2676334863920922625-15-1673820573 - Holdem no limit (20/40) - 2023/01/15 22:09:33 UTC
Table: 'Expresso Nitro(623132769)#0' 3-max (real money) Seat #2 is the button
Seat 1: Dimoro (384)
Seat 2: _SKR (516)
*** ANTE/BLINDS ***
_SKR posts small blind 20
Dimoro posts big blind 40
Dealt to _SKR [6h 4d]
*** PRE-FLOP *** 
_SKR folds
Dimoro collected 60 from pot
*** SUMMARY ***
Total pot 60 | No rake
Seat 1: Dimoro (big blind) won 60


Winamax Poker - Tournament "Expresso Nitro" buyIn: 0.93€ + 0.07€ level: 3 - HandId: #2676334863920922625-16-1673820580 - Holdem no limit (20/40) - 2023/01/15 22:09:40 UTC
Table: 'Expresso Nitro(623132769)#0' 3-max (real money) Seat #1 is the button
Seat 1: Dimoro (404)
Seat 2: _SKR (496)
*** ANTE/BLINDS ***
Dimoro posts small blind 20
_SKR posts big blind 40
Dealt to _SKR [Ks 6s]
*** PRE-FLOP *** 
Dimoro calls 20
_SKR raises 456 to 496 and is all-in
Dimoro folds
_SKR collected 536 from pot
*** SUMMARY ***
Total pot 536 | No rake
Seat 2: _SKR (big blind) won 536


Winamax Poker - Tournament "Expresso Nitro" buyIn: 0.93€ + 0.07€ level: 4 - HandId: #2676334863920922625-17-1673820587 - Holdem no limit (30/60) - 2023/01/15 22:09:47 UTC
Table: 'Expresso Nitro(623132769)#0' 3-max (real money) Seat #2 is the button
Seat 1: Dimoro (364)
Seat 2: _SKR (536)
*** ANTE/BLINDS ***
_SKR posts small blind 30
Dimoro posts big blind 60
Dealt to _SKR [Ad 7c]
*** PRE-FLOP *** 
_SKR raises 476 to 536 and is all-in
Dimoro folds
_SKR collected 596 from pot
*** SUMMARY ***
Total pot 596 | No rake
Seat 2: _SKR (small blind) (button) won 596


Winamax Poker - Tournament "Expresso Nitro" buyIn: 0.93€ + 0.07€ level: 4 - HandId: #2676334863920922625-18-1673820594 - Holdem no limit (30/60) - 2023/01/15 22:09:54 UTC
Table: 'Expresso Nitro(623132769)#0' 3-max (real money) Seat #1 is the button
Seat 1: Dimoro (304)
Seat 2: _SKR (596)
*** ANTE/BLINDS ***
Dimoro posts small blind 30
_SKR posts big blind 60
Dealt to _SKR [6s 2c]
*** PRE-FLOP *** 
Dimoro raises 244 to 304 and is all-in
_SKR folds
Dimoro collected 364 from pot
*** SUMMARY ***
Total pot 364 | No rake
Seat 1: Dimoro (small blind) (button) won 364


Winamax Poker - Tournament "Expresso Nitro" buyIn: 0.93€ + 0.07€ level: 4 - HandId: #2676334863920922625-19-1673820601 - Holdem no limit (30/60) - 2023/01/15 22:10:01 UTC
Table: 'Expresso Nitro(623132769)#0' 3-max (real money) Seat #2 is the button
Seat 1: Dimoro (364)
Seat 2: _SKR (536)
*** ANTE/BLINDS ***
_SKR posts small blind 30
Dimoro posts big blind 60
Dealt to _SKR [4s Kh]
*** PRE-FLOP *** 
_SKR raises 476 to 536 and is all-in
Dimoro calls 304 and is all-in
*** FLOP *** [9s 3c 3s]
*** TURN *** [9s 3c 3s][6c]
*** RIVER *** [9s 3c 3s 6c][2s]
*** SHOW DOWN ***
Dimoro shows [Ah 2d] (Two pairs : 3 and 2)
_SKR shows [4s Kh] (One pair : 3)
_SKR collected 172 from side pot 1
Dimoro collected 728 from main pot
*** SUMMARY ***
Total pot 900 | No rake
Board: [9s 3c 3s 6c 2s]
Seat 1: Dimoro (big blind) showed [Ah 2d] and won 728 with Two pairs : 3 and 2
Seat 2: _SKR (small blind) (button) showed [4s Kh] and won 172 with One pair : 3


Winamax Poker - Tournament "Expresso Nitro" buyIn: 0.93€ + 0.07€ level: 4 - HandId: #2676334863920922625-20-1673820612 - Holdem no limit (30/60) - 2023/01/15 22:10:12 UTC
Table: 'Expresso Nitro(623132769)#0' 3-max (real money) Seat #1 is the button
Seat 1: Dimoro (728)
Seat 2: _SKR (172)
*** ANTE/BLINDS ***
Dimoro posts small blind 30
_SKR posts big blind 60
Dealt to _SKR [Ks 8s]
*** PRE-FLOP *** 
Dimoro folds
_SKR collected 90 from pot
*** SUMMARY ***
Total pot 90 | No rake
Seat 2: _SKR (big blind) won 90


Winamax Poker - Tournament "Expresso Nitro" buyIn: 0.93€ + 0.07€ level: 4 - HandId: #2676334863920922625-21-1673820618 - Holdem no limit (30/60) - 2023/01/15 22:10:18 UTC
Table: 'Expresso Nitro(623132769)#0' 3-max (real money) Seat #2 is the button
Seat 1: Dimoro (698)
Seat 2: _SKR (202)
*** ANTE/BLINDS ***
_SKR posts small blind 30
Dimoro posts big blind 60
Dealt to _SKR [Ts 6d]
*** PRE-FLOP *** 
_SKR folds
Dimoro collected 90 from pot
*** SUMMARY ***
Total pot 90 | No rake
Seat 1: Dimoro (big blind) won 90


Winamax Poker - Tournament "Expresso Nitro" buyIn: 0.93€ + 0.07€ level: 4 - HandId: #2676334863920922625-22-1673820623 - Holdem no limit (30/60) - 2023/01/15 22:10:23 UTC
Table: 'Expresso Nitro(623132769)#0' 3-max (real money) Seat #1 is the button
Seat 1: Dimoro (728)
Seat 2: _SKR (172)
*** ANTE/BLINDS ***
Dimoro posts small blind 30
_SKR posts big blind 60
Dealt to _SKR [9h Ks]
*** PRE-FLOP *** 
Dimoro raises 668 to 728 and is all-in
_SKR calls 112 and is all-in
*** FLOP *** [Qd Qs 3d]
*** TURN *** [Qd Qs 3d][3c]
*** RIVER *** [Qd Qs 3d 3c][6c]
*** SHOW DOWN ***
_SKR shows [9h Ks] (Two pairs : Queens and 3)
Dimoro shows [Ad Tc] (Two pairs : Queens and 3)
Dimoro collected 900 from pot
*** SUMMARY ***
Total pot 900 | No rake
Board: [Qd Qs 3d 3c 6c]
Seat 1: Dimoro (small blind) (button) showed [Ad Tc] and won 900 with Two pairs : Queens and 3
Seat 2: _SKR (big blind) showed [9h Ks] and lost with Two pairs : Queens and 3


