Winamax Poker - Tournament "Expresso Nitro" buyIn: 0.93€ + 0.07€ level: 1 - HandId: #2666585245209329665-1-1673283960 - Holdem no limit (10/20) - 2023/01/09 17:06:00 UTC
Table: 'Expresso Nitro(620862759)#0' 3-max (real money) Seat #1 is the button
Seat 1: _SKR (300)
Seat 2: dalmeciga (300)
Seat 3: Stepo76 (300)
*** ANTE/BLINDS ***
dalmeciga posts small blind 10
Stepo76 posts big blind 20
Dealt to _SKR [Ks 5d]
*** PRE-FLOP *** 
_SKR folds
dalmeciga folds
Stepo76 collected 30 from pot
*** SUMMARY ***
Total pot 30 | No rake
Seat 3: Stepo76 (big blind) won 30


Winamax Poker - Tournament "Expresso Nitro" buyIn: 0.93€ + 0.07€ level: 1 - HandId: #2666585245209329665-2-1673283973 - Holdem no limit (10/20) - 2023/01/09 17:06:13 UTC
Table: 'Expresso Nitro(620862759)#0' 3-max (real money) Seat #2 is the button
Seat 1: _SKR (300)
Seat 2: dalmeciga (290)
Seat 3: Stepo76 (310)
*** ANTE/BLINDS ***
Stepo76 posts small blind 10
_SKR posts big blind 20
Dealt to _SKR [5c 9d]
*** PRE-FLOP *** 
dalmeciga folds
Stepo76 raises 290 to 310 and is all-in
_SKR folds
Stepo76 collected 330 from pot
*** SUMMARY ***
Total pot 330 | No rake
Seat 3: Stepo76 (small blind) won 330


Winamax Poker - Tournament "Expresso Nitro" buyIn: 0.93€ + 0.07€ level: 1 - HandId: #2666585245209329665-3-1673283986 - Holdem no limit (10/20) - 2023/01/09 17:06:26 UTC
Table: 'Expresso Nitro(620862759)#0' 3-max (real money) Seat #3 is the button
Seat 1: _SKR (280)
Seat 2: dalmeciga (290)
Seat 3: Stepo76 (330)
*** ANTE/BLINDS ***
_SKR posts small blind 10
dalmeciga posts big blind 20
Dealt to _SKR [Js Ks]
*** PRE-FLOP *** 
Stepo76 raises 310 to 330 and is all-in
_SKR folds
dalmeciga folds
Stepo76 collected 360 from pot
*** SUMMARY ***
Total pot 360 | No rake
Seat 3: Stepo76 (button) won 360


Winamax Poker - Tournament "Expresso Nitro" buyIn: 0.93€ + 0.07€ level: 1 - HandId: #2666585245209329665-4-1673283995 - Holdem no limit (10/20) - 2023/01/09 17:06:35 UTC
Table: 'Expresso Nitro(620862759)#0' 3-max (real money) Seat #1 is the button
Seat 1: _SKR (270)
Seat 2: dalmeciga (270)
Seat 3: Stepo76 (360)
*** ANTE/BLINDS ***
dalmeciga posts small blind 10
Stepo76 posts big blind 20
Dealt to _SKR [4h Qs]
*** PRE-FLOP *** 
_SKR folds
dalmeciga calls 10
Stepo76 checks
*** FLOP *** [2d 4c 6h]
dalmeciga bets 250 and is all-in
Stepo76 folds
dalmeciga collected 290 from pot
*** SUMMARY ***
Total pot 290 | No rake
Board: [2d 4c 6h]
Seat 2: dalmeciga (small blind) won 290


Winamax Poker - Tournament "Expresso Nitro" buyIn: 0.93€ + 0.07€ level: 2 - HandId: #2666585245209329665-5-1673284017 - Holdem no limit (15/30) - 2023/01/09 17:06:57 UTC
Table: 'Expresso Nitro(620862759)#0' 3-max (real money) Seat #2 is the button
Seat 1: _SKR (270)
Seat 2: dalmeciga (290)
Seat 3: Stepo76 (340)
*** ANTE/BLINDS ***
Stepo76 posts small blind 15
_SKR posts big blind 30
Dealt to _SKR [5s Qc]
*** PRE-FLOP *** 
dalmeciga calls 30
Stepo76 folds
_SKR checks
*** FLOP *** [Qd 5h Tc]
_SKR checks
dalmeciga bets 260 and is all-in
_SKR calls 240 and is all-in
*** TURN *** [Qd 5h Tc][Ad]
*** RIVER *** [Qd 5h Tc Ad][8s]
*** SHOW DOWN ***
_SKR shows [5s Qc] (Two pairs : Queens and 5)
dalmeciga shows [Ts Jh] (One pair : Tens)
dalmeciga collected 20 from side pot 1
_SKR collected 555 from main pot
*** SUMMARY ***
Total pot 575 | No rake
Board: [Qd 5h Tc Ad 8s]
Seat 1: _SKR (big blind) showed [5s Qc] and won 555 with Two pairs : Queens and 5
Seat 2: dalmeciga (button) showed [Ts Jh] and won 20 with One pair : Tens


Winamax Poker - Tournament "Expresso Nitro" buyIn: 0.93€ + 0.07€ level: 2 - HandId: #2666585245209329665-6-1673284037 - Holdem no limit (15/30) - 2023/01/09 17:07:17 UTC
Table: 'Expresso Nitro(620862759)#0' 3-max (real money) Seat #3 is the button
Seat 1: _SKR (555)
Seat 2: dalmeciga (20)
Seat 3: Stepo76 (325)
*** ANTE/BLINDS ***
_SKR posts small blind 15
dalmeciga posts big blind 20 and is all-in
Dealt to _SKR [Kc Ad]
*** PRE-FLOP *** 
Stepo76 folds
_SKR raises 40 to 60
*** FLOP *** [2h Jh 4h]
*** TURN *** [2h Jh 4h][7s]
*** RIVER *** [2h Jh 4h 7s][7d]
*** SHOW DOWN ***
dalmeciga shows [8c 5h] (One pair : 7)
_SKR shows [Kc Ad] (One pair : 7)
_SKR collected 80 from pot
*** SUMMARY ***
Total pot 80 | No rake
Board: [2h Jh 4h 7s 7d]
Seat 1: _SKR (small blind) showed [Kc Ad] and won 80 with One pair : 7
Seat 2: dalmeciga (big blind) showed [8c 5h] and lost with One pair : 7


Winamax Poker - Tournament "Expresso Nitro" buyIn: 0.93€ + 0.07€ level: 2 - HandId: #2666585245209329665-7-1673284050 - Holdem no limit (15/30) - 2023/01/09 17:07:30 UTC
Table: 'Expresso Nitro(620862759)#0' 3-max (real money) Seat #3 is the button
Seat 1: _SKR (575)
Seat 3: Stepo76 (325)
*** ANTE/BLINDS ***
Stepo76 posts small blind 15
_SKR posts big blind 30
Dealt to _SKR [Qc Qh]
*** PRE-FLOP *** 
Stepo76 folds
_SKR collected 45 from pot
*** SUMMARY ***
Total pot 45 | No rake
Seat 1: _SKR (big blind) won 45


Winamax Poker - Tournament "Expresso Nitro" buyIn: 0.93€ + 0.07€ level: 2 - HandId: #2666585245209329665-8-1673284054 - Holdem no limit (15/30) - 2023/01/09 17:07:34 UTC
Table: 'Expresso Nitro(620862759)#0' 3-max (real money) Seat #1 is the button
Seat 1: _SKR (590)
Seat 3: Stepo76 (310)
*** ANTE/BLINDS ***
_SKR posts small blind 15
Stepo76 posts big blind 30
Dealt to _SKR [4d 5s]
*** PRE-FLOP *** 
_SKR folds
Stepo76 collected 45 from pot
*** SUMMARY ***
Total pot 45 | No rake
Seat 3: Stepo76 (big blind) won 45


Winamax Poker - Tournament "Expresso Nitro" buyIn: 0.93€ + 0.07€ level: 2 - HandId: #2666585245209329665-9-1673284058 - Holdem no limit (15/30) - 2023/01/09 17:07:38 UTC
Table: 'Expresso Nitro(620862759)#0' 3-max (real money) Seat #3 is the button
Seat 1: _SKR (575)
Seat 3: Stepo76 (325)
*** ANTE/BLINDS ***
Stepo76 posts small blind 15
_SKR posts big blind 30
Dealt to _SKR [9d 6c]
*** PRE-FLOP *** 
Stepo76 calls 15
_SKR checks
*** FLOP *** [Jd Qs 3d]
_SKR checks
Stepo76 checks
*** TURN *** [Jd Qs 3d][2d]
_SKR bets 48
Stepo76 calls 48
*** RIVER *** [Jd Qs 3d 2d][Ah]
_SKR checks
Stepo76 bets 247 and is all-in
_SKR folds
Stepo76 collected 403 from pot
*** SUMMARY ***
Total pot 403 | No rake
Board: [Jd Qs 3d 2d Ah]
Seat 3: Stepo76 (small blind) (button) won 403


Winamax Poker - Tournament "Expresso Nitro" buyIn: 0.93€ + 0.07€ level: 3 - HandId: #2666585245209329665-10-1673284083 - Holdem no limit (20/40) - 2023/01/09 17:08:03 UTC
Table: 'Expresso Nitro(620862759)#0' 3-max (real money) Seat #1 is the button
Seat 1: _SKR (497)
Seat 3: Stepo76 (403)
*** ANTE/BLINDS ***
_SKR posts small blind 20
Stepo76 posts big blind 40
Dealt to _SKR [Kc 7d]
*** PRE-FLOP *** 
_SKR raises 457 to 497 and is all-in
Stepo76 folds
_SKR collected 537 from pot
*** SUMMARY ***
Total pot 537 | No rake
Seat 1: _SKR (small blind) (button) won 537


Winamax Poker - Tournament "Expresso Nitro" buyIn: 0.93€ + 0.07€ level: 3 - HandId: #2666585245209329665-11-1673284091 - Holdem no limit (20/40) - 2023/01/09 17:08:11 UTC
Table: 'Expresso Nitro(620862759)#0' 3-max (real money) Seat #3 is the button
Seat 1: _SKR (537)
Seat 3: Stepo76 (363)
*** ANTE/BLINDS ***
Stepo76 posts small blind 20
_SKR posts big blind 40
Dealt to _SKR [Jc 3h]
*** PRE-FLOP *** 
Stepo76 raises 323 to 363 and is all-in
_SKR folds
Stepo76 collected 403 from pot
*** SUMMARY ***
Total pot 403 | No rake
Seat 3: Stepo76 (small blind) (button) won 403


Winamax Poker - Tournament "Expresso Nitro" buyIn: 0.93€ + 0.07€ level: 3 - HandId: #2666585245209329665-12-1673284096 - Holdem no limit (20/40) - 2023/01/09 17:08:16 UTC
Table: 'Expresso Nitro(620862759)#0' 3-max (real money) Seat #1 is the button
Seat 1: _SKR (497)
Seat 3: Stepo76 (403)
*** ANTE/BLINDS ***
_SKR posts small blind 20
Stepo76 posts big blind 40
Dealt to _SKR [2h Jd]
*** PRE-FLOP *** 
_SKR folds
Stepo76 collected 60 from pot
*** SUMMARY ***
Total pot 60 | No rake
Seat 3: Stepo76 (big blind) won 60


Winamax Poker - Tournament "Expresso Nitro" buyIn: 0.93€ + 0.07€ level: 3 - HandId: #2666585245209329665-13-1673284099 - Holdem no limit (20/40) - 2023/01/09 17:08:19 UTC
Table: 'Expresso Nitro(620862759)#0' 3-max (real money) Seat #3 is the button
Seat 1: _SKR (477)
Seat 3: Stepo76 (423)
*** ANTE/BLINDS ***
Stepo76 posts small blind 20
_SKR posts big blind 40
Dealt to _SKR [Ts 2s]
*** PRE-FLOP *** 
Stepo76 raises 383 to 423 and is all-in
_SKR folds
Stepo76 collected 463 from pot
*** SUMMARY ***
Total pot 463 | No rake
Seat 3: Stepo76 (small blind) (button) won 463


Winamax Poker - Tournament "Expresso Nitro" buyIn: 0.93€ + 0.07€ level: 3 - HandId: #2666585245209329665-14-1673284106 - Holdem no limit (20/40) - 2023/01/09 17:08:26 UTC
Table: 'Expresso Nitro(620862759)#0' 3-max (real money) Seat #1 is the button
Seat 1: _SKR (437)
Seat 3: Stepo76 (463)
*** ANTE/BLINDS ***
_SKR posts small blind 20
Stepo76 posts big blind 40
Dealt to _SKR [7h Ts]
*** PRE-FLOP *** 
_SKR folds
Stepo76 collected 60 from pot
*** SUMMARY ***
Total pot 60 | No rake
Seat 3: Stepo76 (big blind) won 60


Winamax Poker - Tournament "Expresso Nitro" buyIn: 0.93€ + 0.07€ level: 3 - HandId: #2666585245209329665-15-1673284110 - Holdem no limit (20/40) - 2023/01/09 17:08:30 UTC
Table: 'Expresso Nitro(620862759)#0' 3-max (real money) Seat #3 is the button
Seat 1: _SKR (417)
Seat 3: Stepo76 (483)
*** ANTE/BLINDS ***
Stepo76 posts small blind 20
_SKR posts big blind 40
Dealt to _SKR [2h 2s]
*** PRE-FLOP *** 
Stepo76 calls 20
_SKR raises 377 to 417 and is all-in
Stepo76 folds
_SKR collected 457 from pot
*** SUMMARY ***
Total pot 457 | No rake
Seat 1: _SKR (big blind) won 457


Winamax Poker - Tournament "Expresso Nitro" buyIn: 0.93€ + 0.07€ level: 3 - HandId: #2666585245209329665-16-1673284119 - Holdem no limit (20/40) - 2023/01/09 17:08:39 UTC
Table: 'Expresso Nitro(620862759)#0' 3-max (real money) Seat #1 is the button
Seat 1: _SKR (457)
Seat 3: Stepo76 (443)
*** ANTE/BLINDS ***
_SKR posts small blind 20
Stepo76 posts big blind 40
Dealt to _SKR [Jd 6c]
*** PRE-FLOP *** 
_SKR folds
Stepo76 collected 60 from pot
*** SUMMARY ***
Total pot 60 | No rake
Seat 3: Stepo76 (big blind) won 60


Winamax Poker - Tournament "Expresso Nitro" buyIn: 0.93€ + 0.07€ level: 3 - HandId: #2666585245209329665-17-1673284123 - Holdem no limit (20/40) - 2023/01/09 17:08:43 UTC
Table: 'Expresso Nitro(620862759)#0' 3-max (real money) Seat #3 is the button
Seat 1: _SKR (437)
Seat 3: Stepo76 (463)
*** ANTE/BLINDS ***
Stepo76 posts small blind 20
_SKR posts big blind 40
Dealt to _SKR [Qd 3s]
*** PRE-FLOP *** 
Stepo76 folds
_SKR collected 60 from pot
*** SUMMARY ***
Total pot 60 | No rake
Seat 1: _SKR (big blind) won 60


Winamax Poker - Tournament "Expresso Nitro" buyIn: 0.93€ + 0.07€ level: 3 - HandId: #2666585245209329665-18-1673284126 - Holdem no limit (20/40) - 2023/01/09 17:08:46 UTC
Table: 'Expresso Nitro(620862759)#0' 3-max (real money) Seat #1 is the button
Seat 1: _SKR (457)
Seat 3: Stepo76 (443)
*** ANTE/BLINDS ***
_SKR posts small blind 20
Stepo76 posts big blind 40
Dealt to _SKR [3h 5d]
*** PRE-FLOP *** 
_SKR folds
Stepo76 collected 60 from pot
*** SUMMARY ***
Total pot 60 | No rake
Seat 3: Stepo76 (big blind) won 60


Winamax Poker - Tournament "Expresso Nitro" buyIn: 0.93€ + 0.07€ level: 3 - HandId: #2666585245209329665-19-1673284130 - Holdem no limit (20/40) - 2023/01/09 17:08:50 UTC
Table: 'Expresso Nitro(620862759)#0' 3-max (real money) Seat #3 is the button
Seat 1: _SKR (437)
Seat 3: Stepo76 (463)
*** ANTE/BLINDS ***
Stepo76 posts small blind 20
_SKR posts big blind 40
Dealt to _SKR [2d 5c]
*** PRE-FLOP *** 
Stepo76 raises 423 to 463 and is all-in
_SKR folds
Stepo76 collected 503 from pot
*** SUMMARY ***
Total pot 503 | No rake
Seat 3: Stepo76 (small blind) (button) won 503


Winamax Poker - Tournament "Expresso Nitro" buyIn: 0.93€ + 0.07€ level: 3 - HandId: #2666585245209329665-20-1673284134 - Holdem no limit (20/40) - 2023/01/09 17:08:54 UTC
Table: 'Expresso Nitro(620862759)#0' 3-max (real money) Seat #1 is the button
Seat 1: _SKR (397)
Seat 3: Stepo76 (503)
*** ANTE/BLINDS ***
_SKR posts small blind 20
Stepo76 posts big blind 40
Dealt to _SKR [As 8c]
*** PRE-FLOP *** 
_SKR raises 357 to 397 and is all-in
Stepo76 folds
_SKR collected 437 from pot
*** SUMMARY ***
Total pot 437 | No rake
Seat 1: _SKR (small blind) (button) won 437


Winamax Poker - Tournament "Expresso Nitro" buyIn: 0.93€ + 0.07€ level: 4 - HandId: #2666585245209329665-21-1673284139 - Holdem no limit (30/60) - 2023/01/09 17:08:59 UTC
Table: 'Expresso Nitro(620862759)#0' 3-max (real money) Seat #3 is the button
Seat 1: _SKR (437)
Seat 3: Stepo76 (463)
*** ANTE/BLINDS ***
Stepo76 posts small blind 30
_SKR posts big blind 60
Dealt to _SKR [Th 7d]
*** PRE-FLOP *** 
Stepo76 raises 403 to 463 and is all-in
_SKR folds
Stepo76 collected 523 from pot
*** SUMMARY ***
Total pot 523 | No rake
Seat 3: Stepo76 (small blind) (button) won 523


Winamax Poker - Tournament "Expresso Nitro" buyIn: 0.93€ + 0.07€ level: 4 - HandId: #2666585245209329665-22-1673284145 - Holdem no limit (30/60) - 2023/01/09 17:09:05 UTC
Table: 'Expresso Nitro(620862759)#0' 3-max (real money) Seat #1 is the button
Seat 1: _SKR (377)
Seat 3: Stepo76 (523)
*** ANTE/BLINDS ***
_SKR posts small blind 30
Stepo76 posts big blind 60
Dealt to _SKR [4c 9c]
*** PRE-FLOP *** 
_SKR calls 30
Stepo76 checks
*** FLOP *** [5d Tc 6c]
Stepo76 bets 463 and is all-in
_SKR calls 317 and is all-in
*** TURN *** [5d Tc 6c][Kd]
*** RIVER *** [5d Tc 6c Kd][3h]
*** SHOW DOWN ***
_SKR shows [4c 9c] (High card : King)
Stepo76 shows [6h 4h] (One pair : 6)
Stepo76 collected 900 from pot
*** SUMMARY ***
Total pot 900 | No rake
Board: [5d Tc 6c Kd 3h]
Seat 1: _SKR (small blind) (button) showed [4c 9c] and lost with High card : King
Seat 3: Stepo76 (big blind) showed [6h 4h] and won 900 with One pair : 6


