Winamax Poker - Tournament "Expresso Nitro" buyIn: 0.93€ + 0.07€ level: 1 - HandId: #2717547411588251649-1-1676226506 - Holdem no limit (10/20) - 2023/02/12 18:28:26 UTC
Table: 'Expresso Nitro(632728313)#0' 3-max (real money) Seat #3 is the button
Seat 1: _SKR (300)
Seat 2: Jyhen (300)
Seat 3: Easyconaces (300)
*** ANTE/BLINDS ***
_SKR posts small blind 10
Jyhen posts big blind 20
Dealt to _SKR [5h 7h]
*** PRE-FLOP *** 
Easyconaces calls 20
_SKR folds
Jyhen checks
*** FLOP *** [8h 8d Ah]
Jyhen checks
Easyconaces checks
*** TURN *** [8h 8d Ah][4d]
Jyhen checks
Easyconaces checks
*** RIVER *** [8h 8d Ah 4d][2d]
Jyhen bets 20
Easyconaces folds
Jyhen collected 70 from pot
*** SUMMARY ***
Total pot 70 | No rake
Board: [8h 8d Ah 4d 2d]
Seat 2: Jyhen (big blind) won 70


Winamax Poker - Tournament "Expresso Nitro" buyIn: 0.93€ + 0.07€ level: 1 - HandId: #2717547411588251649-2-1676226535 - Holdem no limit (10/20) - 2023/02/12 18:28:55 UTC
Table: 'Expresso Nitro(632728313)#0' 3-max (real money) Seat #1 is the button
Seat 1: _SKR (290)
Seat 2: Jyhen (330)
Seat 3: Easyconaces (280)
*** ANTE/BLINDS ***
Jyhen posts small blind 10
Easyconaces posts big blind 20
Dealt to _SKR [3c 3h]
*** PRE-FLOP *** 
_SKR raises 270 to 290 and is all-in
Jyhen folds
Easyconaces folds
_SKR collected 320 from pot
*** SUMMARY ***
Total pot 320 | No rake
Seat 1: _SKR (button) won 320


Winamax Poker - Tournament "Expresso Nitro" buyIn: 0.93€ + 0.07€ level: 1 - HandId: #2717547411588251649-3-1676226544 - Holdem no limit (10/20) - 2023/02/12 18:29:04 UTC
Table: 'Expresso Nitro(632728313)#0' 3-max (real money) Seat #2 is the button
Seat 1: _SKR (320)
Seat 2: Jyhen (320)
Seat 3: Easyconaces (260)
*** ANTE/BLINDS ***
Easyconaces posts small blind 10
_SKR posts big blind 20
Dealt to _SKR [6c Jd]
*** PRE-FLOP *** 
Jyhen calls 20
Easyconaces calls 10
_SKR checks
*** FLOP *** [3c Ts 6d]
Easyconaces checks
_SKR checks
Jyhen bets 20
Easyconaces folds
_SKR folds
Jyhen collected 80 from pot
*** SUMMARY ***
Total pot 80 | No rake
Board: [3c Ts 6d]
Seat 2: Jyhen (button) won 80


Winamax Poker - Tournament "Expresso Nitro" buyIn: 0.93€ + 0.07€ level: 2 - HandId: #2717547411588251649-4-1676226578 - Holdem no limit (15/30) - 2023/02/12 18:29:38 UTC
Table: 'Expresso Nitro(632728313)#0' 3-max (real money) Seat #3 is the button
Seat 1: _SKR (300)
Seat 2: Jyhen (360)
Seat 3: Easyconaces (240)
*** ANTE/BLINDS ***
_SKR posts small blind 15
Jyhen posts big blind 30
Dealt to _SKR [9c 5h]
*** PRE-FLOP *** 
Easyconaces folds
_SKR folds
Jyhen collected 45 from pot
*** SUMMARY ***
Total pot 45 | No rake
Seat 2: Jyhen (big blind) won 45


Winamax Poker - Tournament "Expresso Nitro" buyIn: 0.93€ + 0.07€ level: 2 - HandId: #2717547411588251649-5-1676226584 - Holdem no limit (15/30) - 2023/02/12 18:29:44 UTC
Table: 'Expresso Nitro(632728313)#0' 3-max (real money) Seat #1 is the button
Seat 1: _SKR (285)
Seat 2: Jyhen (375)
Seat 3: Easyconaces (240)
*** ANTE/BLINDS ***
Jyhen posts small blind 15
Easyconaces posts big blind 30
Dealt to _SKR [Ac 2h]
*** PRE-FLOP *** 
_SKR raises 255 to 285 and is all-in
Jyhen folds
Easyconaces calls 210 and is all-in
*** FLOP *** [Th 4h Qh]
*** TURN *** [Th 4h Qh][9h]
*** RIVER *** [Th 4h Qh 9h][Jd]
*** SHOW DOWN ***
Easyconaces shows [6c Ad] (High card : Ace)
_SKR shows [Ac 2h] (Flush Queen high)
_SKR collected 540 from pot
*** SUMMARY ***
Total pot 540 | No rake
Board: [Th 4h Qh 9h Jd]
Seat 1: _SKR (button) showed [Ac 2h] and won 540 with Flush Queen high
Seat 3: Easyconaces (big blind) showed [6c Ad] and lost with High card : Ace


Winamax Poker - Tournament "Expresso Nitro" buyIn: 0.93€ + 0.07€ level: 2 - HandId: #2717547411588251649-6-1676226600 - Holdem no limit (15/30) - 2023/02/12 18:30:00 UTC
Table: 'Expresso Nitro(632728313)#0' 3-max (real money) Seat #1 is the button
Seat 1: _SKR (540)
Seat 2: Jyhen (360)
*** ANTE/BLINDS ***
_SKR posts small blind 15
Jyhen posts big blind 30
Dealt to _SKR [5d Qs]
*** PRE-FLOP *** 
_SKR calls 15
Jyhen checks
*** FLOP *** [5c 2d As]
Jyhen checks
_SKR checks
*** TURN *** [5c 2d As][3h]
Jyhen checks
_SKR checks
*** RIVER *** [5c 2d As 3h][Qd]
Jyhen bets 30
_SKR raises 45 to 75
Jyhen calls 45
*** SHOW DOWN ***
Jyhen shows [Kh 8h] (High card : Ace)
_SKR shows [5d Qs] (Two pairs : Queens and 5)
_SKR collected 210 from pot
*** SUMMARY ***
Total pot 210 | No rake
Board: [5c 2d As 3h Qd]
Seat 1: _SKR (small blind) (button) showed [5d Qs] and won 210 with Two pairs : Queens and 5
Seat 2: Jyhen (big blind) showed [Kh 8h] and lost with High card : Ace


Winamax Poker - Tournament "Expresso Nitro" buyIn: 0.93€ + 0.07€ level: 3 - HandId: #2717547411588251649-7-1676226645 - Holdem no limit (20/40) - 2023/02/12 18:30:45 UTC
Table: 'Expresso Nitro(632728313)#0' 3-max (real money) Seat #2 is the button
Seat 1: _SKR (645)
Seat 2: Jyhen (255)
*** ANTE/BLINDS ***
Jyhen posts small blind 20
_SKR posts big blind 40
Dealt to _SKR [As 5h]
*** PRE-FLOP *** 
Jyhen calls 20
_SKR raises 605 to 645 and is all-in
Jyhen calls 215 and is all-in
*** FLOP *** [7d 4d 6h]
*** TURN *** [7d 4d 6h][8d]
*** RIVER *** [7d 4d 6h 8d][2s]
*** SHOW DOWN ***
Jyhen shows [Qc Tc] (High card : Queen)
_SKR shows [As 5h] (Straight 8 high)
_SKR collected 900 from pot
*** SUMMARY ***
Total pot 900 | No rake
Board: [7d 4d 6h 8d 2s]
Seat 1: _SKR (big blind) showed [As 5h] and won 900 with Straight 8 high
Seat 2: Jyhen (small blind) (button) showed [Qc Tc] and lost with High card : Queen


