Winamax Poker - Tournament "Expresso Nitro" buyIn: 0.93€ + 0.07€ level: 1 - HandId: #2730589101257392129-1-1676987287 - Holdem no limit (10/20) - 2023/02/21 13:48:07 UTC
Table: 'Expresso Nitro(635764818)#0' 3-max (real money) Seat #1 is the button
Seat 1: Sen17000 (300)
Seat 2: Stefano38100 (300)
Seat 3: _SKR (300)
*** ANTE/BLINDS ***
Stefano38100 posts small blind 10
_SKR posts big blind 20
Dealt to _SKR [7h Ts]
*** PRE-FLOP *** 
Sen17000 raises 20 to 40
Stefano38100 calls 30
_SKR folds
*** FLOP *** [3d Ah 9h]
Stefano38100 checks
Sen17000 bets 30
Stefano38100 folds
Sen17000 collected 130 from pot
*** SUMMARY ***
Total pot 130 | No rake
Board: [3d Ah 9h]
Seat 1: Sen17000 (button) won 130


Winamax Poker - Tournament "Expresso Nitro" buyIn: 0.93€ + 0.07€ level: 1 - HandId: #2730589101257392129-2-1676987309 - Holdem no limit (10/20) - 2023/02/21 13:48:29 UTC
Table: 'Expresso Nitro(635764818)#0' 3-max (real money) Seat #2 is the button
Seat 1: Sen17000 (360)
Seat 2: Stefano38100 (260)
Seat 3: _SKR (280)
*** ANTE/BLINDS ***
_SKR posts small blind 10
Sen17000 posts big blind 20
Dealt to _SKR [Jh Th]
*** PRE-FLOP *** 
Stefano38100 calls 20
_SKR raises 260 to 280 and is all-in
Sen17000 folds
Stefano38100 folds
_SKR collected 320 from pot
*** SUMMARY ***
Total pot 320 | No rake
Seat 3: _SKR (small blind) won 320


Winamax Poker - Tournament "Expresso Nitro" buyIn: 0.93€ + 0.07€ level: 1 - HandId: #2730589101257392129-3-1676987324 - Holdem no limit (10/20) - 2023/02/21 13:48:44 UTC
Table: 'Expresso Nitro(635764818)#0' 3-max (real money) Seat #3 is the button
Seat 1: Sen17000 (340)
Seat 2: Stefano38100 (240)
Seat 3: _SKR (320)
*** ANTE/BLINDS ***
Sen17000 posts small blind 10
Stefano38100 posts big blind 20
Dealt to _SKR [Jc 3d]
*** PRE-FLOP *** 
_SKR folds
Sen17000 folds
Stefano38100 collected 30 from pot
*** SUMMARY ***
Total pot 30 | No rake
Seat 2: Stefano38100 (big blind) won 30


Winamax Poker - Tournament "Expresso Nitro" buyIn: 0.93€ + 0.07€ level: 1 - HandId: #2730589101257392129-4-1676987330 - Holdem no limit (10/20) - 2023/02/21 13:48:50 UTC
Table: 'Expresso Nitro(635764818)#0' 3-max (real money) Seat #1 is the button
Seat 1: Sen17000 (330)
Seat 2: Stefano38100 (250)
Seat 3: _SKR (320)
*** ANTE/BLINDS ***
Stefano38100 posts small blind 10
_SKR posts big blind 20
Dealt to _SKR [2s Tc]
*** PRE-FLOP *** 
Sen17000 raises 20 to 40
Stefano38100 raises 210 to 250 and is all-in
_SKR folds
Sen17000 calls 210
*** FLOP *** [Kh 2h Ac]
*** TURN *** [Kh 2h Ac][8d]
*** RIVER *** [Kh 2h Ac 8d][3h]
*** SHOW DOWN ***
Stefano38100 shows [Ad 3s] (Two pairs : Aces and 3)
Sen17000 shows [Th 8h] (Flush King high)
Sen17000 collected 520 from pot
*** SUMMARY ***
Total pot 520 | No rake
Board: [Kh 2h Ac 8d 3h]
Seat 1: Sen17000 (button) showed [Th 8h] and won 520 with Flush King high
Seat 2: Stefano38100 (small blind) showed [Ad 3s] and lost with Two pairs : Aces and 3


Winamax Poker - Tournament "Expresso Nitro" buyIn: 0.93€ + 0.07€ level: 2 - HandId: #2730589101257392129-5-1676987349 - Holdem no limit (15/30) - 2023/02/21 13:49:09 UTC
Table: 'Expresso Nitro(635764818)#0' 3-max (real money) Seat #3 is the button
Seat 1: Sen17000 (600)
Seat 3: _SKR (300)
*** ANTE/BLINDS ***
_SKR posts small blind 15
Sen17000 posts big blind 30
Dealt to _SKR [4s Th]
*** PRE-FLOP *** 
_SKR folds
Sen17000 collected 45 from pot
*** SUMMARY ***
Total pot 45 | No rake
Seat 1: Sen17000 (big blind) won 45


Winamax Poker - Tournament "Expresso Nitro" buyIn: 0.93€ + 0.07€ level: 2 - HandId: #2730589101257392129-6-1676987353 - Holdem no limit (15/30) - 2023/02/21 13:49:13 UTC
Table: 'Expresso Nitro(635764818)#0' 3-max (real money) Seat #1 is the button
Seat 1: Sen17000 (615)
Seat 3: _SKR (285)
*** ANTE/BLINDS ***
Sen17000 posts small blind 15
_SKR posts big blind 30
Dealt to _SKR [5d As]
*** PRE-FLOP *** 
Sen17000 raises 30 to 60
_SKR raises 225 to 285 and is all-in
Sen17000 calls 225
*** FLOP *** [Th Ad 9d]
*** TURN *** [Th Ad 9d][7s]
*** RIVER *** [Th Ad 9d 7s][Td]
*** SHOW DOWN ***
_SKR shows [5d As] (Two pairs : Aces and Tens)
Sen17000 shows [Js Ts] (Trips of Tens)
Sen17000 collected 570 from pot
*** SUMMARY ***
Total pot 570 | No rake
Board: [Th Ad 9d 7s Td]
Seat 1: Sen17000 (small blind) (button) showed [Js Ts] and won 570 with Trips of Tens
Seat 3: _SKR (big blind) showed [5d As] and lost with Two pairs : Aces and Tens


