Winamax Poker - Tournament "Expresso Nitro" buyIn: 0.93€ + 0.07€ level: 1 - HandId: #2717954845070852097-1-1676241077 - Holdem no limit (10/20) - 2023/02/12 22:31:17 UTC
Table: 'Expresso Nitro(632823176)#0' 3-max (real money) Seat #2 is the button
Seat 1: gianni068 (300)
Seat 2: Faittavie13 (300)
Seat 3: _SKR (300)
*** ANTE/BLINDS ***
_SKR posts small blind 10
gianni068 posts big blind 20
Dealt to _SKR [6d 3c]
*** PRE-FLOP *** 
Faittavie13 raises 280 to 300 and is all-in
_SKR folds
gianni068 folds
Faittavie13 collected 330 from pot
*** SUMMARY ***
Total pot 330 | No rake
Seat 2: Faittavie13 (button) won 330


Winamax Poker - Tournament "Expresso Nitro" buyIn: 0.93€ + 0.07€ level: 1 - HandId: #2717954845070852097-2-1676241086 - Holdem no limit (10/20) - 2023/02/12 22:31:26 UTC
Table: 'Expresso Nitro(632823176)#0' 3-max (real money) Seat #3 is the button
Seat 1: gianni068 (280)
Seat 2: Faittavie13 (330)
Seat 3: _SKR (290)
*** ANTE/BLINDS ***
gianni068 posts small blind 10
Faittavie13 posts big blind 20
Dealt to _SKR [7s 8h]
*** PRE-FLOP *** 
_SKR folds
gianni068 raises 30 to 50
Faittavie13 calls 30
*** FLOP *** [6h 4c 3h]
gianni068 bets 35
Faittavie13 raises 245 to 280 and is all-in
gianni068 calls 195 and is all-in
*** TURN *** [6h 4c 3h][Ac]
*** RIVER *** [6h 4c 3h Ac][Qc]
*** SHOW DOWN ***
gianni068 shows [2h 2s] (One pair : 2)
Faittavie13 shows [3c 5c] (Flush Ace high)
Faittavie13 collected 610 from pot
*** SUMMARY ***
Total pot 610 | No rake
Board: [6h 4c 3h Ac Qc]
Seat 1: gianni068 (small blind) showed [2h 2s] and lost with One pair : 2
Seat 2: Faittavie13 (big blind) showed [3c 5c] and won 610 with Flush Ace high


Winamax Poker - Tournament "Expresso Nitro" buyIn: 0.93€ + 0.07€ level: 1 - HandId: #2717954845070852097-3-1676241114 - Holdem no limit (10/20) - 2023/02/12 22:31:54 UTC
Table: 'Expresso Nitro(632823176)#0' 3-max (real money) Seat #2 is the button
Seat 2: Faittavie13 (610)
Seat 3: _SKR (290)
*** ANTE/BLINDS ***
Faittavie13 posts small blind 10
_SKR posts big blind 20
Dealt to _SKR [8h Kh]
*** PRE-FLOP *** 
Faittavie13 raises 40 to 60
_SKR calls 40
*** FLOP *** [3c 8s 6d]
_SKR checks
Faittavie13 bets 120
_SKR raises 110 to 230 and is all-in
Faittavie13 calls 110
*** TURN *** [3c 8s 6d][6h]
*** RIVER *** [3c 8s 6d 6h][9s]
*** SHOW DOWN ***
Faittavie13 shows [4s 2c] (One pair : 6)
_SKR shows [8h Kh] (Two pairs : 8 and 6)
_SKR collected 580 from pot
*** SUMMARY ***
Total pot 580 | No rake
Board: [3c 8s 6d 6h 9s]
Seat 2: Faittavie13 (small blind) (button) showed [4s 2c] and lost with One pair : 6
Seat 3: _SKR (big blind) showed [8h Kh] and won 580 with Two pairs : 8 and 6


Winamax Poker - Tournament "Expresso Nitro" buyIn: 0.93€ + 0.07€ level: 2 - HandId: #2717954845070852097-4-1676241151 - Holdem no limit (15/30) - 2023/02/12 22:32:31 UTC
Table: 'Expresso Nitro(632823176)#0' 3-max (real money) Seat #3 is the button
Seat 2: Faittavie13 (320)
Seat 3: _SKR (580)
*** ANTE/BLINDS ***
_SKR posts small blind 15
Faittavie13 posts big blind 30
Dealt to _SKR [6d 8h]
*** PRE-FLOP *** 
_SKR folds
Faittavie13 collected 45 from pot
*** SUMMARY ***
Total pot 45 | No rake
Seat 2: Faittavie13 (big blind) won 45


Winamax Poker - Tournament "Expresso Nitro" buyIn: 0.93€ + 0.07€ level: 2 - HandId: #2717954845070852097-5-1676241155 - Holdem no limit (15/30) - 2023/02/12 22:32:35 UTC
Table: 'Expresso Nitro(632823176)#0' 3-max (real money) Seat #2 is the button
Seat 2: Faittavie13 (335)
Seat 3: _SKR (565)
*** ANTE/BLINDS ***
Faittavie13 posts small blind 15
_SKR posts big blind 30
Dealt to _SKR [Ac Js]
*** PRE-FLOP *** 
Faittavie13 raises 30 to 60
_SKR raises 505 to 565 and is all-in
Faittavie13 folds
_SKR collected 625 from pot
*** SUMMARY ***
Total pot 625 | No rake
Seat 3: _SKR (big blind) won 625


Winamax Poker - Tournament "Expresso Nitro" buyIn: 0.93€ + 0.07€ level: 2 - HandId: #2717954845070852097-6-1676241169 - Holdem no limit (15/30) - 2023/02/12 22:32:49 UTC
Table: 'Expresso Nitro(632823176)#0' 3-max (real money) Seat #3 is the button
Seat 2: Faittavie13 (275)
Seat 3: _SKR (625)
*** ANTE/BLINDS ***
_SKR posts small blind 15
Faittavie13 posts big blind 30
Dealt to _SKR [Td 8c]
*** PRE-FLOP *** 
_SKR folds
Faittavie13 collected 45 from pot
*** SUMMARY ***
Total pot 45 | No rake
Seat 2: Faittavie13 (big blind) won 45


Winamax Poker - Tournament "Expresso Nitro" buyIn: 0.93€ + 0.07€ level: 2 - HandId: #2717954845070852097-7-1676241173 - Holdem no limit (15/30) - 2023/02/12 22:32:53 UTC
Table: 'Expresso Nitro(632823176)#0' 3-max (real money) Seat #2 is the button
Seat 2: Faittavie13 (290)
Seat 3: _SKR (610)
*** ANTE/BLINDS ***
Faittavie13 posts small blind 15
_SKR posts big blind 30
Dealt to _SKR [Tc 2c]
*** PRE-FLOP *** 
Faittavie13 raises 60 to 90
_SKR folds
Faittavie13 collected 120 from pot
*** SUMMARY ***
Total pot 120 | No rake
Seat 2: Faittavie13 (small blind) (button) won 120


Winamax Poker - Tournament "Expresso Nitro" buyIn: 0.93€ + 0.07€ level: 2 - HandId: #2717954845070852097-8-1676241182 - Holdem no limit (15/30) - 2023/02/12 22:33:02 UTC
Table: 'Expresso Nitro(632823176)#0' 3-max (real money) Seat #3 is the button
Seat 2: Faittavie13 (320)
Seat 3: _SKR (580)
*** ANTE/BLINDS ***
_SKR posts small blind 15
Faittavie13 posts big blind 30
Dealt to _SKR [6h 9s]
*** PRE-FLOP *** 
_SKR folds
Faittavie13 collected 45 from pot
*** SUMMARY ***
Total pot 45 | No rake
Seat 2: Faittavie13 (big blind) won 45


Winamax Poker - Tournament "Expresso Nitro" buyIn: 0.93€ + 0.07€ level: 2 - HandId: #2717954845070852097-9-1676241186 - Holdem no limit (15/30) - 2023/02/12 22:33:06 UTC
Table: 'Expresso Nitro(632823176)#0' 3-max (real money) Seat #2 is the button
Seat 2: Faittavie13 (335)
Seat 3: _SKR (565)
*** ANTE/BLINDS ***
Faittavie13 posts small blind 15
_SKR posts big blind 30
Dealt to _SKR [Tc Ks]
*** PRE-FLOP *** 
Faittavie13 raises 60 to 90
_SKR calls 60
*** FLOP *** [7d Jc Ad]
_SKR checks
Faittavie13 bets 245 and is all-in
_SKR folds
Faittavie13 collected 425 from pot
*** SUMMARY ***
Total pot 425 | No rake
Board: [7d Jc Ad]
Seat 2: Faittavie13 (small blind) (button) won 425


Winamax Poker - Tournament "Expresso Nitro" buyIn: 0.93€ + 0.07€ level: 3 - HandId: #2717954845070852097-10-1676241202 - Holdem no limit (20/40) - 2023/02/12 22:33:22 UTC
Table: 'Expresso Nitro(632823176)#0' 3-max (real money) Seat #3 is the button
Seat 2: Faittavie13 (425)
Seat 3: _SKR (475)
*** ANTE/BLINDS ***
_SKR posts small blind 20
Faittavie13 posts big blind 40
Dealt to _SKR [As 8c]
*** PRE-FLOP *** 
_SKR raises 435 to 475 and is all-in
Faittavie13 folds
_SKR collected 515 from pot
*** SUMMARY ***
Total pot 515 | No rake
Seat 3: _SKR (small blind) (button) won 515


Winamax Poker - Tournament "Expresso Nitro" buyIn: 0.93€ + 0.07€ level: 3 - HandId: #2717954845070852097-11-1676241213 - Holdem no limit (20/40) - 2023/02/12 22:33:33 UTC
Table: 'Expresso Nitro(632823176)#0' 3-max (real money) Seat #2 is the button
Seat 2: Faittavie13 (385)
Seat 3: _SKR (515)
*** ANTE/BLINDS ***
Faittavie13 posts small blind 20
_SKR posts big blind 40
Dealt to _SKR [Jh 9d]
*** PRE-FLOP *** 
Faittavie13 raises 40 to 80
_SKR calls 40
*** FLOP *** [Th Qh 9s]
_SKR checks
Faittavie13 bets 160
_SKR raises 275 to 435 and is all-in
Faittavie13 folds
_SKR collected 755 from pot
*** SUMMARY ***
Total pot 755 | No rake
Board: [Th Qh 9s]
Seat 3: _SKR (big blind) won 755


Winamax Poker - Tournament "Expresso Nitro" buyIn: 0.93€ + 0.07€ level: 3 - HandId: #2717954845070852097-12-1676241245 - Holdem no limit (20/40) - 2023/02/12 22:34:05 UTC
Table: 'Expresso Nitro(632823176)#0' 3-max (real money) Seat #3 is the button
Seat 2: Faittavie13 (145)
Seat 3: _SKR (755)
*** ANTE/BLINDS ***
_SKR posts small blind 20
Faittavie13 posts big blind 40
Dealt to _SKR [Ad As]
*** PRE-FLOP *** 
_SKR raises 715 to 755 and is all-in
Faittavie13 folds
_SKR collected 795 from pot
*** SUMMARY ***
Total pot 795 | No rake
Seat 3: _SKR (small blind) (button) won 795


Winamax Poker - Tournament "Expresso Nitro" buyIn: 0.93€ + 0.07€ level: 3 - HandId: #2717954845070852097-13-1676241251 - Holdem no limit (20/40) - 2023/02/12 22:34:11 UTC
Table: 'Expresso Nitro(632823176)#0' 3-max (real money) Seat #2 is the button
Seat 2: Faittavie13 (105)
Seat 3: _SKR (795)
*** ANTE/BLINDS ***
Faittavie13 posts small blind 20
_SKR posts big blind 40
Dealt to _SKR [Ad 5d]
*** PRE-FLOP *** 
Faittavie13 raises 65 to 105 and is all-in
_SKR calls 65
*** FLOP *** [8c 3c 5h]
*** TURN *** [8c 3c 5h][3s]
*** RIVER *** [8c 3c 5h 3s][6s]
*** SHOW DOWN ***
Faittavie13 shows [9c Jh] (One pair : 3)
_SKR shows [Ad 5d] (Two pairs : 5 and 3)
_SKR collected 210 from pot
*** SUMMARY ***
Total pot 210 | No rake
Board: [8c 3c 5h 3s 6s]
Seat 2: Faittavie13 (small blind) (button) showed [9c Jh] and lost with One pair : 3
Seat 3: _SKR (big blind) showed [Ad 5d] and won 210 with Two pairs : 5 and 3


