Winamax Poker - Tournament "Expresso Nitro" buyIn: 0.93€ + 0.07€ level: 1 - HandId: #2690560796332654593-1-1674685955 - Holdem no limit (10/20) - 2023/01/25 22:32:35 UTC
Table: 'Expresso Nitro(626445002)#0' 3-max (real money) Seat #2 is the button
Seat 1: Bon_Sens (300)
Seat 2: _SKR (300)
Seat 3: leya.13 (300)
*** ANTE/BLINDS ***
leya.13 posts small blind 10
Bon_Sens posts big blind 20
Dealt to _SKR [9c Ah]
*** PRE-FLOP *** 
_SKR raises 280 to 300 and is all-in
leya.13 folds
Bon_Sens folds
_SKR collected 330 from pot
*** SUMMARY ***
Total pot 330 | No rake
Seat 2: _SKR (button) won 330


Winamax Poker - Tournament "Expresso Nitro" buyIn: 0.93€ + 0.07€ level: 1 - HandId: #2690560796332654593-2-1674685966 - Holdem no limit (10/20) - 2023/01/25 22:32:46 UTC
Table: 'Expresso Nitro(626445002)#0' 3-max (real money) Seat #3 is the button
Seat 1: Bon_Sens (280)
Seat 2: _SKR (330)
Seat 3: leya.13 (290)
*** ANTE/BLINDS ***
Bon_Sens posts small blind 10
_SKR posts big blind 20
Dealt to _SKR [9d 8h]
*** PRE-FLOP *** 
leya.13 calls 20
Bon_Sens calls 10
_SKR checks
*** FLOP *** [2s Ah As]
Bon_Sens checks
_SKR checks
leya.13 bets 60
Bon_Sens folds
_SKR folds
leya.13 collected 120 from pot
*** SUMMARY ***
Total pot 120 | No rake
Board: [2s Ah As]
Seat 3: leya.13 (button) won 120


Winamax Poker - Tournament "Expresso Nitro" buyIn: 0.93€ + 0.07€ level: 1 - HandId: #2690560796332654593-3-1674685998 - Holdem no limit (10/20) - 2023/01/25 22:33:18 UTC
Table: 'Expresso Nitro(626445002)#0' 3-max (real money) Seat #1 is the button
Seat 1: Bon_Sens (260)
Seat 2: _SKR (310)
Seat 3: leya.13 (330)
*** ANTE/BLINDS ***
_SKR posts small blind 10
leya.13 posts big blind 20
Dealt to _SKR [8d 4s]
*** PRE-FLOP *** 
Bon_Sens folds
_SKR folds
leya.13 collected 30 from pot
*** SUMMARY ***
Total pot 30 | No rake
Seat 3: leya.13 (big blind) won 30


Winamax Poker - Tournament "Expresso Nitro" buyIn: 0.93€ + 0.07€ level: 1 - HandId: #2690560796332654593-4-1674686005 - Holdem no limit (10/20) - 2023/01/25 22:33:25 UTC
Table: 'Expresso Nitro(626445002)#0' 3-max (real money) Seat #2 is the button
Seat 1: Bon_Sens (260)
Seat 2: _SKR (300)
Seat 3: leya.13 (340)
*** ANTE/BLINDS ***
leya.13 posts small blind 10
Bon_Sens posts big blind 20
Dealt to _SKR [Kh 3h]
*** PRE-FLOP *** 
_SKR folds
leya.13 calls 10
Bon_Sens checks
*** FLOP *** [Qc 7h 8h]
leya.13 checks
Bon_Sens bets 40
leya.13 calls 40
*** TURN *** [Qc 7h 8h][4h]
leya.13 checks
Bon_Sens bets 200 and is all-in
leya.13 calls 200
*** RIVER *** [Qc 7h 8h 4h][Th]
*** SHOW DOWN ***
leya.13 shows [Qd 5c] (One pair : Queens)
Bon_Sens shows [6c Qh] (Flush Queen high)
Bon_Sens collected 520 from pot
*** SUMMARY ***
Total pot 520 | No rake
Board: [Qc 7h 8h 4h Th]
Seat 1: Bon_Sens (big blind) showed [6c Qh] and won 520 with Flush Queen high
Seat 3: leya.13 (small blind) showed [Qd 5c] and lost with One pair : Queens


Winamax Poker - Tournament "Expresso Nitro" buyIn: 0.93€ + 0.07€ level: 2 - HandId: #2690560796332654593-5-1674686032 - Holdem no limit (15/30) - 2023/01/25 22:33:52 UTC
Table: 'Expresso Nitro(626445002)#0' 3-max (real money) Seat #3 is the button
Seat 1: Bon_Sens (520)
Seat 2: _SKR (300)
Seat 3: leya.13 (80)
*** ANTE/BLINDS ***
Bon_Sens posts small blind 15
_SKR posts big blind 30
Dealt to _SKR [8c 7d]
*** PRE-FLOP *** 
leya.13 raises 50 to 80 and is all-in
Bon_Sens folds
_SKR folds
leya.13 collected 125 from pot
*** SUMMARY ***
Total pot 125 | No rake
Seat 3: leya.13 (button) won 125


Winamax Poker - Tournament "Expresso Nitro" buyIn: 0.93€ + 0.07€ level: 2 - HandId: #2690560796332654593-6-1674686040 - Holdem no limit (15/30) - 2023/01/25 22:34:00 UTC
Table: 'Expresso Nitro(626445002)#0' 3-max (real money) Seat #1 is the button
Seat 1: Bon_Sens (505)
Seat 2: _SKR (270)
Seat 3: leya.13 (125)
*** ANTE/BLINDS ***
_SKR posts small blind 15
leya.13 posts big blind 30
Dealt to _SKR [Qh Ks]
*** PRE-FLOP *** 
Bon_Sens folds
_SKR raises 240 to 270 and is all-in
leya.13 folds
_SKR collected 300 from pot
*** SUMMARY ***
Total pot 300 | No rake
Seat 2: _SKR (small blind) won 300


Winamax Poker - Tournament "Expresso Nitro" buyIn: 0.93€ + 0.07€ level: 2 - HandId: #2690560796332654593-7-1674686059 - Holdem no limit (15/30) - 2023/01/25 22:34:19 UTC
Table: 'Expresso Nitro(626445002)#0' 3-max (real money) Seat #2 is the button
Seat 1: Bon_Sens (505)
Seat 2: _SKR (300)
Seat 3: leya.13 (95)
*** ANTE/BLINDS ***
leya.13 posts small blind 15
Bon_Sens posts big blind 30
Dealt to _SKR [Jc Ad]
*** PRE-FLOP *** 
_SKR raises 270 to 300 and is all-in
leya.13 folds
Bon_Sens calls 270
*** FLOP *** [8d Qd 3c]
*** TURN *** [8d Qd 3c][2h]
*** RIVER *** [8d Qd 3c 2h][6s]
*** SHOW DOWN ***
_SKR shows [Jc Ad] (High card : Ace)
Bon_Sens shows [Qh Td] (One pair : Queens)
Bon_Sens collected 615 from pot
*** SUMMARY ***
Total pot 615 | No rake
Board: [8d Qd 3c 2h 6s]
Seat 1: Bon_Sens (big blind) showed [Qh Td] and won 615 with One pair : Queens
Seat 2: _SKR (button) showed [Jc Ad] and lost with High card : Ace


