Winamax Poker - Tournament "Expresso Nitro" buyIn: 0.93€ + 0.07€ level: 1 - HandId: #2654476100314333185-1-1672662308 - Holdem no limit (10/20) - 2023/01/02 12:25:08 UTC
Table: 'Expresso Nitro(618043379)#0' 3-max (real money) Seat #3 is the button
Seat 1: Teemo93 (300)
Seat 2: soudou8LIFE (300)
Seat 3: _SKR (300)
*** ANTE/BLINDS ***
Teemo93 posts small blind 10
soudou8LIFE posts big blind 20
Dealt to _SKR [8s Ah]
*** PRE-FLOP *** 
_SKR raises 280 to 300 and is all-in
Teemo93 folds
soudou8LIFE folds
_SKR collected 330 from pot
*** SUMMARY ***
Total pot 330 | No rake
Seat 3: _SKR (button) won 330


Winamax Poker - Tournament "Expresso Nitro" buyIn: 0.93€ + 0.07€ level: 1 - HandId: #2654476100314333185-2-1672662320 - Holdem no limit (10/20) - 2023/01/02 12:25:20 UTC
Table: 'Expresso Nitro(618043379)#0' 3-max (real money) Seat #1 is the button
Seat 1: Teemo93 (290)
Seat 2: soudou8LIFE (280)
Seat 3: _SKR (330)
*** ANTE/BLINDS ***
soudou8LIFE posts small blind 10
_SKR posts big blind 20
Dealt to _SKR [3c Tc]
*** PRE-FLOP *** 
Teemo93 folds
soudou8LIFE folds
_SKR collected 30 from pot
*** SUMMARY ***
Total pot 30 | No rake
Seat 3: _SKR (big blind) won 30


Winamax Poker - Tournament "Expresso Nitro" buyIn: 0.93€ + 0.07€ level: 1 - HandId: #2654476100314333185-3-1672662328 - Holdem no limit (10/20) - 2023/01/02 12:25:28 UTC
Table: 'Expresso Nitro(618043379)#0' 3-max (real money) Seat #2 is the button
Seat 1: Teemo93 (290)
Seat 2: soudou8LIFE (270)
Seat 3: _SKR (340)
*** ANTE/BLINDS ***
_SKR posts small blind 10
Teemo93 posts big blind 20
Dealt to _SKR [4c 4s]
*** PRE-FLOP *** 
soudou8LIFE folds
_SKR raises 320 to 340 and is all-in
Teemo93 folds
_SKR collected 360 from pot
*** SUMMARY ***
Total pot 360 | No rake
Seat 3: _SKR (small blind) won 360


Winamax Poker - Tournament "Expresso Nitro" buyIn: 0.93€ + 0.07€ level: 1 - HandId: #2654476100314333185-4-1672662342 - Holdem no limit (10/20) - 2023/01/02 12:25:42 UTC
Table: 'Expresso Nitro(618043379)#0' 3-max (real money) Seat #3 is the button
Seat 1: Teemo93 (270)
Seat 2: soudou8LIFE (270)
Seat 3: _SKR (360)
*** ANTE/BLINDS ***
Teemo93 posts small blind 10
soudou8LIFE posts big blind 20
Dealt to _SKR [9d 2h]
*** PRE-FLOP *** 
_SKR folds
Teemo93 calls 10
soudou8LIFE checks
*** FLOP *** [2s 9h Kh]
Teemo93 checks
soudou8LIFE checks
*** TURN *** [2s 9h Kh][Qc]
Teemo93 bets 40
soudou8LIFE calls 40
*** RIVER *** [2s 9h Kh Qc][3s]
Teemo93 bets 120
soudou8LIFE calls 120
*** SHOW DOWN ***
Teemo93 shows [Qd 5d] (One pair : Queens)
soudou8LIFE shows [7s Qs] (One pair : Queens)
soudou8LIFE collected 360 from pot
*** SUMMARY ***
Total pot 360 | No rake
Board: [2s 9h Kh Qc 3s]
Seat 1: Teemo93 (small blind) showed [Qd 5d] and lost with One pair : Queens
Seat 2: soudou8LIFE (big blind) showed [7s Qs] and won 360 with One pair : Queens


Winamax Poker - Tournament "Expresso Nitro" buyIn: 0.93€ + 0.07€ level: 2 - HandId: #2654476100314333185-5-1672662364 - Holdem no limit (15/30) - 2023/01/02 12:26:04 UTC
Table: 'Expresso Nitro(618043379)#0' 3-max (real money) Seat #1 is the button
Seat 1: Teemo93 (90)
Seat 2: soudou8LIFE (450)
Seat 3: _SKR (360)
*** ANTE/BLINDS ***
soudou8LIFE posts small blind 15
_SKR posts big blind 30
Dealt to _SKR [9d Ks]
*** PRE-FLOP *** 
Teemo93 raises 60 to 90 and is all-in
soudou8LIFE folds
_SKR calls 60
*** FLOP *** [6d Td 8s]
*** TURN *** [6d Td 8s][2h]
*** RIVER *** [6d Td 8s 2h][4s]
*** SHOW DOWN ***
Teemo93 shows [Kc 7h] (High card : King)
_SKR shows [9d Ks] (High card : King)
_SKR collected 195 from pot
*** SUMMARY ***
Total pot 195 | No rake
Board: [6d Td 8s 2h 4s]
Seat 1: Teemo93 (button) showed [Kc 7h] and lost with High card : King
Seat 3: _SKR (big blind) showed [9d Ks] and won 195 with High card : King


Winamax Poker - Tournament "Expresso Nitro" buyIn: 0.93€ + 0.07€ level: 2 - HandId: #2654476100314333185-6-1672662378 - Holdem no limit (15/30) - 2023/01/02 12:26:18 UTC
Table: 'Expresso Nitro(618043379)#0' 3-max (real money) Seat #3 is the button
Seat 2: soudou8LIFE (435)
Seat 3: _SKR (465)
*** ANTE/BLINDS ***
_SKR posts small blind 15
soudou8LIFE posts big blind 30
Dealt to _SKR [Kh 8h]
*** PRE-FLOP *** 
_SKR raises 30 to 60
soudou8LIFE calls 30
*** FLOP *** [2d 6s 5c]
soudou8LIFE bets 30
_SKR folds
soudou8LIFE collected 150 from pot
*** SUMMARY ***
Total pot 150 | No rake
Board: [2d 6s 5c]
Seat 2: soudou8LIFE (big blind) won 150


Winamax Poker - Tournament "Expresso Nitro" buyIn: 0.93€ + 0.07€ level: 2 - HandId: #2654476100314333185-7-1672662406 - Holdem no limit (15/30) - 2023/01/02 12:26:46 UTC
Table: 'Expresso Nitro(618043379)#0' 3-max (real money) Seat #2 is the button
Seat 2: soudou8LIFE (495)
Seat 3: _SKR (405)
*** ANTE/BLINDS ***
soudou8LIFE posts small blind 15
_SKR posts big blind 30
Dealt to _SKR [7c As]
*** PRE-FLOP *** 
soudou8LIFE calls 15
_SKR raises 375 to 405 and is all-in
soudou8LIFE calls 375
*** FLOP *** [Kh 4d Ts]
*** TURN *** [Kh 4d Ts][5d]
*** RIVER *** [Kh 4d Ts 5d][5c]
*** SHOW DOWN ***
_SKR shows [7c As] (One pair : 5)
soudou8LIFE shows [Js Jh] (Two pairs : Jacks and 5)
soudou8LIFE collected 810 from pot
*** SUMMARY ***
Total pot 810 | No rake
Board: [Kh 4d Ts 5d 5c]
Seat 2: soudou8LIFE (small blind) (button) showed [Js Jh] and won 810 with Two pairs : Jacks and 5
Seat 3: _SKR (big blind) showed [7c As] and lost with One pair : 5


