Winamax Poker - Tournament "Expresso Nitro" buyIn: 0.93€ + 0.07€ level: 1 - HandId: #2674141793490042881-1-1673703122 - Holdem no limit (10/20) - 2023/01/14 13:32:02 UTC
Table: 'Expresso Nitro(622622155)#0' 3-max (real money) Seat #1 is the button
Seat 1: Guezducoin (300)
Seat 2: Grim.Denolaa (300)
Seat 3: _SKR (300)
*** ANTE/BLINDS ***
Grim.Denolaa posts small blind 10
_SKR posts big blind 20
Dealt to _SKR [4d Th]
*** PRE-FLOP *** 
Guezducoin folds
Grim.Denolaa calls 10
_SKR checks
*** FLOP *** [2s Ks 9d]
Grim.Denolaa bets 26
_SKR folds
Grim.Denolaa collected 66 from pot
*** SUMMARY ***
Total pot 66 | No rake
Board: [2s Ks 9d]
Seat 2: Grim.Denolaa (small blind) won 66


Winamax Poker - Tournament "Expresso Nitro" buyIn: 0.93€ + 0.07€ level: 1 - HandId: #2674141793490042881-2-1673703137 - Holdem no limit (10/20) - 2023/01/14 13:32:17 UTC
Table: 'Expresso Nitro(622622155)#0' 3-max (real money) Seat #2 is the button
Seat 1: Guezducoin (300)
Seat 2: Grim.Denolaa (320)
Seat 3: _SKR (280)
*** ANTE/BLINDS ***
_SKR posts small blind 10
Guezducoin posts big blind 20
Dealt to _SKR [Qc Ah]
*** PRE-FLOP *** 
Grim.Denolaa calls 20
_SKR raises 260 to 280 and is all-in
Guezducoin folds
Grim.Denolaa folds
_SKR collected 320 from pot
*** SUMMARY ***
Total pot 320 | No rake
Seat 3: _SKR (small blind) won 320


Winamax Poker - Tournament "Expresso Nitro" buyIn: 0.93€ + 0.07€ level: 1 - HandId: #2674141793490042881-3-1673703147 - Holdem no limit (10/20) - 2023/01/14 13:32:27 UTC
Table: 'Expresso Nitro(622622155)#0' 3-max (real money) Seat #3 is the button
Seat 1: Guezducoin (280)
Seat 2: Grim.Denolaa (300)
Seat 3: _SKR (320)
*** ANTE/BLINDS ***
Guezducoin posts small blind 10
Grim.Denolaa posts big blind 20
Dealt to _SKR [4d Jh]
*** PRE-FLOP *** 
_SKR folds
Guezducoin calls 10
Grim.Denolaa checks
*** FLOP *** [Ac 6c 6d]
Guezducoin bets 20
Grim.Denolaa folds
Guezducoin collected 60 from pot
*** SUMMARY ***
Total pot 60 | No rake
Board: [Ac 6c 6d]
Seat 1: Guezducoin (small blind) won 60


Winamax Poker - Tournament "Expresso Nitro" buyIn: 0.93€ + 0.07€ level: 1 - HandId: #2674141793490042881-4-1673703156 - Holdem no limit (10/20) - 2023/01/14 13:32:36 UTC
Table: 'Expresso Nitro(622622155)#0' 3-max (real money) Seat #1 is the button
Seat 1: Guezducoin (300)
Seat 2: Grim.Denolaa (280)
Seat 3: _SKR (320)
*** ANTE/BLINDS ***
Grim.Denolaa posts small blind 10
_SKR posts big blind 20
Dealt to _SKR [Jh Kd]
*** PRE-FLOP *** 
Guezducoin calls 20
Grim.Denolaa raises 260 to 280 and is all-in
_SKR raises 40 to 320 and is all-in
Guezducoin calls 280 and is all-in
*** FLOP *** [6s Th Qh]
*** TURN *** [6s Th Qh][4h]
*** RIVER *** [6s Th Qh 4h][2c]
*** SHOW DOWN ***
Guezducoin shows [Ac Tc] (One pair : Tens)
Grim.Denolaa shows [Kh Qs] (One pair : Queens)
_SKR shows [Jh Kd] (High card : King)
_SKR collected 20 from side pot 2
Grim.Denolaa collected 840 from main pot
Guezducoin collected 40 from side pot 1
*** SUMMARY ***
Total pot 900 | No rake
Board: [6s Th Qh 4h 2c]
Seat 1: Guezducoin (button) showed [Ac Tc] and won 40 with One pair : Tens
Seat 2: Grim.Denolaa (small blind) showed [Kh Qs] and won 840 with One pair : Queens
Seat 3: _SKR (big blind) showed [Jh Kd] and won 20 with High card : King


Winamax Poker - Tournament "Expresso Nitro" buyIn: 0.93€ + 0.07€ level: 2 - HandId: #2674141793490042881-5-1673703178 - Holdem no limit (15/30) - 2023/01/14 13:32:58 UTC
Table: 'Expresso Nitro(622622155)#0' 3-max (real money) Seat #2 is the button
Seat 1: Guezducoin (40)
Seat 2: Grim.Denolaa (840)
Seat 3: _SKR (20)
*** ANTE/BLINDS ***
_SKR posts small blind 15
Guezducoin posts big blind 30
Dealt to _SKR [5d Ah]
*** PRE-FLOP *** 
Grim.Denolaa calls 30
_SKR calls 5 and is all-in
Guezducoin checks
*** FLOP *** [Kh Td Qh]
Guezducoin bets 10 and is all-in
Grim.Denolaa calls 10
*** TURN *** [Kh Td Qh][9s]
*** RIVER *** [Kh Td Qh 9s][8c]
*** SHOW DOWN ***
Grim.Denolaa shows [3s 8d] (One pair : 8)
_SKR shows [5d Ah] (High card : Ace)
Guezducoin shows [3h Jh] (Straight King high)
Guezducoin collected 100 from pot
*** SUMMARY ***
Total pot 100 | No rake
Board: [Kh Td Qh 9s 8c]
Seat 1: Guezducoin (big blind) showed [3h Jh] and won 100 with Straight King high
Seat 2: Grim.Denolaa (button) showed [3s 8d] and lost with One pair : 8
Seat 3: _SKR (small blind) showed [5d Ah] and lost with High card : Ace


