Winamax Poker - Tournament "Expresso Nitro" buyIn: 0.93€ + 0.07€ level: 1 - HandId: #2718643792184868865-1-1676293170 - Holdem no limit (10/20) - 2023/02/13 12:59:30 UTC
Table: 'Expresso Nitro(632983584)#0' 3-max (real money) Seat #3 is the button
Seat 1: _SKR (300)
Seat 2: Ass-J (300)
Seat 3: Mallena (300)
*** ANTE/BLINDS ***
_SKR posts small blind 10
Ass-J posts big blind 20
Dealt to _SKR [4c 3h]
*** PRE-FLOP *** 
Mallena raises 280 to 300 and is all-in
_SKR folds
Ass-J folds
Mallena collected 330 from pot
*** SUMMARY ***
Total pot 330 | No rake
Seat 3: Mallena (button) won 330


Winamax Poker - Tournament "Expresso Nitro" buyIn: 0.93€ + 0.07€ level: 1 - HandId: #2718643792184868865-2-1676293184 - Holdem no limit (10/20) - 2023/02/13 12:59:44 UTC
Table: 'Expresso Nitro(632983584)#0' 3-max (real money) Seat #1 is the button
Seat 1: _SKR (290)
Seat 2: Ass-J (280)
Seat 3: Mallena (330)
*** ANTE/BLINDS ***
Ass-J posts small blind 10
Mallena posts big blind 20
Dealt to _SKR [Ah Kd]
*** PRE-FLOP *** 
_SKR raises 20 to 40
Ass-J calls 30
Mallena folds
*** FLOP *** [5c 3c 9d]
Ass-J checks
_SKR bets 35
Ass-J calls 35
*** TURN *** [5c 3c 9d][Td]
Ass-J bets 60
_SKR folds
Ass-J collected 230 from pot
*** SUMMARY ***
Total pot 230 | No rake
Board: [5c 3c 9d Td]
Seat 2: Ass-J (small blind) won 230


Winamax Poker - Tournament "Expresso Nitro" buyIn: 0.93€ + 0.07€ level: 1 - HandId: #2718643792184868865-3-1676293222 - Holdem no limit (10/20) - 2023/02/13 13:00:22 UTC
Table: 'Expresso Nitro(632983584)#0' 3-max (real money) Seat #2 is the button
Seat 1: _SKR (215)
Seat 2: Ass-J (375)
Seat 3: Mallena (310)
*** ANTE/BLINDS ***
Mallena posts small blind 10
_SKR posts big blind 20
Dealt to _SKR [7h 7s]
*** PRE-FLOP *** 
Ass-J folds
Mallena raises 290 to 310 and is all-in
_SKR calls 195 and is all-in
*** FLOP *** [Kc 8s 7d]
*** TURN *** [Kc 8s 7d][Jd]
*** RIVER *** [Kc 8s 7d Jd][9c]
*** SHOW DOWN ***
_SKR shows [7h 7s] (Trips of 7)
Mallena shows [3d 3c] (One pair : 3)
Mallena collected 95 from side pot 1
_SKR collected 430 from main pot
*** SUMMARY ***
Total pot 525 | No rake
Board: [Kc 8s 7d Jd 9c]
Seat 1: _SKR (big blind) showed [7h 7s] and won 430 with Trips of 7
Seat 3: Mallena (small blind) showed [3d 3c] and won 95 with One pair : 3


Winamax Poker - Tournament "Expresso Nitro" buyIn: 0.93€ + 0.07€ level: 2 - HandId: #2718643792184868865-4-1676293238 - Holdem no limit (15/30) - 2023/02/13 13:00:38 UTC
Table: 'Expresso Nitro(632983584)#0' 3-max (real money) Seat #3 is the button
Seat 1: _SKR (430)
Seat 2: Ass-J (375)
Seat 3: Mallena (95)
*** ANTE/BLINDS ***
_SKR posts small blind 15
Ass-J posts big blind 30
Dealt to _SKR [8c 6d]
*** PRE-FLOP *** 
Mallena raises 65 to 95 and is all-in
_SKR folds
Ass-J calls 65
*** FLOP *** [5c 6s Jh]
*** TURN *** [5c 6s Jh][Js]
*** RIVER *** [5c 6s Jh Js][3d]
*** SHOW DOWN ***
Mallena shows [2s Ad] (One pair : Jacks)
Ass-J shows [5d As] (Two pairs : Jacks and 5)
Ass-J collected 205 from pot
*** SUMMARY ***
Total pot 205 | No rake
Board: [5c 6s Jh Js 3d]
Seat 2: Ass-J (big blind) showed [5d As] and won 205 with Two pairs : Jacks and 5
Seat 3: Mallena (button) showed [2s Ad] and lost with One pair : Jacks


Winamax Poker - Tournament "Expresso Nitro" buyIn: 0.93€ + 0.07€ level: 2 - HandId: #2718643792184868865-5-1676293252 - Holdem no limit (15/30) - 2023/02/13 13:00:52 UTC
Table: 'Expresso Nitro(632983584)#0' 3-max (real money) Seat #2 is the button
Seat 1: _SKR (415)
Seat 2: Ass-J (485)
*** ANTE/BLINDS ***
Ass-J posts small blind 15
_SKR posts big blind 30
Dealt to _SKR [8s Th]
*** PRE-FLOP *** 
Ass-J calls 15
_SKR checks
*** FLOP *** [Qc Ts Kh]
_SKR checks
Ass-J bets 455 and is all-in
_SKR folds
Ass-J collected 515 from pot
*** SUMMARY ***
Total pot 515 | No rake
Board: [Qc Ts Kh]
Seat 2: Ass-J (small blind) (button) won 515


Winamax Poker - Tournament "Expresso Nitro" buyIn: 0.93€ + 0.07€ level: 2 - HandId: #2718643792184868865-6-1676293273 - Holdem no limit (15/30) - 2023/02/13 13:01:13 UTC
Table: 'Expresso Nitro(632983584)#0' 3-max (real money) Seat #1 is the button
Seat 1: _SKR (385)
Seat 2: Ass-J (515)
*** ANTE/BLINDS ***
_SKR posts small blind 15
Ass-J posts big blind 30
Dealt to _SKR [2c 6c]
*** PRE-FLOP *** 
_SKR calls 15
Ass-J checks
*** FLOP *** [8h 4s 9h]
Ass-J bets 485 and is all-in
_SKR folds
Ass-J collected 545 from pot
*** SUMMARY ***
Total pot 545 | No rake
Board: [8h 4s 9h]
Seat 2: Ass-J (big blind) won 545


Winamax Poker - Tournament "Expresso Nitro" buyIn: 0.93€ + 0.07€ level: 3 - HandId: #2718643792184868865-7-1676293288 - Holdem no limit (20/40) - 2023/02/13 13:01:28 UTC
Table: 'Expresso Nitro(632983584)#0' 3-max (real money) Seat #2 is the button
Seat 1: _SKR (355)
Seat 2: Ass-J (545)
*** ANTE/BLINDS ***
Ass-J posts small blind 20
_SKR posts big blind 40
Dealt to _SKR [2d 8c]
*** PRE-FLOP *** 
Ass-J raises 40 to 80
_SKR folds
Ass-J collected 120 from pot
*** SUMMARY ***
Total pot 120 | No rake
Seat 2: Ass-J (small blind) (button) won 120


Winamax Poker - Tournament "Expresso Nitro" buyIn: 0.93€ + 0.07€ level: 3 - HandId: #2718643792184868865-8-1676293295 - Holdem no limit (20/40) - 2023/02/13 13:01:35 UTC
Table: 'Expresso Nitro(632983584)#0' 3-max (real money) Seat #1 is the button
Seat 1: _SKR (315)
Seat 2: Ass-J (585)
*** ANTE/BLINDS ***
_SKR posts small blind 20
Ass-J posts big blind 40
Dealt to _SKR [5h 5d]
*** PRE-FLOP *** 
_SKR raises 275 to 315 and is all-in
Ass-J calls 275
*** FLOP *** [2c 8h Kd]
*** TURN *** [2c 8h Kd][3c]
*** RIVER *** [2c 8h Kd 3c][3s]
*** SHOW DOWN ***
Ass-J shows [7d As] (One pair : 3)
_SKR shows [5h 5d] (Two pairs : 5 and 3)
_SKR collected 630 from pot
*** SUMMARY ***
Total pot 630 | No rake
Board: [2c 8h Kd 3c 3s]
Seat 1: _SKR (small blind) (button) showed [5h 5d] and won 630 with Two pairs : 5 and 3
Seat 2: Ass-J (big blind) showed [7d As] and lost with One pair : 3


Winamax Poker - Tournament "Expresso Nitro" buyIn: 0.93€ + 0.07€ level: 3 - HandId: #2718643792184868865-9-1676293308 - Holdem no limit (20/40) - 2023/02/13 13:01:48 UTC
Table: 'Expresso Nitro(632983584)#0' 3-max (real money) Seat #2 is the button
Seat 1: _SKR (630)
Seat 2: Ass-J (270)
*** ANTE/BLINDS ***
Ass-J posts small blind 20
_SKR posts big blind 40
Dealt to _SKR [Jh 9h]
*** PRE-FLOP *** 
Ass-J raises 230 to 270 and is all-in
_SKR calls 230
*** FLOP *** [Qh Ah 2h]
*** TURN *** [Qh Ah 2h][Td]
*** RIVER *** [Qh Ah 2h Td][3s]
*** SHOW DOWN ***
Ass-J shows [Ad Js] (One pair : Aces)
_SKR shows [Jh 9h] (Flush Ace high)
_SKR collected 540 from pot
*** SUMMARY ***
Total pot 540 | No rake
Board: [Qh Ah 2h Td 3s]
Seat 1: _SKR (big blind) showed [Jh 9h] and won 540 with Flush Ace high
Seat 2: Ass-J (small blind) (button) showed [Ad Js] and lost with One pair : Aces


