Winamax Poker - Tournament "Expresso Nitro" buyIn: 1.86€ + 0.14€ level: 1 - HandId: #2697280337091756033-1-1675116193 - Holdem no limit (10/20) - 2023/01/30 22:03:13 UTC
Table: 'Expresso Nitro(628009517)#0' 3-max (real money) Seat #3 is the button
Seat 1: 27 11 11 (300)
Seat 2: _SKR (300)
Seat 3: therrassans (300)
*** ANTE/BLINDS ***
27 11 11 posts small blind 10
_SKR posts big blind 20
Dealt to _SKR [2c 4h]
*** PRE-FLOP *** 
therrassans folds
27 11 11 raises 280 to 300 and is all-in
_SKR folds
27 11 11 collected 320 from pot
*** SUMMARY ***
Total pot 320 | No rake
Seat 1: 27 11 11 (small blind) won 320


Winamax Poker - Tournament "Expresso Nitro" buyIn: 1.86€ + 0.14€ level: 1 - HandId: #2697280337091756033-2-1675116206 - Holdem no limit (10/20) - 2023/01/30 22:03:26 UTC
Table: 'Expresso Nitro(628009517)#0' 3-max (real money) Seat #1 is the button
Seat 1: 27 11 11 (320)
Seat 2: _SKR (280)
Seat 3: therrassans (300)
*** ANTE/BLINDS ***
_SKR posts small blind 10
therrassans posts big blind 20
Dealt to _SKR [7c Qd]
*** PRE-FLOP *** 
27 11 11 raises 300 to 320 and is all-in
_SKR folds
therrassans folds
27 11 11 collected 350 from pot
*** SUMMARY ***
Total pot 350 | No rake
Seat 1: 27 11 11 (button) won 350


Winamax Poker - Tournament "Expresso Nitro" buyIn: 1.86€ + 0.14€ level: 1 - HandId: #2697280337091756033-3-1675116218 - Holdem no limit (10/20) - 2023/01/30 22:03:38 UTC
Table: 'Expresso Nitro(628009517)#0' 3-max (real money) Seat #2 is the button
Seat 1: 27 11 11 (350)
Seat 2: _SKR (270)
Seat 3: therrassans (280)
*** ANTE/BLINDS ***
therrassans posts small blind 10
27 11 11 posts big blind 20
Dealt to _SKR [4c Td]
*** PRE-FLOP *** 
_SKR folds
therrassans calls 10
27 11 11 checks
*** FLOP *** [5c Kd Qd]
therrassans checks
27 11 11 checks
*** TURN *** [5c Kd Qd][2h]
therrassans checks
27 11 11 checks
*** RIVER *** [5c Kd Qd 2h][Jc]
therrassans checks
27 11 11 checks
*** SHOW DOWN ***
27 11 11 shows [7c Jh] (One pair : Jacks)
therrassans shows [9d Js] (One pair : Jacks)
therrassans collected 40 from pot
*** SUMMARY ***
Total pot 40 | No rake
Board: [5c Kd Qd 2h Jc]
Seat 1: 27 11 11 (big blind) showed [7c Jh] and lost with One pair : Jacks
Seat 3: therrassans (small blind) showed [9d Js] and won 40 with One pair : Jacks


Winamax Poker - Tournament "Expresso Nitro" buyIn: 1.86€ + 0.14€ level: 2 - HandId: #2697280337091756033-4-1675116251 - Holdem no limit (15/30) - 2023/01/30 22:04:11 UTC
Table: 'Expresso Nitro(628009517)#0' 3-max (real money) Seat #3 is the button
Seat 1: 27 11 11 (330)
Seat 2: _SKR (270)
Seat 3: therrassans (300)
*** ANTE/BLINDS ***
27 11 11 posts small blind 15
_SKR posts big blind 30
Dealt to _SKR [Jd 7h]
*** PRE-FLOP *** 
therrassans calls 30
27 11 11 calls 15
_SKR checks
*** FLOP *** [6c 8c 6h]
27 11 11 bets 45
_SKR folds
therrassans folds
27 11 11 collected 135 from pot
*** SUMMARY ***
Total pot 135 | No rake
Board: [6c 8c 6h]
Seat 1: 27 11 11 (small blind) won 135


Winamax Poker - Tournament "Expresso Nitro" buyIn: 1.86€ + 0.14€ level: 2 - HandId: #2697280337091756033-5-1675116282 - Holdem no limit (15/30) - 2023/01/30 22:04:42 UTC
Table: 'Expresso Nitro(628009517)#0' 3-max (real money) Seat #1 is the button
Seat 1: 27 11 11 (390)
Seat 2: _SKR (240)
Seat 3: therrassans (270)
*** ANTE/BLINDS ***
_SKR posts small blind 15
therrassans posts big blind 30
Dealt to _SKR [4d Tc]
*** PRE-FLOP *** 
27 11 11 raises 360 to 390 and is all-in
_SKR folds
therrassans folds
27 11 11 collected 435 from pot
*** SUMMARY ***
Total pot 435 | No rake
Seat 1: 27 11 11 (button) won 435


Winamax Poker - Tournament "Expresso Nitro" buyIn: 1.86€ + 0.14€ level: 2 - HandId: #2697280337091756033-6-1675116294 - Holdem no limit (15/30) - 2023/01/30 22:04:54 UTC
Table: 'Expresso Nitro(628009517)#0' 3-max (real money) Seat #2 is the button
Seat 1: 27 11 11 (435)
Seat 2: _SKR (225)
Seat 3: therrassans (240)
*** ANTE/BLINDS ***
therrassans posts small blind 15
27 11 11 posts big blind 30
Dealt to _SKR [6d Qh]
*** PRE-FLOP *** 
_SKR folds
therrassans folds
27 11 11 collected 45 from pot
*** SUMMARY ***
Total pot 45 | No rake
Seat 1: 27 11 11 (big blind) won 45


Winamax Poker - Tournament "Expresso Nitro" buyIn: 1.86€ + 0.14€ level: 2 - HandId: #2697280337091756033-7-1675116300 - Holdem no limit (15/30) - 2023/01/30 22:05:00 UTC
Table: 'Expresso Nitro(628009517)#0' 3-max (real money) Seat #3 is the button
Seat 1: 27 11 11 (450)
Seat 2: _SKR (225)
Seat 3: therrassans (225)
*** ANTE/BLINDS ***
27 11 11 posts small blind 15
_SKR posts big blind 30
Dealt to _SKR [Qd Js]
*** PRE-FLOP *** 
therrassans folds
27 11 11 raises 420 to 450 and is all-in
_SKR calls 195 and is all-in
*** FLOP *** [As 8d 3c]
*** TURN *** [As 8d 3c][5d]
*** RIVER *** [As 8d 3c 5d][4h]
*** SHOW DOWN ***
_SKR shows [Qd Js] (High card : Ace)
27 11 11 shows [Kh 7h] (High card : Ace)
27 11 11 collected 675 from pot
*** SUMMARY ***
Total pot 675 | No rake
Board: [As 8d 3c 5d 4h]
Seat 1: 27 11 11 (small blind) showed [Kh 7h] and won 675 with High card : Ace
Seat 2: _SKR (big blind) showed [Qd Js] and lost with High card : Ace


