Winamax Poker - Tournament "Expresso Nitro" buyIn: 0.93€ + 0.07€ level: 1 - HandId: #2671037472732872705-1-1673527876 - Holdem no limit (10/20) - 2023/01/12 12:51:16 UTC
Table: 'Expresso Nitro(621899374)#0' 3-max (real money) Seat #2 is the button
Seat 1: Matteo34290 (300)
Seat 2: Sting111 (300)
Seat 3: _SKR (300)
*** ANTE/BLINDS ***
_SKR posts small blind 10
Matteo34290 posts big blind 20
Dealt to _SKR [9d 4c]
*** PRE-FLOP *** 
Sting111 raises 20 to 40
_SKR folds
Matteo34290 raises 60 to 100
Sting111 calls 60
*** FLOP *** [7d Js 8s]
Matteo34290 bets 137
Sting111 raises 63 to 200 and is all-in
Matteo34290 calls 63 and is all-in
*** TURN *** [7d Js 8s][9s]
*** RIVER *** [7d Js 8s 9s][Ks]
*** SHOW DOWN ***
Sting111 shows [Kd 2c] (One pair : Kings)
Matteo34290 shows [Qc Th] (Straight King high)
Matteo34290 collected 610 from pot
*** SUMMARY ***
Total pot 610 | No rake
Board: [7d Js 8s 9s Ks]
Seat 1: Matteo34290 (big blind) showed [Qc Th] and won 610 with Straight King high
Seat 2: Sting111 (button) showed [Kd 2c] and lost with One pair : Kings


Winamax Poker - Tournament "Expresso Nitro" buyIn: 0.93€ + 0.07€ level: 1 - HandId: #2671037472732872705-2-1673527898 - Holdem no limit (10/20) - 2023/01/12 12:51:38 UTC
Table: 'Expresso Nitro(621899374)#0' 3-max (real money) Seat #1 is the button
Seat 1: Matteo34290 (610)
Seat 3: _SKR (290)
*** ANTE/BLINDS ***
Matteo34290 posts small blind 10
_SKR posts big blind 20
Dealt to _SKR [Kh 4h]
*** PRE-FLOP *** 
Matteo34290 calls 10
_SKR checks
*** FLOP *** [6h As 5s]
_SKR checks
Matteo34290 bets 20
_SKR folds
Matteo34290 collected 60 from pot
*** SUMMARY ***
Total pot 60 | No rake
Board: [6h As 5s]
Seat 1: Matteo34290 (small blind) (button) won 60


Winamax Poker - Tournament "Expresso Nitro" buyIn: 0.93€ + 0.07€ level: 1 - HandId: #2671037472732872705-3-1673527923 - Holdem no limit (10/20) - 2023/01/12 12:52:03 UTC
Table: 'Expresso Nitro(621899374)#0' 3-max (real money) Seat #3 is the button
Seat 1: Matteo34290 (630)
Seat 3: _SKR (270)
*** ANTE/BLINDS ***
_SKR posts small blind 10
Matteo34290 posts big blind 20
Dealt to _SKR [9c 4c]
*** PRE-FLOP *** 
_SKR folds
Matteo34290 collected 30 from pot
*** SUMMARY ***
Total pot 30 | No rake
Seat 1: Matteo34290 (big blind) won 30


Winamax Poker - Tournament "Expresso Nitro" buyIn: 0.93€ + 0.07€ level: 1 - HandId: #2671037472732872705-4-1673527929 - Holdem no limit (10/20) - 2023/01/12 12:52:09 UTC
Table: 'Expresso Nitro(621899374)#0' 3-max (real money) Seat #1 is the button
Seat 1: Matteo34290 (640)
Seat 3: _SKR (260)
*** ANTE/BLINDS ***
Matteo34290 posts small blind 10
_SKR posts big blind 20
Dealt to _SKR [2s 8c]
*** PRE-FLOP *** 
Matteo34290 calls 10
_SKR checks
*** FLOP *** [7h Qd 9d]
_SKR checks
Matteo34290 bets 20
_SKR folds
Matteo34290 collected 60 from pot
*** SUMMARY ***
Total pot 60 | No rake
Board: [7h Qd 9d]
Seat 1: Matteo34290 (small blind) (button) won 60


Winamax Poker - Tournament "Expresso Nitro" buyIn: 0.93€ + 0.07€ level: 2 - HandId: #2671037472732872705-5-1673527940 - Holdem no limit (15/30) - 2023/01/12 12:52:20 UTC
Table: 'Expresso Nitro(621899374)#0' 3-max (real money) Seat #3 is the button
Seat 1: Matteo34290 (660)
Seat 3: _SKR (240)
*** ANTE/BLINDS ***
_SKR posts small blind 15
Matteo34290 posts big blind 30
Dealt to _SKR [4s Tc]
*** PRE-FLOP *** 
_SKR folds
Matteo34290 collected 45 from pot
*** SUMMARY ***
Total pot 45 | No rake
Seat 1: Matteo34290 (big blind) won 45


Winamax Poker - Tournament "Expresso Nitro" buyIn: 0.93€ + 0.07€ level: 2 - HandId: #2671037472732872705-6-1673527949 - Holdem no limit (15/30) - 2023/01/12 12:52:29 UTC
Table: 'Expresso Nitro(621899374)#0' 3-max (real money) Seat #1 is the button
Seat 1: Matteo34290 (675)
Seat 3: _SKR (225)
*** ANTE/BLINDS ***
Matteo34290 posts small blind 15
_SKR posts big blind 30
Dealt to _SKR [Tc 7c]
*** PRE-FLOP *** 
Matteo34290 folds
_SKR collected 45 from pot
*** SUMMARY ***
Total pot 45 | No rake
Seat 3: _SKR (big blind) won 45


Winamax Poker - Tournament "Expresso Nitro" buyIn: 0.93€ + 0.07€ level: 2 - HandId: #2671037472732872705-7-1673527956 - Holdem no limit (15/30) - 2023/01/12 12:52:36 UTC
Table: 'Expresso Nitro(621899374)#0' 3-max (real money) Seat #3 is the button
Seat 1: Matteo34290 (660)
Seat 3: _SKR (240)
*** ANTE/BLINDS ***
_SKR posts small blind 15
Matteo34290 posts big blind 30
Dealt to _SKR [Kc 2c]
*** PRE-FLOP *** 
_SKR raises 210 to 240 and is all-in
Matteo34290 calls 210
*** FLOP *** [Td Tc 5h]
*** TURN *** [Td Tc 5h][Jh]
*** RIVER *** [Td Tc 5h Jh][9c]
*** SHOW DOWN ***
Matteo34290 shows [3h Kd] (One pair : Tens)
_SKR shows [Kc 2c] (One pair : Tens)
_SKR collected 240 from pot
Matteo34290 collected 240 from pot
*** SUMMARY ***
Total pot 480 | No rake
Board: [Td Tc 5h Jh 9c]
Seat 1: Matteo34290 (big blind) showed [3h Kd] and won 240 with One pair : Tens
Seat 3: _SKR (small blind) (button) showed [Kc 2c] and won 240 with One pair : Tens


Winamax Poker - Tournament "Expresso Nitro" buyIn: 0.93€ + 0.07€ level: 2 - HandId: #2671037472732872705-8-1673527970 - Holdem no limit (15/30) - 2023/01/12 12:52:50 UTC
Table: 'Expresso Nitro(621899374)#0' 3-max (real money) Seat #1 is the button
Seat 1: Matteo34290 (660)
Seat 3: _SKR (240)
*** ANTE/BLINDS ***
Matteo34290 posts small blind 15
_SKR posts big blind 30
Dealt to _SKR [7d 4d]
*** PRE-FLOP *** 
Matteo34290 folds
_SKR collected 45 from pot
*** SUMMARY ***
Total pot 45 | No rake
Seat 3: _SKR (big blind) won 45


Winamax Poker - Tournament "Expresso Nitro" buyIn: 0.93€ + 0.07€ level: 2 - HandId: #2671037472732872705-9-1673527980 - Holdem no limit (15/30) - 2023/01/12 12:53:00 UTC
Table: 'Expresso Nitro(621899374)#0' 3-max (real money) Seat #3 is the button
Seat 1: Matteo34290 (645)
Seat 3: _SKR (255)
*** ANTE/BLINDS ***
_SKR posts small blind 15
Matteo34290 posts big blind 30
Dealt to _SKR [3s Js]
*** PRE-FLOP *** 
_SKR folds
Matteo34290 collected 45 from pot
*** SUMMARY ***
Total pot 45 | No rake
Seat 1: Matteo34290 (big blind) won 45


Winamax Poker - Tournament "Expresso Nitro" buyIn: 0.93€ + 0.07€ level: 2 - HandId: #2671037472732872705-10-1673527986 - Holdem no limit (15/30) - 2023/01/12 12:53:06 UTC
Table: 'Expresso Nitro(621899374)#0' 3-max (real money) Seat #1 is the button
Seat 1: Matteo34290 (660)
Seat 3: _SKR (240)
*** ANTE/BLINDS ***
Matteo34290 posts small blind 15
_SKR posts big blind 30
Dealt to _SKR [7c 6c]
*** PRE-FLOP *** 
Matteo34290 raises 60 to 90
_SKR folds
Matteo34290 collected 120 from pot
*** SUMMARY ***
Total pot 120 | No rake
Seat 1: Matteo34290 (small blind) (button) won 120


Winamax Poker - Tournament "Expresso Nitro" buyIn: 0.93€ + 0.07€ level: 3 - HandId: #2671037472732872705-11-1673528007 - Holdem no limit (20/40) - 2023/01/12 12:53:27 UTC
Table: 'Expresso Nitro(621899374)#0' 3-max (real money) Seat #3 is the button
Seat 1: Matteo34290 (690)
Seat 3: _SKR (210)
*** ANTE/BLINDS ***
_SKR posts small blind 20
Matteo34290 posts big blind 40
Dealt to _SKR [2c 2h]
*** PRE-FLOP *** 
_SKR raises 170 to 210 and is all-in
Matteo34290 calls 170
*** FLOP *** [Ts 9s Kh]
*** TURN *** [Ts 9s Kh][6c]
*** RIVER *** [Ts 9s Kh 6c][9d]
*** SHOW DOWN ***
Matteo34290 shows [3c 4c] (One pair : 9)
_SKR shows [2c 2h] (Two pairs : 9 and 2)
_SKR collected 420 from pot
*** SUMMARY ***
Total pot 420 | No rake
Board: [Ts 9s Kh 6c 9d]
Seat 1: Matteo34290 (big blind) showed [3c 4c] and lost with One pair : 9
Seat 3: _SKR (small blind) (button) showed [2c 2h] and won 420 with Two pairs : 9 and 2


Winamax Poker - Tournament "Expresso Nitro" buyIn: 0.93€ + 0.07€ level: 3 - HandId: #2671037472732872705-12-1673528022 - Holdem no limit (20/40) - 2023/01/12 12:53:42 UTC
Table: 'Expresso Nitro(621899374)#0' 3-max (real money) Seat #1 is the button
Seat 1: Matteo34290 (480)
Seat 3: _SKR (420)
*** ANTE/BLINDS ***
Matteo34290 posts small blind 20
_SKR posts big blind 40
Dealt to _SKR [Qh 5d]
*** PRE-FLOP *** 
Matteo34290 raises 440 to 480 and is all-in
_SKR folds
Matteo34290 collected 520 from pot
*** SUMMARY ***
Total pot 520 | No rake
Seat 1: Matteo34290 (small blind) (button) won 520


Winamax Poker - Tournament "Expresso Nitro" buyIn: 0.93€ + 0.07€ level: 3 - HandId: #2671037472732872705-13-1673528027 - Holdem no limit (20/40) - 2023/01/12 12:53:47 UTC
Table: 'Expresso Nitro(621899374)#0' 3-max (real money) Seat #3 is the button
Seat 1: Matteo34290 (520)
Seat 3: _SKR (380)
*** ANTE/BLINDS ***
_SKR posts small blind 20
Matteo34290 posts big blind 40
Dealt to _SKR [6d Jd]
*** PRE-FLOP *** 
_SKR raises 340 to 380 and is all-in
Matteo34290 folds
_SKR collected 420 from pot
*** SUMMARY ***
Total pot 420 | No rake
Seat 3: _SKR (small blind) (button) won 420


Winamax Poker - Tournament "Expresso Nitro" buyIn: 0.93€ + 0.07€ level: 3 - HandId: #2671037472732872705-14-1673528037 - Holdem no limit (20/40) - 2023/01/12 12:53:57 UTC
Table: 'Expresso Nitro(621899374)#0' 3-max (real money) Seat #1 is the button
Seat 1: Matteo34290 (480)
Seat 3: _SKR (420)
*** ANTE/BLINDS ***
Matteo34290 posts small blind 20
_SKR posts big blind 40
Dealt to _SKR [4s 3c]
*** PRE-FLOP *** 
Matteo34290 raises 80 to 120
_SKR folds
Matteo34290 collected 160 from pot
*** SUMMARY ***
Total pot 160 | No rake
Seat 1: Matteo34290 (small blind) (button) won 160


Winamax Poker - Tournament "Expresso Nitro" buyIn: 0.93€ + 0.07€ level: 4 - HandId: #2671037472732872705-15-1673528056 - Holdem no limit (30/60) - 2023/01/12 12:54:16 UTC
Table: 'Expresso Nitro(621899374)#0' 3-max (real money) Seat #3 is the button
Seat 1: Matteo34290 (520)
Seat 3: _SKR (380)
*** ANTE/BLINDS ***
_SKR posts small blind 30
Matteo34290 posts big blind 60
Dealt to _SKR [Jd 4s]
*** PRE-FLOP *** 
_SKR folds
Matteo34290 collected 90 from pot
*** SUMMARY ***
Total pot 90 | No rake
Seat 1: Matteo34290 (big blind) won 90


Winamax Poker - Tournament "Expresso Nitro" buyIn: 0.93€ + 0.07€ level: 4 - HandId: #2671037472732872705-16-1673528063 - Holdem no limit (30/60) - 2023/01/12 12:54:23 UTC
Table: 'Expresso Nitro(621899374)#0' 3-max (real money) Seat #1 is the button
Seat 1: Matteo34290 (550)
Seat 3: _SKR (350)
*** ANTE/BLINDS ***
Matteo34290 posts small blind 30
_SKR posts big blind 60
Dealt to _SKR [Js 6s]
*** PRE-FLOP *** 
Matteo34290 folds
_SKR collected 90 from pot
*** SUMMARY ***
Total pot 90 | No rake
Seat 3: _SKR (big blind) won 90


Winamax Poker - Tournament "Expresso Nitro" buyIn: 0.93€ + 0.07€ level: 4 - HandId: #2671037472732872705-17-1673528067 - Holdem no limit (30/60) - 2023/01/12 12:54:27 UTC
Table: 'Expresso Nitro(621899374)#0' 3-max (real money) Seat #3 is the button
Seat 1: Matteo34290 (520)
Seat 3: _SKR (380)
*** ANTE/BLINDS ***
_SKR posts small blind 30
Matteo34290 posts big blind 60
Dealt to _SKR [Qd Ac]
*** PRE-FLOP *** 
_SKR raises 320 to 380 and is all-in
Matteo34290 folds
_SKR collected 440 from pot
*** SUMMARY ***
Total pot 440 | No rake
Seat 3: _SKR (small blind) (button) won 440


Winamax Poker - Tournament "Expresso Nitro" buyIn: 0.93€ + 0.07€ level: 4 - HandId: #2671037472732872705-18-1673528078 - Holdem no limit (30/60) - 2023/01/12 12:54:38 UTC
Table: 'Expresso Nitro(621899374)#0' 3-max (real money) Seat #1 is the button
Seat 1: Matteo34290 (460)
Seat 3: _SKR (440)
*** ANTE/BLINDS ***
Matteo34290 posts small blind 30
_SKR posts big blind 60
Dealt to _SKR [4s 3s]
*** PRE-FLOP *** 
Matteo34290 raises 60 to 120
_SKR calls 60
*** FLOP *** [9c Kh 9h]
_SKR checks
Matteo34290 bets 340 and is all-in
_SKR folds
Matteo34290 collected 580 from pot
*** SUMMARY ***
Total pot 580 | No rake
Board: [9c Kh 9h]
Seat 1: Matteo34290 (small blind) (button) won 580


Winamax Poker - Tournament "Expresso Nitro" buyIn: 0.93€ + 0.07€ level: 4 - HandId: #2671037472732872705-19-1673528098 - Holdem no limit (30/60) - 2023/01/12 12:54:58 UTC
Table: 'Expresso Nitro(621899374)#0' 3-max (real money) Seat #3 is the button
Seat 1: Matteo34290 (580)
Seat 3: _SKR (320)
*** ANTE/BLINDS ***
_SKR posts small blind 30
Matteo34290 posts big blind 60
Dealt to _SKR [3d 6h]
*** PRE-FLOP *** 
_SKR folds
Matteo34290 collected 90 from pot
*** SUMMARY ***
Total pot 90 | No rake
Seat 1: Matteo34290 (big blind) won 90


Winamax Poker - Tournament "Expresso Nitro" buyIn: 0.93€ + 0.07€ level: 4 - HandId: #2671037472732872705-20-1673528101 - Holdem no limit (30/60) - 2023/01/12 12:55:01 UTC
Table: 'Expresso Nitro(621899374)#0' 3-max (real money) Seat #1 is the button
Seat 1: Matteo34290 (610)
Seat 3: _SKR (290)
*** ANTE/BLINDS ***
Matteo34290 posts small blind 30
_SKR posts big blind 60
Dealt to _SKR [Js 5h]
*** PRE-FLOP *** 
Matteo34290 folds
_SKR collected 90 from pot
*** SUMMARY ***
Total pot 90 | No rake
Seat 3: _SKR (big blind) won 90


Winamax Poker - Tournament "Expresso Nitro" buyIn: 0.93€ + 0.07€ level: 4 - HandId: #2671037472732872705-21-1673528106 - Holdem no limit (30/60) - 2023/01/12 12:55:06 UTC
Table: 'Expresso Nitro(621899374)#0' 3-max (real money) Seat #3 is the button
Seat 1: Matteo34290 (580)
Seat 3: _SKR (320)
*** ANTE/BLINDS ***
_SKR posts small blind 30
Matteo34290 posts big blind 60
Dealt to _SKR [Js 4s]
*** PRE-FLOP *** 
_SKR raises 260 to 320 and is all-in
Matteo34290 calls 260
*** FLOP *** [9c 3s Kc]
*** TURN *** [9c 3s Kc][3d]
*** RIVER *** [9c 3s Kc 3d][7c]
*** SHOW DOWN ***
_SKR shows [Js 4s] (One pair : 3)
Matteo34290 shows [8d 9d] (Two pairs : 9 and 3)
Matteo34290 collected 640 from pot
*** SUMMARY ***
Total pot 640 | No rake
Board: [9c 3s Kc 3d 7c]
Seat 1: Matteo34290 (big blind) showed [8d 9d] and won 640 with Two pairs : 9 and 3
Seat 3: _SKR (small blind) (button) showed [Js 4s] and lost with One pair : 3


