Winamax Poker - Tournament "Expresso Nitro" buyIn: 1.86€ + 0.14€ level: 1 - HandId: #2697304865649983489-1-1675116992 - Holdem no limit (10/20) - 2023/01/30 22:16:32 UTC
Table: 'Expresso Nitro(628015228)#0' 3-max (real money) Seat #1 is the button
Seat 1: nahedy31 (300)
Seat 2: _SKR (300)
Seat 3: Demule3801 (300)
*** ANTE/BLINDS ***
_SKR posts small blind 10
Demule3801 posts big blind 20
Dealt to _SKR [5s 6c]
*** PRE-FLOP *** 
nahedy31 folds
_SKR folds
Demule3801 collected 30 from pot
*** SUMMARY ***
Total pot 30 | No rake
Seat 3: Demule3801 (big blind) won 30


Winamax Poker - Tournament "Expresso Nitro" buyIn: 1.86€ + 0.14€ level: 1 - HandId: #2697304865649983489-2-1675116997 - Holdem no limit (10/20) - 2023/01/30 22:16:37 UTC
Table: 'Expresso Nitro(628015228)#0' 3-max (real money) Seat #2 is the button
Seat 1: nahedy31 (300)
Seat 2: _SKR (290)
Seat 3: Demule3801 (310)
*** ANTE/BLINDS ***
Demule3801 posts small blind 10
nahedy31 posts big blind 20
Dealt to _SKR [9s Ac]
*** PRE-FLOP *** 
_SKR raises 270 to 290 and is all-in
Demule3801 folds
nahedy31 folds
_SKR collected 320 from pot
*** SUMMARY ***
Total pot 320 | No rake
Seat 2: _SKR (button) won 320


Winamax Poker - Tournament "Expresso Nitro" buyIn: 1.86€ + 0.14€ level: 1 - HandId: #2697304865649983489-3-1675117017 - Holdem no limit (10/20) - 2023/01/30 22:16:57 UTC
Table: 'Expresso Nitro(628015228)#0' 3-max (real money) Seat #3 is the button
Seat 1: nahedy31 (280)
Seat 2: _SKR (320)
Seat 3: Demule3801 (300)
*** ANTE/BLINDS ***
nahedy31 posts small blind 10
_SKR posts big blind 20
Dealt to _SKR [Kd 3d]
*** PRE-FLOP *** 
Demule3801 folds
nahedy31 folds
_SKR collected 30 from pot
*** SUMMARY ***
Total pot 30 | No rake
Seat 2: _SKR (big blind) won 30


Winamax Poker - Tournament "Expresso Nitro" buyIn: 1.86€ + 0.14€ level: 1 - HandId: #2697304865649983489-4-1675117021 - Holdem no limit (10/20) - 2023/01/30 22:17:01 UTC
Table: 'Expresso Nitro(628015228)#0' 3-max (real money) Seat #1 is the button
Seat 1: nahedy31 (270)
Seat 2: _SKR (330)
Seat 3: Demule3801 (300)
*** ANTE/BLINDS ***
_SKR posts small blind 10
Demule3801 posts big blind 20
Dealt to _SKR [4d 3h]
*** PRE-FLOP *** 
nahedy31 folds
_SKR folds
Demule3801 collected 30 from pot
*** SUMMARY ***
Total pot 30 | No rake
Seat 3: Demule3801 (big blind) won 30


Winamax Poker - Tournament "Expresso Nitro" buyIn: 1.86€ + 0.14€ level: 1 - HandId: #2697304865649983489-5-1675117030 - Holdem no limit (10/20) - 2023/01/30 22:17:10 UTC
Table: 'Expresso Nitro(628015228)#0' 3-max (real money) Seat #2 is the button
Seat 1: nahedy31 (270)
Seat 2: _SKR (320)
Seat 3: Demule3801 (310)
*** ANTE/BLINDS ***
Demule3801 posts small blind 10
nahedy31 posts big blind 20
Dealt to _SKR [Jh 9h]
*** PRE-FLOP *** 
_SKR folds
Demule3801 calls 10
nahedy31 checks
*** FLOP *** [5s Ad 6d]
Demule3801 checks
nahedy31 checks
*** TURN *** [5s Ad 6d][5d]
Demule3801 checks
nahedy31 bets 26
Demule3801 folds
nahedy31 collected 66 from pot
*** SUMMARY ***
Total pot 66 | No rake
Board: [5s Ad 6d 5d]
Seat 1: nahedy31 (big blind) won 66


Winamax Poker - Tournament "Expresso Nitro" buyIn: 1.86€ + 0.14€ level: 1 - HandId: #2697304865649983489-6-1675117046 - Holdem no limit (10/20) - 2023/01/30 22:17:26 UTC
Table: 'Expresso Nitro(628015228)#0' 3-max (real money) Seat #3 is the button
Seat 1: nahedy31 (290)
Seat 2: _SKR (320)
Seat 3: Demule3801 (290)
*** ANTE/BLINDS ***
nahedy31 posts small blind 10
_SKR posts big blind 20
Dealt to _SKR [6c Tc]
*** PRE-FLOP *** 
Demule3801 folds
nahedy31 folds
_SKR collected 30 from pot
*** SUMMARY ***
Total pot 30 | No rake
Seat 2: _SKR (big blind) won 30


Winamax Poker - Tournament "Expresso Nitro" buyIn: 1.86€ + 0.14€ level: 2 - HandId: #2697304865649983489-7-1675117050 - Holdem no limit (15/30) - 2023/01/30 22:17:30 UTC
Table: 'Expresso Nitro(628015228)#0' 3-max (real money) Seat #1 is the button
Seat 1: nahedy31 (280)
Seat 2: _SKR (330)
Seat 3: Demule3801 (290)
*** ANTE/BLINDS ***
_SKR posts small blind 15
Demule3801 posts big blind 30
Dealt to _SKR [9c 4c]
*** PRE-FLOP *** 
nahedy31 folds
_SKR folds
Demule3801 collected 45 from pot
*** SUMMARY ***
Total pot 45 | No rake
Seat 3: Demule3801 (big blind) won 45


Winamax Poker - Tournament "Expresso Nitro" buyIn: 1.86€ + 0.14€ level: 2 - HandId: #2697304865649983489-8-1675117054 - Holdem no limit (15/30) - 2023/01/30 22:17:34 UTC
Table: 'Expresso Nitro(628015228)#0' 3-max (real money) Seat #2 is the button
Seat 1: nahedy31 (280)
Seat 2: _SKR (315)
Seat 3: Demule3801 (305)
*** ANTE/BLINDS ***
Demule3801 posts small blind 15
nahedy31 posts big blind 30
Dealt to _SKR [Ac Td]
*** PRE-FLOP *** 
_SKR raises 285 to 315 and is all-in
Demule3801 folds
nahedy31 calls 250 and is all-in
*** FLOP *** [9s 9h 5h]
*** TURN *** [9s 9h 5h][Js]
*** RIVER *** [9s 9h 5h Js][6s]
*** SHOW DOWN ***
nahedy31 shows [Jc Kc] (Two pairs : Jacks and 9)
_SKR shows [Ac Td] (One pair : 9)
_SKR collected 35 from side pot 1
nahedy31 collected 575 from main pot
*** SUMMARY ***
Total pot 610 | No rake
Board: [9s 9h 5h Js 6s]
Seat 1: nahedy31 (big blind) showed [Jc Kc] and won 575 with Two pairs : Jacks and 9
Seat 2: _SKR (button) showed [Ac Td] and won 35 with One pair : 9


Winamax Poker - Tournament "Expresso Nitro" buyIn: 1.86€ + 0.14€ level: 2 - HandId: #2697304865649983489-9-1675117066 - Holdem no limit (15/30) - 2023/01/30 22:17:46 UTC
Table: 'Expresso Nitro(628015228)#0' 3-max (real money) Seat #3 is the button
Seat 1: nahedy31 (575)
Seat 2: _SKR (35)
Seat 3: Demule3801 (290)
*** ANTE/BLINDS ***
nahedy31 posts small blind 15
_SKR posts big blind 30
Dealt to _SKR [Qh Qd]
*** PRE-FLOP *** 
Demule3801 folds
nahedy31 folds
_SKR collected 45 from pot
*** SUMMARY ***
Total pot 45 | No rake
Seat 2: _SKR (big blind) won 45


Winamax Poker - Tournament "Expresso Nitro" buyIn: 1.86€ + 0.14€ level: 2 - HandId: #2697304865649983489-10-1675117070 - Holdem no limit (15/30) - 2023/01/30 22:17:50 UTC
Table: 'Expresso Nitro(628015228)#0' 3-max (real money) Seat #1 is the button
Seat 1: nahedy31 (560)
Seat 2: _SKR (50)
Seat 3: Demule3801 (290)
*** ANTE/BLINDS ***
_SKR posts small blind 15
Demule3801 posts big blind 30
Dealt to _SKR [7d 2d]
*** PRE-FLOP *** 
nahedy31 folds
_SKR folds
Demule3801 collected 45 from pot
*** SUMMARY ***
Total pot 45 | No rake
Seat 3: Demule3801 (big blind) won 45


Winamax Poker - Tournament "Expresso Nitro" buyIn: 1.86€ + 0.14€ level: 2 - HandId: #2697304865649983489-11-1675117077 - Holdem no limit (15/30) - 2023/01/30 22:17:57 UTC
Table: 'Expresso Nitro(628015228)#0' 3-max (real money) Seat #2 is the button
Seat 1: nahedy31 (560)
Seat 2: _SKR (35)
Seat 3: Demule3801 (305)
*** ANTE/BLINDS ***
Demule3801 posts small blind 15
nahedy31 posts big blind 30
Dealt to _SKR [9d Tc]
*** PRE-FLOP *** 
_SKR raises 5 to 35 and is all-in
Demule3801 calls 20
nahedy31 calls 5
*** FLOP *** [2h Jc 5s]
Demule3801 bets 37
nahedy31 calls 37
*** TURN *** [2h Jc 5s][2s]
Demule3801 checks
nahedy31 checks
*** RIVER *** [2h Jc 5s 2s][4c]
Demule3801 checks
nahedy31 bets 179
Demule3801 folds
*** SHOW DOWN ***
_SKR shows [9d Tc] (One pair : 2)
nahedy31 shows [Kc 5h] (Two pairs : 5 and 2)
nahedy31 collected 358 from pot
*** SUMMARY ***
Total pot 358 | No rake
Board: [2h Jc 5s 2s 4c]
Seat 1: nahedy31 (big blind) showed [Kc 5h] and won 358 with Two pairs : 5 and 2
Seat 2: _SKR (button) showed [9d Tc] and lost with One pair : 2


