Winamax Poker - Tournament "Expresso Nitro" buyIn: 1.86€ + 0.14€ level: 1 - HandId: #2696860924945367041-1-1675101014 - Holdem no limit (10/20) - 2023/01/30 17:50:14 UTC
Table: 'Expresso Nitro(627911865)#0' 3-max (real money) Seat #1 is the button
Seat 1: _SKR (300)
Seat 2: Idrissi2020 (300)
Seat 3: AORAKI (300)
*** ANTE/BLINDS ***
Idrissi2020 posts small blind 10
AORAKI posts big blind 20
Dealt to _SKR [Qc 2c]
*** PRE-FLOP *** 
_SKR folds
Idrissi2020 raises 280 to 300 and is all-in
AORAKI folds
Idrissi2020 collected 320 from pot
*** SUMMARY ***
Total pot 320 | No rake
Seat 2: Idrissi2020 (small blind) won 320


Winamax Poker - Tournament "Expresso Nitro" buyIn: 1.86€ + 0.14€ level: 1 - HandId: #2696860924945367041-2-1675101019 - Holdem no limit (10/20) - 2023/01/30 17:50:19 UTC
Table: 'Expresso Nitro(627911865)#0' 3-max (real money) Seat #2 is the button
Seat 1: _SKR (300)
Seat 2: Idrissi2020 (320)
Seat 3: AORAKI (280)
*** ANTE/BLINDS ***
AORAKI posts small blind 10
_SKR posts big blind 20
Dealt to _SKR [8s 8d]
*** PRE-FLOP *** 
Idrissi2020 folds
AORAKI folds
_SKR collected 30 from pot
*** SUMMARY ***
Total pot 30 | No rake
Seat 1: _SKR (big blind) won 30


Winamax Poker - Tournament "Expresso Nitro" buyIn: 1.86€ + 0.14€ level: 1 - HandId: #2696860924945367041-3-1675101025 - Holdem no limit (10/20) - 2023/01/30 17:50:25 UTC
Table: 'Expresso Nitro(627911865)#0' 3-max (real money) Seat #3 is the button
Seat 1: _SKR (310)
Seat 2: Idrissi2020 (320)
Seat 3: AORAKI (270)
*** ANTE/BLINDS ***
_SKR posts small blind 10
Idrissi2020 posts big blind 20
Dealt to _SKR [Td 7s]
*** PRE-FLOP *** 
AORAKI raises 250 to 270 and is all-in
_SKR folds
Idrissi2020 folds
AORAKI collected 300 from pot
*** SUMMARY ***
Total pot 300 | No rake
Seat 3: AORAKI (button) won 300


Winamax Poker - Tournament "Expresso Nitro" buyIn: 1.86€ + 0.14€ level: 1 - HandId: #2696860924945367041-4-1675101041 - Holdem no limit (10/20) - 2023/01/30 17:50:41 UTC
Table: 'Expresso Nitro(627911865)#0' 3-max (real money) Seat #1 is the button
Seat 1: _SKR (300)
Seat 2: Idrissi2020 (300)
Seat 3: AORAKI (300)
*** ANTE/BLINDS ***
Idrissi2020 posts small blind 10
AORAKI posts big blind 20
Dealt to _SKR [9s 3d]
*** PRE-FLOP *** 
_SKR folds
Idrissi2020 raises 280 to 300 and is all-in
AORAKI folds
Idrissi2020 collected 320 from pot
*** SUMMARY ***
Total pot 320 | No rake
Seat 2: Idrissi2020 (small blind) won 320


Winamax Poker - Tournament "Expresso Nitro" buyIn: 1.86€ + 0.14€ level: 1 - HandId: #2696860924945367041-5-1675101049 - Holdem no limit (10/20) - 2023/01/30 17:50:49 UTC
Table: 'Expresso Nitro(627911865)#0' 3-max (real money) Seat #2 is the button
Seat 1: _SKR (300)
Seat 2: Idrissi2020 (320)
Seat 3: AORAKI (280)
*** ANTE/BLINDS ***
AORAKI posts small blind 10
_SKR posts big blind 20
Dealt to _SKR [4d 9h]
*** PRE-FLOP *** 
Idrissi2020 calls 20
AORAKI calls 10
_SKR checks
*** FLOP *** [Jh 6d 7h]
AORAKI checks
_SKR checks
Idrissi2020 bets 20
AORAKI folds
_SKR folds
Idrissi2020 collected 80 from pot
*** SUMMARY ***
Total pot 80 | No rake
Board: [Jh 6d 7h]
Seat 2: Idrissi2020 (button) won 80


Winamax Poker - Tournament "Expresso Nitro" buyIn: 1.86€ + 0.14€ level: 2 - HandId: #2696860924945367041-6-1675101072 - Holdem no limit (15/30) - 2023/01/30 17:51:12 UTC
Table: 'Expresso Nitro(627911865)#0' 3-max (real money) Seat #3 is the button
Seat 1: _SKR (280)
Seat 2: Idrissi2020 (360)
Seat 3: AORAKI (260)
*** ANTE/BLINDS ***
_SKR posts small blind 15
Idrissi2020 posts big blind 30
Dealt to _SKR [Kc 8c]
*** PRE-FLOP *** 
AORAKI folds
_SKR raises 250 to 280 and is all-in
Idrissi2020 folds
_SKR collected 310 from pot
*** SUMMARY ***
Total pot 310 | No rake
Seat 1: _SKR (small blind) won 310


Winamax Poker - Tournament "Expresso Nitro" buyIn: 1.86€ + 0.14€ level: 2 - HandId: #2696860924945367041-7-1675101080 - Holdem no limit (15/30) - 2023/01/30 17:51:20 UTC
Table: 'Expresso Nitro(627911865)#0' 3-max (real money) Seat #1 is the button
Seat 1: _SKR (310)
Seat 2: Idrissi2020 (330)
Seat 3: AORAKI (260)
*** ANTE/BLINDS ***
Idrissi2020 posts small blind 15
AORAKI posts big blind 30
Dealt to _SKR [Qd 7h]
*** PRE-FLOP *** 
_SKR folds
Idrissi2020 folds
AORAKI collected 45 from pot
*** SUMMARY ***
Total pot 45 | No rake
Seat 3: AORAKI (big blind) won 45


Winamax Poker - Tournament "Expresso Nitro" buyIn: 1.86€ + 0.14€ level: 2 - HandId: #2696860924945367041-8-1675101086 - Holdem no limit (15/30) - 2023/01/30 17:51:26 UTC
Table: 'Expresso Nitro(627911865)#0' 3-max (real money) Seat #2 is the button
Seat 1: _SKR (310)
Seat 2: Idrissi2020 (315)
Seat 3: AORAKI (275)
*** ANTE/BLINDS ***
AORAKI posts small blind 15
_SKR posts big blind 30
Dealt to _SKR [5c 2d]
*** PRE-FLOP *** 
Idrissi2020 calls 30
AORAKI calls 15
_SKR checks
*** FLOP *** [8d Jd 9s]
AORAKI bets 30
_SKR folds
Idrissi2020 calls 30
*** TURN *** [8d Jd 9s][2h]
AORAKI bets 215 and is all-in
Idrissi2020 calls 215
*** RIVER *** [8d Jd 9s 2h][6d]
*** SHOW DOWN ***
Idrissi2020 shows [9h Td] (One pair : 9)
AORAKI shows [9d Jh] (Two pairs : Jacks and 9)
AORAKI collected 580 from pot
*** SUMMARY ***
Total pot 580 | No rake
Board: [8d Jd 9s 2h 6d]
Seat 2: Idrissi2020 (button) showed [9h Td] and lost with One pair : 9
Seat 3: AORAKI (small blind) showed [9d Jh] and won 580 with Two pairs : Jacks and 9


Winamax Poker - Tournament "Expresso Nitro" buyIn: 1.86€ + 0.14€ level: 2 - HandId: #2696860924945367041-9-1675101118 - Holdem no limit (15/30) - 2023/01/30 17:51:58 UTC
Table: 'Expresso Nitro(627911865)#0' 3-max (real money) Seat #3 is the button
Seat 1: _SKR (280)
Seat 2: Idrissi2020 (40)
Seat 3: AORAKI (580)
*** ANTE/BLINDS ***
_SKR posts small blind 15
Idrissi2020 posts big blind 30
Dealt to _SKR [Td Kd]
*** PRE-FLOP *** 
AORAKI folds
_SKR raises 250 to 280 and is all-in
Idrissi2020 calls 10 and is all-in
*** FLOP *** [6h 2s Qs]
*** TURN *** [6h 2s Qs][Ac]
*** RIVER *** [6h 2s Qs Ac][Ad]
*** SHOW DOWN ***
_SKR shows [Td Kd] (One pair : Aces)
Idrissi2020 shows [7h Ah] (Trips of Aces)
Idrissi2020 collected 80 from main pot
_SKR collected 240 from side pot 1
*** SUMMARY ***
Total pot 320 | No rake
Board: [6h 2s Qs Ac Ad]
Seat 1: _SKR (small blind) showed [Td Kd] and won 240 with One pair : Aces
Seat 2: Idrissi2020 (big blind) showed [7h Ah] and won 80 with Trips of Aces


Winamax Poker - Tournament "Expresso Nitro" buyIn: 1.86€ + 0.14€ level: 3 - HandId: #2696860924945367041-10-1675101132 - Holdem no limit (20/40) - 2023/01/30 17:52:12 UTC
Table: 'Expresso Nitro(627911865)#0' 3-max (real money) Seat #1 is the button
Seat 1: _SKR (240)
Seat 2: Idrissi2020 (80)
Seat 3: AORAKI (580)
*** ANTE/BLINDS ***
Idrissi2020 posts small blind 20
AORAKI posts big blind 40
Dealt to _SKR [9c 7h]
*** PRE-FLOP *** 
_SKR folds
Idrissi2020 raises 40 to 80 and is all-in
AORAKI raises 40 to 120
*** FLOP *** [Qc 6d Jc]
*** TURN *** [Qc 6d Jc][Th]
*** RIVER *** [Qc 6d Jc Th][4h]
*** SHOW DOWN ***
Idrissi2020 shows [Jh As] (One pair : Jacks)
AORAKI shows [6c 6h] (Trips of 6)
AORAKI collected 200 from pot
*** SUMMARY ***
Total pot 200 | No rake
Board: [Qc 6d Jc Th 4h]
Seat 2: Idrissi2020 (small blind) showed [Jh As] and lost with One pair : Jacks
Seat 3: AORAKI (big blind) showed [6c 6h] and won 200 with Trips of 6


Winamax Poker - Tournament "Expresso Nitro" buyIn: 1.86€ + 0.14€ level: 3 - HandId: #2696860924945367041-11-1675101146 - Holdem no limit (20/40) - 2023/01/30 17:52:26 UTC
Table: 'Expresso Nitro(627911865)#0' 3-max (real money) Seat #3 is the button
Seat 1: _SKR (240)
Seat 3: AORAKI (660)
*** ANTE/BLINDS ***
AORAKI posts small blind 20
_SKR posts big blind 40
Dealt to _SKR [5h Th]
*** PRE-FLOP *** 
AORAKI raises 620 to 660 and is all-in
_SKR folds
AORAKI collected 700 from pot
*** SUMMARY ***
Total pot 700 | No rake
Seat 3: AORAKI (small blind) (button) won 700


Winamax Poker - Tournament "Expresso Nitro" buyIn: 1.86€ + 0.14€ level: 3 - HandId: #2696860924945367041-12-1675101156 - Holdem no limit (20/40) - 2023/01/30 17:52:36 UTC
Table: 'Expresso Nitro(627911865)#0' 3-max (real money) Seat #1 is the button
Seat 1: _SKR (200)
Seat 3: AORAKI (700)
*** ANTE/BLINDS ***
_SKR posts small blind 20
AORAKI posts big blind 40
Dealt to _SKR [Ac 3s]
*** PRE-FLOP *** 
_SKR raises 160 to 200 and is all-in
AORAKI folds
_SKR collected 240 from pot
*** SUMMARY ***
Total pot 240 | No rake
Seat 1: _SKR (small blind) (button) won 240


Winamax Poker - Tournament "Expresso Nitro" buyIn: 1.86€ + 0.14€ level: 3 - HandId: #2696860924945367041-13-1675101163 - Holdem no limit (20/40) - 2023/01/30 17:52:43 UTC
Table: 'Expresso Nitro(627911865)#0' 3-max (real money) Seat #3 is the button
Seat 1: _SKR (240)
Seat 3: AORAKI (660)
*** ANTE/BLINDS ***
AORAKI posts small blind 20
_SKR posts big blind 40
Dealt to _SKR [2h Kd]
*** PRE-FLOP *** 
AORAKI folds
_SKR collected 60 from pot
*** SUMMARY ***
Total pot 60 | No rake
Seat 1: _SKR (big blind) won 60


Winamax Poker - Tournament "Expresso Nitro" buyIn: 1.86€ + 0.14€ level: 3 - HandId: #2696860924945367041-14-1675101167 - Holdem no limit (20/40) - 2023/01/30 17:52:47 UTC
Table: 'Expresso Nitro(627911865)#0' 3-max (real money) Seat #1 is the button
Seat 1: _SKR (260)
Seat 3: AORAKI (640)
*** ANTE/BLINDS ***
_SKR posts small blind 20
AORAKI posts big blind 40
Dealt to _SKR [Qh Kd]
*** PRE-FLOP *** 
_SKR raises 220 to 260 and is all-in
AORAKI folds
_SKR collected 300 from pot
*** SUMMARY ***
Total pot 300 | No rake
Seat 1: _SKR (small blind) (button) won 300


Winamax Poker - Tournament "Expresso Nitro" buyIn: 1.86€ + 0.14€ level: 3 - HandId: #2696860924945367041-15-1675101174 - Holdem no limit (20/40) - 2023/01/30 17:52:54 UTC
Table: 'Expresso Nitro(627911865)#0' 3-max (real money) Seat #3 is the button
Seat 1: _SKR (300)
Seat 3: AORAKI (600)
*** ANTE/BLINDS ***
AORAKI posts small blind 20
_SKR posts big blind 40
Dealt to _SKR [Kd 5h]
*** PRE-FLOP *** 
AORAKI folds
_SKR collected 60 from pot
*** SUMMARY ***
Total pot 60 | No rake
Seat 1: _SKR (big blind) won 60


Winamax Poker - Tournament "Expresso Nitro" buyIn: 1.86€ + 0.14€ level: 3 - HandId: #2696860924945367041-16-1675101179 - Holdem no limit (20/40) - 2023/01/30 17:52:59 UTC
Table: 'Expresso Nitro(627911865)#0' 3-max (real money) Seat #1 is the button
Seat 1: _SKR (320)
Seat 3: AORAKI (580)
*** ANTE/BLINDS ***
_SKR posts small blind 20
AORAKI posts big blind 40
Dealt to _SKR [Kh Qc]
*** PRE-FLOP *** 
_SKR raises 280 to 320 and is all-in
AORAKI raises 260 to 580 and is all-in
*** FLOP *** [8c 9d 5h]
*** TURN *** [8c 9d 5h][9s]
*** RIVER *** [8c 9d 5h 9s][Jc]
*** SHOW DOWN ***
_SKR shows [Kh Qc] (One pair : 9)
AORAKI shows [7h 7c] (Two pairs : 9 and 7)
AORAKI collected 900 from pot
*** SUMMARY ***
Total pot 900 | No rake
Board: [8c 9d 5h 9s Jc]
Seat 1: _SKR (small blind) (button) showed [Kh Qc] and lost with One pair : 9
Seat 3: AORAKI (big blind) showed [7h 7c] and won 900 with Two pairs : 9 and 7


