Winamax Poker - Tournament "Expresso Nitro" buyIn: 0.93€ + 0.07€ level: 1 - HandId: #2671071939845423105-1-1673529722 - Holdem no limit (10/20) - 2023/01/12 13:22:02 UTC
Table: 'Expresso Nitro(621907399)#0' 3-max (real money) Seat #3 is the button
Seat 1: sergiopaola (300)
Seat 2: _SKR (300)
Seat 3: Vassol89 (300)
*** ANTE/BLINDS ***
sergiopaola posts small blind 10
_SKR posts big blind 20
Dealt to _SKR [3d 5c]
*** PRE-FLOP *** 
Vassol89 folds
sergiopaola calls 10
_SKR checks
*** FLOP *** [7s 3s Jd]
sergiopaola bets 20
_SKR calls 20
*** TURN *** [7s 3s Jd][8s]
sergiopaola bets 20
_SKR folds
sergiopaola collected 100 from pot
*** SUMMARY ***
Total pot 100 | No rake
Board: [7s 3s Jd 8s]
Seat 1: sergiopaola (small blind) won 100


Winamax Poker - Tournament "Expresso Nitro" buyIn: 0.93€ + 0.07€ level: 1 - HandId: #2671071939845423105-2-1673529749 - Holdem no limit (10/20) - 2023/01/12 13:22:29 UTC
Table: 'Expresso Nitro(621907399)#0' 3-max (real money) Seat #1 is the button
Seat 1: sergiopaola (340)
Seat 2: _SKR (260)
Seat 3: Vassol89 (300)
*** ANTE/BLINDS ***
_SKR posts small blind 10
Vassol89 posts big blind 20
Dealt to _SKR [Jd Ts]
*** PRE-FLOP *** 
sergiopaola folds
_SKR raises 20 to 40
Vassol89 folds
_SKR collected 60 from pot
*** SUMMARY ***
Total pot 60 | No rake
Seat 2: _SKR (small blind) won 60


Winamax Poker - Tournament "Expresso Nitro" buyIn: 0.93€ + 0.07€ level: 1 - HandId: #2671071939845423105-3-1673529762 - Holdem no limit (10/20) - 2023/01/12 13:22:42 UTC
Table: 'Expresso Nitro(621907399)#0' 3-max (real money) Seat #2 is the button
Seat 1: sergiopaola (340)
Seat 2: _SKR (280)
Seat 3: Vassol89 (280)
*** ANTE/BLINDS ***
Vassol89 posts small blind 10
sergiopaola posts big blind 20
Dealt to _SKR [Kd 9c]
*** PRE-FLOP *** 
_SKR raises 20 to 40
Vassol89 raises 240 to 280 and is all-in
sergiopaola folds
_SKR folds
Vassol89 collected 340 from pot
*** SUMMARY ***
Total pot 340 | No rake
Seat 3: Vassol89 (small blind) won 340


Winamax Poker - Tournament "Expresso Nitro" buyIn: 0.93€ + 0.07€ level: 1 - HandId: #2671071939845423105-4-1673529775 - Holdem no limit (10/20) - 2023/01/12 13:22:55 UTC
Table: 'Expresso Nitro(621907399)#0' 3-max (real money) Seat #3 is the button
Seat 1: sergiopaola (320)
Seat 2: _SKR (240)
Seat 3: Vassol89 (340)
*** ANTE/BLINDS ***
sergiopaola posts small blind 10
_SKR posts big blind 20
Dealt to _SKR [Kc 7c]
*** PRE-FLOP *** 
Vassol89 calls 20
sergiopaola calls 10
_SKR checks
*** FLOP *** [Jh Js 6h]
sergiopaola checks
_SKR checks
Vassol89 checks
*** TURN *** [Jh Js 6h][3c]
sergiopaola checks
_SKR checks
Vassol89 checks
*** RIVER *** [Jh Js 6h 3c][7s]
sergiopaola bets 20
_SKR calls 20
Vassol89 raises 29 to 49
sergiopaola folds
_SKR folds
Vassol89 collected 149 from pot
*** SUMMARY ***
Total pot 149 | No rake
Board: [Jh Js 6h 3c 7s]
Seat 3: Vassol89 (button) won 149


Winamax Poker - Tournament "Expresso Nitro" buyIn: 0.93€ + 0.07€ level: 2 - HandId: #2671071939845423105-5-1673529826 - Holdem no limit (15/30) - 2023/01/12 13:23:46 UTC
Table: 'Expresso Nitro(621907399)#0' 3-max (real money) Seat #1 is the button
Seat 1: sergiopaola (280)
Seat 2: _SKR (200)
Seat 3: Vassol89 (420)
*** ANTE/BLINDS ***
_SKR posts small blind 15
Vassol89 posts big blind 30
Dealt to _SKR [8d 4d]
*** PRE-FLOP *** 
sergiopaola folds
_SKR folds
Vassol89 collected 45 from pot
*** SUMMARY ***
Total pot 45 | No rake
Seat 3: Vassol89 (big blind) won 45


Winamax Poker - Tournament "Expresso Nitro" buyIn: 0.93€ + 0.07€ level: 2 - HandId: #2671071939845423105-6-1673529837 - Holdem no limit (15/30) - 2023/01/12 13:23:57 UTC
Table: 'Expresso Nitro(621907399)#0' 3-max (real money) Seat #2 is the button
Seat 1: sergiopaola (280)
Seat 2: _SKR (185)
Seat 3: Vassol89 (435)
*** ANTE/BLINDS ***
Vassol89 posts small blind 15
sergiopaola posts big blind 30
Dealt to _SKR [2h 3c]
*** PRE-FLOP *** 
_SKR folds
Vassol89 folds
sergiopaola collected 45 from pot
*** SUMMARY ***
Total pot 45 | No rake
Seat 1: sergiopaola (big blind) won 45


Winamax Poker - Tournament "Expresso Nitro" buyIn: 0.93€ + 0.07€ level: 3 - HandId: #2671071939845423105-7-1673529845 - Holdem no limit (20/40) - 2023/01/12 13:24:05 UTC
Table: 'Expresso Nitro(621907399)#0' 3-max (real money) Seat #3 is the button
Seat 1: sergiopaola (295)
Seat 2: _SKR (185)
Seat 3: Vassol89 (420)
*** ANTE/BLINDS ***
sergiopaola posts small blind 20
_SKR posts big blind 40
Dealt to _SKR [4d Kh]
*** PRE-FLOP *** 
Vassol89 folds
sergiopaola calls 20
_SKR raises 145 to 185 and is all-in
sergiopaola calls 145
*** FLOP *** [Kd Jc 7s]
*** TURN *** [Kd Jc 7s][8s]
*** RIVER *** [Kd Jc 7s 8s][Qh]
*** SHOW DOWN ***
sergiopaola shows [Qs 4s] (One pair : Queens)
_SKR shows [4d Kh] (One pair : Kings)
_SKR collected 370 from pot
*** SUMMARY ***
Total pot 370 | No rake
Board: [Kd Jc 7s 8s Qh]
Seat 1: sergiopaola (small blind) showed [Qs 4s] and lost with One pair : Queens
Seat 2: _SKR (big blind) showed [4d Kh] and won 370 with One pair : Kings


Winamax Poker - Tournament "Expresso Nitro" buyIn: 0.93€ + 0.07€ level: 3 - HandId: #2671071939845423105-8-1673529866 - Holdem no limit (20/40) - 2023/01/12 13:24:26 UTC
Table: 'Expresso Nitro(621907399)#0' 3-max (real money) Seat #1 is the button
Seat 1: sergiopaola (110)
Seat 2: _SKR (370)
Seat 3: Vassol89 (420)
*** ANTE/BLINDS ***
_SKR posts small blind 20
Vassol89 posts big blind 40
Dealt to _SKR [Ah Qc]
*** PRE-FLOP *** 
sergiopaola calls 40
_SKR raises 330 to 370 and is all-in
Vassol89 raises 50 to 420 and is all-in
sergiopaola calls 70 and is all-in
*** FLOP *** [8d 4c Tc]
*** TURN *** [8d 4c Tc][9s]
*** RIVER *** [8d 4c Tc 9s][Qs]
*** SHOW DOWN ***
sergiopaola shows [7d 9d] (One pair : 9)
_SKR shows [Ah Qc] (One pair : Queens)
Vassol89 shows [5s As] (High card : Ace)
Vassol89 collected 50 from side pot 1
_SKR collected 850 from main pot
*** SUMMARY ***
Total pot 900 | No rake
Board: [8d 4c Tc 9s Qs]
Seat 1: sergiopaola (button) showed [7d 9d] and lost with One pair : 9
Seat 2: _SKR (small blind) showed [Ah Qc] and won 850 with One pair : Queens
Seat 3: Vassol89 (big blind) showed [5s As] and won 50 with High card : Ace


Winamax Poker - Tournament "Expresso Nitro" buyIn: 0.93€ + 0.07€ level: 3 - HandId: #2671071939845423105-9-1673529889 - Holdem no limit (20/40) - 2023/01/12 13:24:49 UTC
Table: 'Expresso Nitro(621907399)#0' 3-max (real money) Seat #3 is the button
Seat 2: _SKR (850)
Seat 3: Vassol89 (50)
*** ANTE/BLINDS ***
Vassol89 posts small blind 20
_SKR posts big blind 40
Dealt to _SKR [7d 4d]
*** PRE-FLOP *** 
Vassol89 raises 10 to 50 and is all-in
_SKR raises 800 to 850 and is all-in
*** FLOP *** [2d Jh 6s]
*** TURN *** [2d Jh 6s][Jc]
*** RIVER *** [2d Jh 6s Jc][4s]
*** SHOW DOWN ***
Vassol89 shows [7h Ad] (One pair : Jacks)
_SKR shows [7d 4d] (Two pairs : Jacks and 4)
_SKR collected 900 from pot
*** SUMMARY ***
Total pot 900 | No rake
Board: [2d Jh 6s Jc 4s]
Seat 2: _SKR (big blind) showed [7d 4d] and won 900 with Two pairs : Jacks and 4
Seat 3: Vassol89 (small blind) (button) showed [7h Ad] and lost with One pair : Jacks


