Winamax Poker - Tournament "Expresso Nitro" buyIn: 0.93€ + 0.07€ level: 1 - HandId: #2674138847142477825-1-1673702977 - Holdem no limit (10/20) - 2023/01/14 13:29:37 UTC
Table: 'Expresso Nitro(622621469)#0' 3-max (real money) Seat #3 is the button
Seat 1: PlZpUsT (300)
Seat 2: giroudfred (300)
Seat 3: _SKR (300)
*** ANTE/BLINDS ***
PlZpUsT posts small blind 10
giroudfred posts big blind 20
Dealt to _SKR [5d 9h]
*** PRE-FLOP *** 
_SKR folds
PlZpUsT raises 30 to 50
giroudfred raises 250 to 300 and is all-in
PlZpUsT calls 250 and is all-in
*** FLOP *** [7d 8c Th]
*** TURN *** [7d 8c Th][4s]
*** RIVER *** [7d 8c Th 4s][5s]
*** SHOW DOWN ***
giroudfred shows [Qh Ad] (High card : Ace)
PlZpUsT shows [Js Td] (One pair : Tens)
PlZpUsT collected 600 from pot
*** SUMMARY ***
Total pot 600 | No rake
Board: [7d 8c Th 4s 5s]
Seat 1: PlZpUsT (small blind) showed [Js Td] and won 600 with One pair : Tens
Seat 2: giroudfred (big blind) showed [Qh Ad] and lost with High card : Ace


Winamax Poker - Tournament "Expresso Nitro" buyIn: 0.93€ + 0.07€ level: 1 - HandId: #2674138847142477825-2-1673703004 - Holdem no limit (10/20) - 2023/01/14 13:30:04 UTC
Table: 'Expresso Nitro(622621469)#0' 3-max (real money) Seat #3 is the button
Seat 1: PlZpUsT (600)
Seat 3: _SKR (300)
*** ANTE/BLINDS ***
_SKR posts small blind 10
PlZpUsT posts big blind 20
Dealt to _SKR [Td 2h]
*** PRE-FLOP *** 
_SKR folds
PlZpUsT collected 30 from pot
*** SUMMARY ***
Total pot 30 | No rake
Seat 1: PlZpUsT (big blind) won 30


Winamax Poker - Tournament "Expresso Nitro" buyIn: 0.93€ + 0.07€ level: 1 - HandId: #2674138847142477825-3-1673703010 - Holdem no limit (10/20) - 2023/01/14 13:30:10 UTC
Table: 'Expresso Nitro(622621469)#0' 3-max (real money) Seat #1 is the button
Seat 1: PlZpUsT (610)
Seat 3: _SKR (290)
*** ANTE/BLINDS ***
PlZpUsT posts small blind 10
_SKR posts big blind 20
Dealt to _SKR [9c 2h]
*** PRE-FLOP *** 
PlZpUsT folds
_SKR collected 30 from pot
*** SUMMARY ***
Total pot 30 | No rake
Seat 3: _SKR (big blind) won 30


Winamax Poker - Tournament "Expresso Nitro" buyIn: 0.93€ + 0.07€ level: 1 - HandId: #2674138847142477825-4-1673703015 - Holdem no limit (10/20) - 2023/01/14 13:30:15 UTC
Table: 'Expresso Nitro(622621469)#0' 3-max (real money) Seat #3 is the button
Seat 1: PlZpUsT (600)
Seat 3: _SKR (300)
*** ANTE/BLINDS ***
_SKR posts small blind 10
PlZpUsT posts big blind 20
Dealt to _SKR [7c 3s]
*** PRE-FLOP *** 
_SKR folds
PlZpUsT collected 30 from pot
*** SUMMARY ***
Total pot 30 | No rake
Seat 1: PlZpUsT (big blind) won 30


Winamax Poker - Tournament "Expresso Nitro" buyIn: 0.93€ + 0.07€ level: 1 - HandId: #2674138847142477825-5-1673703019 - Holdem no limit (10/20) - 2023/01/14 13:30:19 UTC
Table: 'Expresso Nitro(622621469)#0' 3-max (real money) Seat #1 is the button
Seat 1: PlZpUsT (610)
Seat 3: _SKR (290)
*** ANTE/BLINDS ***
PlZpUsT posts small blind 10
_SKR posts big blind 20
Dealt to _SKR [Js 6h]
*** PRE-FLOP *** 
PlZpUsT folds
_SKR collected 30 from pot
*** SUMMARY ***
Total pot 30 | No rake
Seat 3: _SKR (big blind) won 30


Winamax Poker - Tournament "Expresso Nitro" buyIn: 0.93€ + 0.07€ level: 1 - HandId: #2674138847142477825-6-1673703022 - Holdem no limit (10/20) - 2023/01/14 13:30:22 UTC
Table: 'Expresso Nitro(622621469)#0' 3-max (real money) Seat #3 is the button
Seat 1: PlZpUsT (600)
Seat 3: _SKR (300)
*** ANTE/BLINDS ***
_SKR posts small blind 10
PlZpUsT posts big blind 20
Dealt to _SKR [9h Kh]
*** PRE-FLOP *** 
_SKR raises 20 to 40
PlZpUsT calls 20
*** FLOP *** [4h 7c 6d]
PlZpUsT checks
_SKR checks
*** TURN *** [4h 7c 6d][Th]
PlZpUsT checks
_SKR checks
*** RIVER *** [4h 7c 6d Th][3d]
PlZpUsT checks
_SKR checks
*** SHOW DOWN ***
PlZpUsT shows [Js Qd] (High card : Queen)
_SKR shows [9h Kh] (High card : King)
_SKR collected 80 from pot
*** SUMMARY ***
Total pot 80 | No rake
Board: [4h 7c 6d Th 3d]
Seat 1: PlZpUsT (big blind) showed [Js Qd] and lost with High card : Queen
Seat 3: _SKR (small blind) (button) showed [9h Kh] and won 80 with High card : King


Winamax Poker - Tournament "Expresso Nitro" buyIn: 0.93€ + 0.07€ level: 2 - HandId: #2674138847142477825-7-1673703058 - Holdem no limit (15/30) - 2023/01/14 13:30:58 UTC
Table: 'Expresso Nitro(622621469)#0' 3-max (real money) Seat #1 is the button
Seat 1: PlZpUsT (560)
Seat 3: _SKR (340)
*** ANTE/BLINDS ***
PlZpUsT posts small blind 15
_SKR posts big blind 30
Dealt to _SKR [7h 4c]
*** PRE-FLOP *** 
PlZpUsT folds
_SKR collected 45 from pot
*** SUMMARY ***
Total pot 45 | No rake
Seat 3: _SKR (big blind) won 45


Winamax Poker - Tournament "Expresso Nitro" buyIn: 0.93€ + 0.07€ level: 2 - HandId: #2674138847142477825-8-1673703062 - Holdem no limit (15/30) - 2023/01/14 13:31:02 UTC
Table: 'Expresso Nitro(622621469)#0' 3-max (real money) Seat #3 is the button
Seat 1: PlZpUsT (545)
Seat 3: _SKR (355)
*** ANTE/BLINDS ***
_SKR posts small blind 15
PlZpUsT posts big blind 30
Dealt to _SKR [6c 7s]
*** PRE-FLOP *** 
_SKR folds
PlZpUsT collected 45 from pot
*** SUMMARY ***
Total pot 45 | No rake
Seat 1: PlZpUsT (big blind) won 45


Winamax Poker - Tournament "Expresso Nitro" buyIn: 0.93€ + 0.07€ level: 2 - HandId: #2674138847142477825-9-1673703071 - Holdem no limit (15/30) - 2023/01/14 13:31:11 UTC
Table: 'Expresso Nitro(622621469)#0' 3-max (real money) Seat #1 is the button
Seat 1: PlZpUsT (560)
Seat 3: _SKR (340)
*** ANTE/BLINDS ***
PlZpUsT posts small blind 15
_SKR posts big blind 30
Dealt to _SKR [6d Qd]
*** PRE-FLOP *** 
PlZpUsT raises 530 to 560 and is all-in
_SKR folds
PlZpUsT collected 590 from pot
*** SUMMARY ***
Total pot 590 | No rake
Seat 1: PlZpUsT (small blind) (button) won 590


Winamax Poker - Tournament "Expresso Nitro" buyIn: 0.93€ + 0.07€ level: 2 - HandId: #2674138847142477825-10-1673703080 - Holdem no limit (15/30) - 2023/01/14 13:31:20 UTC
Table: 'Expresso Nitro(622621469)#0' 3-max (real money) Seat #3 is the button
Seat 1: PlZpUsT (590)
Seat 3: _SKR (310)
*** ANTE/BLINDS ***
_SKR posts small blind 15
PlZpUsT posts big blind 30
Dealt to _SKR [9h Jh]
*** PRE-FLOP *** 
_SKR raises 280 to 310 and is all-in
PlZpUsT calls 280
*** FLOP *** [Ah 7c 6d]
*** TURN *** [Ah 7c 6d][5s]
*** RIVER *** [Ah 7c 6d 5s][2d]
*** SHOW DOWN ***
_SKR shows [9h Jh] (High card : Ace)
PlZpUsT shows [Qc 9s] (High card : Ace)
PlZpUsT collected 620 from pot
*** SUMMARY ***
Total pot 620 | No rake
Board: [Ah 7c 6d 5s 2d]
Seat 1: PlZpUsT (big blind) showed [Qc 9s] and won 620 with High card : Ace
Seat 3: _SKR (small blind) (button) showed [9h Jh] and lost with High card : Ace


