Winamax Poker - Tournament "Expresso Nitro" buyIn: 0.93€ + 0.07€ level: 1 - HandId: #2672602855168278529-1-1673616204 - Holdem no limit (10/20) - 2023/01/13 13:23:24 UTC
Table: 'Expresso Nitro(622263843)#0' 3-max (real money) Seat #1 is the button
Seat 1: Dydyspng (300)
Seat 2: Westside117 (300)
Seat 3: _SKR (300)
*** ANTE/BLINDS ***
Westside117 posts small blind 10
_SKR posts big blind 20
Dealt to _SKR [2s Kh]
*** PRE-FLOP *** 
Dydyspng calls 20
Westside117 calls 10
_SKR checks
*** FLOP *** [Ts Td 3d]
Westside117 checks
_SKR checks
Dydyspng bets 21
Westside117 folds
_SKR folds
Dydyspng collected 81 from pot
*** SUMMARY ***
Total pot 81 | No rake
Board: [Ts Td 3d]
Seat 1: Dydyspng (button) won 81


Winamax Poker - Tournament "Expresso Nitro" buyIn: 0.93€ + 0.07€ level: 1 - HandId: #2672602855168278529-2-1673616231 - Holdem no limit (10/20) - 2023/01/13 13:23:51 UTC
Table: 'Expresso Nitro(622263843)#0' 3-max (real money) Seat #2 is the button
Seat 1: Dydyspng (340)
Seat 2: Westside117 (280)
Seat 3: _SKR (280)
*** ANTE/BLINDS ***
_SKR posts small blind 10
Dydyspng posts big blind 20
Dealt to _SKR [6s Jh]
*** PRE-FLOP *** 
Westside117 calls 20
_SKR folds
Dydyspng checks
*** FLOP *** [5d Kh 2s]
Dydyspng checks
Westside117 bets 20
Dydyspng folds
Westside117 collected 70 from pot
*** SUMMARY ***
Total pot 70 | No rake
Board: [5d Kh 2s]
Seat 2: Westside117 (button) won 70


Winamax Poker - Tournament "Expresso Nitro" buyIn: 0.93€ + 0.07€ level: 2 - HandId: #2672602855168278529-3-1673616260 - Holdem no limit (15/30) - 2023/01/13 13:24:20 UTC
Table: 'Expresso Nitro(622263843)#0' 3-max (real money) Seat #3 is the button
Seat 1: Dydyspng (320)
Seat 2: Westside117 (310)
Seat 3: _SKR (270)
*** ANTE/BLINDS ***
Dydyspng posts small blind 15
Westside117 posts big blind 30
Dealt to _SKR [Ac Kd]
*** PRE-FLOP *** 
_SKR raises 30 to 60
Dydyspng folds
Westside117 calls 30
*** FLOP *** [As Kc Td]
Westside117 bets 30
_SKR raises 30 to 60
Westside117 calls 30
*** TURN *** [As Kc Td][2c]
Westside117 bets 30
_SKR raises 120 to 150 and is all-in
Westside117 calls 120
*** RIVER *** [As Kc Td 2c][7d]
*** SHOW DOWN ***
Westside117 shows [4c Ks] (One pair : Kings)
_SKR shows [Ac Kd] (Two pairs : Aces and Kings)
_SKR collected 555 from pot
*** SUMMARY ***
Total pot 555 | No rake
Board: [As Kc Td 2c 7d]
Seat 2: Westside117 (big blind) showed [4c Ks] and lost with One pair : Kings
Seat 3: _SKR (button) showed [Ac Kd] and won 555 with Two pairs : Aces and Kings


Winamax Poker - Tournament "Expresso Nitro" buyIn: 0.93€ + 0.07€ level: 2 - HandId: #2672602855168278529-4-1673616297 - Holdem no limit (15/30) - 2023/01/13 13:24:57 UTC
Table: 'Expresso Nitro(622263843)#0' 3-max (real money) Seat #1 is the button
Seat 1: Dydyspng (305)
Seat 2: Westside117 (40)
Seat 3: _SKR (555)
*** ANTE/BLINDS ***
Westside117 posts small blind 15
_SKR posts big blind 30
Dealt to _SKR [4h 9c]
*** PRE-FLOP *** 
Dydyspng folds
Westside117 raises 10 to 40 and is all-in
_SKR calls 10
*** FLOP *** [Jh 3c 8s]
*** TURN *** [Jh 3c 8s][Jd]
*** RIVER *** [Jh 3c 8s Jd][Td]
*** SHOW DOWN ***
_SKR shows [4h 9c] (One pair : Jacks)
Westside117 shows [Th 5h] (Two pairs : Jacks and Tens)
Westside117 collected 80 from pot
*** SUMMARY ***
Total pot 80 | No rake
Board: [Jh 3c 8s Jd Td]
Seat 2: Westside117 (small blind) showed [Th 5h] and won 80 with Two pairs : Jacks and Tens
Seat 3: _SKR (big blind) showed [4h 9c] and lost with One pair : Jacks


Winamax Poker - Tournament "Expresso Nitro" buyIn: 0.93€ + 0.07€ level: 2 - HandId: #2672602855168278529-5-1673616316 - Holdem no limit (15/30) - 2023/01/13 13:25:16 UTC
Table: 'Expresso Nitro(622263843)#0' 3-max (real money) Seat #2 is the button
Seat 1: Dydyspng (305)
Seat 2: Westside117 (80)
Seat 3: _SKR (515)
*** ANTE/BLINDS ***
_SKR posts small blind 15
Dydyspng posts big blind 30
Dealt to _SKR [6c 8d]
*** PRE-FLOP *** 
Westside117 raises 30 to 60
_SKR folds
Dydyspng folds
Westside117 collected 105 from pot
*** SUMMARY ***
Total pot 105 | No rake
Seat 2: Westside117 (button) won 105


Winamax Poker - Tournament "Expresso Nitro" buyIn: 0.93€ + 0.07€ level: 3 - HandId: #2672602855168278529-6-1673616326 - Holdem no limit (20/40) - 2023/01/13 13:25:26 UTC
Table: 'Expresso Nitro(622263843)#0' 3-max (real money) Seat #3 is the button
Seat 1: Dydyspng (275)
Seat 2: Westside117 (125)
Seat 3: _SKR (500)
*** ANTE/BLINDS ***
Dydyspng posts small blind 20
Westside117 posts big blind 40
Dealt to _SKR [Ad 7d]
*** PRE-FLOP *** 
_SKR raises 460 to 500 and is all-in
Dydyspng calls 255 and is all-in
Westside117 folds
*** FLOP *** [3h Jh Td]
*** TURN *** [3h Jh Td][2h]
*** RIVER *** [3h Jh Td 2h][2c]
*** SHOW DOWN ***
Dydyspng shows [Ks Ac] (One pair : 2)
_SKR shows [Ad 7d] (One pair : 2)
_SKR collected 225 from side pot 1
Dydyspng collected 590 from main pot
*** SUMMARY ***
Total pot 815 | No rake
Board: [3h Jh Td 2h 2c]
Seat 1: Dydyspng (small blind) showed [Ks Ac] and won 590 with One pair : 2
Seat 3: _SKR (button) showed [Ad 7d] and won 225 with One pair : 2


Winamax Poker - Tournament "Expresso Nitro" buyIn: 0.93€ + 0.07€ level: 3 - HandId: #2672602855168278529-7-1673616339 - Holdem no limit (20/40) - 2023/01/13 13:25:39 UTC
Table: 'Expresso Nitro(622263843)#0' 3-max (real money) Seat #1 is the button
Seat 1: Dydyspng (590)
Seat 2: Westside117 (85)
Seat 3: _SKR (225)
*** ANTE/BLINDS ***
Westside117 posts small blind 20
_SKR posts big blind 40
Dealt to _SKR [4h 8h]
*** PRE-FLOP *** 
Dydyspng calls 40
Westside117 raises 45 to 85 and is all-in
_SKR folds
Dydyspng calls 45
*** FLOP *** [7c 7s 5h]
*** TURN *** [7c 7s 5h][8c]
*** RIVER *** [7c 7s 5h 8c][4d]
*** SHOW DOWN ***
Westside117 shows [9h Th] (One pair : 7)
Dydyspng shows [Kh Qc] (One pair : 7)
Dydyspng collected 210 from pot
*** SUMMARY ***
Total pot 210 | No rake
Board: [7c 7s 5h 8c 4d]
Seat 1: Dydyspng (button) showed [Kh Qc] and won 210 with One pair : 7
Seat 2: Westside117 (small blind) showed [9h Th] and lost with One pair : 7


Winamax Poker - Tournament "Expresso Nitro" buyIn: 0.93€ + 0.07€ level: 3 - HandId: #2672602855168278529-8-1673616360 - Holdem no limit (20/40) - 2023/01/13 13:26:00 UTC
Table: 'Expresso Nitro(622263843)#0' 3-max (real money) Seat #3 is the button
Seat 1: Dydyspng (715)
Seat 3: _SKR (185)
*** ANTE/BLINDS ***
_SKR posts small blind 20
Dydyspng posts big blind 40
Dealt to _SKR [Ac 2c]
*** PRE-FLOP *** 
_SKR raises 145 to 185 and is all-in
Dydyspng calls 145
*** FLOP *** [6d Th 3c]
*** TURN *** [6d Th 3c][2h]
*** RIVER *** [6d Th 3c 2h][9c]
*** SHOW DOWN ***
_SKR shows [Ac 2c] (One pair : 2)
Dydyspng shows [Ad 6h] (One pair : 6)
Dydyspng collected 370 from pot
*** SUMMARY ***
Total pot 370 | No rake
Board: [6d Th 3c 2h 9c]
Seat 1: Dydyspng (big blind) showed [Ad 6h] and won 370 with One pair : 6
Seat 3: _SKR (small blind) (button) showed [Ac 2c] and lost with One pair : 2


