Winamax Poker - Tournament "Expresso Nitro" buyIn: 0.93€ + 0.07€ level: 1 - HandId: #2689749777658150913-1-1674649621 - Holdem no limit (10/20) - 2023/01/25 12:27:01 UTC
Table: 'Expresso Nitro(626256172)#0' 3-max (real money) Seat #3 is the button
Seat 1: El_Granadino (300)
Seat 2: MarxRPH (300)
Seat 3: _SKR (300)
*** ANTE/BLINDS ***
El_Granadino posts small blind 10
MarxRPH posts big blind 20
Dealt to _SKR [3c 6d]
*** PRE-FLOP *** 
_SKR folds
El_Granadino raises 40 to 60
MarxRPH folds
El_Granadino collected 80 from pot
*** SUMMARY ***
Total pot 80 | No rake
Seat 1: El_Granadino (small blind) won 80


Winamax Poker - Tournament "Expresso Nitro" buyIn: 0.93€ + 0.07€ level: 1 - HandId: #2689749777658150913-2-1674649627 - Holdem no limit (10/20) - 2023/01/25 12:27:07 UTC
Table: 'Expresso Nitro(626256172)#0' 3-max (real money) Seat #1 is the button
Seat 1: El_Granadino (320)
Seat 2: MarxRPH (280)
Seat 3: _SKR (300)
*** ANTE/BLINDS ***
MarxRPH posts small blind 10
_SKR posts big blind 20
Dealt to _SKR [Kh Jc]
*** PRE-FLOP *** 
El_Granadino folds
MarxRPH raises 20 to 40
_SKR raises 260 to 300 and is all-in
MarxRPH folds
_SKR collected 340 from pot
*** SUMMARY ***
Total pot 340 | No rake
Seat 3: _SKR (big blind) won 340


Winamax Poker - Tournament "Expresso Nitro" buyIn: 0.93€ + 0.07€ level: 1 - HandId: #2689749777658150913-3-1674649636 - Holdem no limit (10/20) - 2023/01/25 12:27:16 UTC
Table: 'Expresso Nitro(626256172)#0' 3-max (real money) Seat #2 is the button
Seat 1: El_Granadino (320)
Seat 2: MarxRPH (240)
Seat 3: _SKR (340)
*** ANTE/BLINDS ***
_SKR posts small blind 10
El_Granadino posts big blind 20
Dealt to _SKR [Js 2h]
*** PRE-FLOP *** 
MarxRPH folds
_SKR folds
El_Granadino collected 30 from pot
*** SUMMARY ***
Total pot 30 | No rake
Seat 1: El_Granadino (big blind) won 30


Winamax Poker - Tournament "Expresso Nitro" buyIn: 0.93€ + 0.07€ level: 1 - HandId: #2689749777658150913-4-1674649641 - Holdem no limit (10/20) - 2023/01/25 12:27:21 UTC
Table: 'Expresso Nitro(626256172)#0' 3-max (real money) Seat #3 is the button
Seat 1: El_Granadino (330)
Seat 2: MarxRPH (240)
Seat 3: _SKR (330)
*** ANTE/BLINDS ***
El_Granadino posts small blind 10
MarxRPH posts big blind 20
Dealt to _SKR [4c Ts]
*** PRE-FLOP *** 
_SKR folds
El_Granadino raises 40 to 60
MarxRPH folds
El_Granadino collected 80 from pot
*** SUMMARY ***
Total pot 80 | No rake
Seat 1: El_Granadino (small blind) won 80


Winamax Poker - Tournament "Expresso Nitro" buyIn: 0.93€ + 0.07€ level: 1 - HandId: #2689749777658150913-5-1674649650 - Holdem no limit (10/20) - 2023/01/25 12:27:30 UTC
Table: 'Expresso Nitro(626256172)#0' 3-max (real money) Seat #1 is the button
Seat 1: El_Granadino (350)
Seat 2: MarxRPH (220)
Seat 3: _SKR (330)
*** ANTE/BLINDS ***
MarxRPH posts small blind 10
_SKR posts big blind 20
Dealt to _SKR [Qc 5d]
*** PRE-FLOP *** 
El_Granadino folds
MarxRPH folds
_SKR collected 30 from pot
*** SUMMARY ***
Total pot 30 | No rake
Seat 3: _SKR (big blind) won 30


Winamax Poker - Tournament "Expresso Nitro" buyIn: 0.93€ + 0.07€ level: 1 - HandId: #2689749777658150913-6-1674649657 - Holdem no limit (10/20) - 2023/01/25 12:27:37 UTC
Table: 'Expresso Nitro(626256172)#0' 3-max (real money) Seat #2 is the button
Seat 1: El_Granadino (350)
Seat 2: MarxRPH (210)
Seat 3: _SKR (340)
*** ANTE/BLINDS ***
_SKR posts small blind 10
El_Granadino posts big blind 20
Dealt to _SKR [4d Ts]
*** PRE-FLOP *** 
MarxRPH folds
_SKR folds
El_Granadino collected 30 from pot
*** SUMMARY ***
Total pot 30 | No rake
Seat 1: El_Granadino (big blind) won 30


Winamax Poker - Tournament "Expresso Nitro" buyIn: 0.93€ + 0.07€ level: 1 - HandId: #2689749777658150913-7-1674649663 - Holdem no limit (10/20) - 2023/01/25 12:27:43 UTC
Table: 'Expresso Nitro(626256172)#0' 3-max (real money) Seat #3 is the button
Seat 1: El_Granadino (360)
Seat 2: MarxRPH (210)
Seat 3: _SKR (330)
*** ANTE/BLINDS ***
El_Granadino posts small blind 10
MarxRPH posts big blind 20
Dealt to _SKR [Th 4c]
*** PRE-FLOP *** 
_SKR folds
El_Granadino folds
MarxRPH collected 30 from pot
*** SUMMARY ***
Total pot 30 | No rake
Seat 2: MarxRPH (big blind) won 30


Winamax Poker - Tournament "Expresso Nitro" buyIn: 0.93€ + 0.07€ level: 1 - HandId: #2689749777658150913-8-1674649675 - Holdem no limit (10/20) - 2023/01/25 12:27:55 UTC
Table: 'Expresso Nitro(626256172)#0' 3-max (real money) Seat #1 is the button
Seat 1: El_Granadino (350)
Seat 2: MarxRPH (220)
Seat 3: _SKR (330)
*** ANTE/BLINDS ***
MarxRPH posts small blind 10
_SKR posts big blind 20
Dealt to _SKR [Qc Tc]
*** PRE-FLOP *** 
El_Granadino raises 30 to 50
MarxRPH raises 170 to 220 and is all-in
_SKR folds
El_Granadino calls 170
*** FLOP *** [6d Th 2c]
*** TURN *** [6d Th 2c][8h]
*** RIVER *** [6d Th 2c 8h][Ts]
*** SHOW DOWN ***
El_Granadino shows [Ad 4c] (One pair : Tens)
MarxRPH shows [Ah 2s] (Two pairs : Tens and 2)
MarxRPH collected 460 from pot
*** SUMMARY ***
Total pot 460 | No rake
Board: [6d Th 2c 8h Ts]
Seat 1: El_Granadino (button) showed [Ad 4c] and lost with One pair : Tens
Seat 2: MarxRPH (small blind) showed [Ah 2s] and won 460 with Two pairs : Tens and 2


Winamax Poker - Tournament "Expresso Nitro" buyIn: 0.93€ + 0.07€ level: 2 - HandId: #2689749777658150913-9-1674649706 - Holdem no limit (15/30) - 2023/01/25 12:28:26 UTC
Table: 'Expresso Nitro(626256172)#0' 3-max (real money) Seat #2 is the button
Seat 1: El_Granadino (130)
Seat 2: MarxRPH (460)
Seat 3: _SKR (310)
*** ANTE/BLINDS ***
_SKR posts small blind 15
El_Granadino posts big blind 30
Dealt to _SKR [Jd 8h]
*** PRE-FLOP *** 
MarxRPH raises 430 to 460 and is all-in
_SKR folds
El_Granadino calls 100 and is all-in
*** FLOP *** [Kd 2h 8s]
*** TURN *** [Kd 2h 8s][7c]
*** RIVER *** [Kd 2h 8s 7c][6s]
*** SHOW DOWN ***
El_Granadino shows [Th Ts] (One pair : Tens)
MarxRPH shows [Ac 5c] (High card : Ace)
MarxRPH collected 330 from side pot 1
El_Granadino collected 275 from main pot
*** SUMMARY ***
Total pot 605 | No rake
Board: [Kd 2h 8s 7c 6s]
Seat 1: El_Granadino (big blind) showed [Th Ts] and won 275 with One pair : Tens
Seat 2: MarxRPH (button) showed [Ac 5c] and won 330 with High card : Ace


Winamax Poker - Tournament "Expresso Nitro" buyIn: 0.93€ + 0.07€ level: 2 - HandId: #2689749777658150913-10-1674649718 - Holdem no limit (15/30) - 2023/01/25 12:28:38 UTC
Table: 'Expresso Nitro(626256172)#0' 3-max (real money) Seat #3 is the button
Seat 1: El_Granadino (275)
Seat 2: MarxRPH (330)
Seat 3: _SKR (295)
*** ANTE/BLINDS ***
El_Granadino posts small blind 15
MarxRPH posts big blind 30
Dealt to _SKR [8c 2d]
*** PRE-FLOP *** 
_SKR folds
El_Granadino folds
MarxRPH collected 45 from pot
*** SUMMARY ***
Total pot 45 | No rake
Seat 2: MarxRPH (big blind) won 45


Winamax Poker - Tournament "Expresso Nitro" buyIn: 0.93€ + 0.07€ level: 2 - HandId: #2689749777658150913-11-1674649723 - Holdem no limit (15/30) - 2023/01/25 12:28:43 UTC
Table: 'Expresso Nitro(626256172)#0' 3-max (real money) Seat #1 is the button
Seat 1: El_Granadino (260)
Seat 2: MarxRPH (345)
Seat 3: _SKR (295)
*** ANTE/BLINDS ***
MarxRPH posts small blind 15
_SKR posts big blind 30
Dealt to _SKR [8d Ks]
*** PRE-FLOP *** 
El_Granadino folds
MarxRPH folds
_SKR collected 45 from pot
*** SUMMARY ***
Total pot 45 | No rake
Seat 3: _SKR (big blind) won 45


Winamax Poker - Tournament "Expresso Nitro" buyIn: 0.93€ + 0.07€ level: 2 - HandId: #2689749777658150913-12-1674649732 - Holdem no limit (15/30) - 2023/01/25 12:28:52 UTC
Table: 'Expresso Nitro(626256172)#0' 3-max (real money) Seat #2 is the button
Seat 1: El_Granadino (260)
Seat 2: MarxRPH (330)
Seat 3: _SKR (310)
*** ANTE/BLINDS ***
_SKR posts small blind 15
El_Granadino posts big blind 30
Dealt to _SKR [7s Kc]
*** PRE-FLOP *** 
MarxRPH folds
_SKR raises 280 to 310 and is all-in
El_Granadino calls 230 and is all-in
*** FLOP *** [2c 8d 6h]
*** TURN *** [2c 8d 6h][6c]
*** RIVER *** [2c 8d 6h 6c][Ad]
*** SHOW DOWN ***
El_Granadino shows [Ac 9d] (Two pairs : Aces and 6)
_SKR shows [7s Kc] (One pair : 6)
_SKR collected 50 from side pot 1
El_Granadino collected 520 from main pot
*** SUMMARY ***
Total pot 570 | No rake
Board: [2c 8d 6h 6c Ad]
Seat 1: El_Granadino (big blind) showed [Ac 9d] and won 520 with Two pairs : Aces and 6
Seat 3: _SKR (small blind) showed [7s Kc] and won 50 with One pair : 6


Winamax Poker - Tournament "Expresso Nitro" buyIn: 0.93€ + 0.07€ level: 3 - HandId: #2689749777658150913-13-1674649753 - Holdem no limit (20/40) - 2023/01/25 12:29:13 UTC
Table: 'Expresso Nitro(626256172)#0' 3-max (real money) Seat #3 is the button
Seat 1: El_Granadino (520)
Seat 2: MarxRPH (330)
Seat 3: _SKR (50)
*** ANTE/BLINDS ***
El_Granadino posts small blind 20
MarxRPH posts big blind 40
Dealt to _SKR [9s Th]
*** PRE-FLOP *** 
_SKR raises 10 to 50 and is all-in
El_Granadino folds
MarxRPH raises 280 to 330 and is all-in
*** FLOP *** [4c 7s 6s]
*** TURN *** [4c 7s 6s][6c]
*** RIVER *** [4c 7s 6s 6c][9d]
*** SHOW DOWN ***
MarxRPH shows [Ac Kh] (One pair : 6)
_SKR shows [9s Th] (Two pairs : 9 and 6)
_SKR collected 120 from main pot
MarxRPH collected 280 from side pot 1
*** SUMMARY ***
Total pot 400 | No rake
Board: [4c 7s 6s 6c 9d]
Seat 2: MarxRPH (big blind) showed [Ac Kh] and won 280 with One pair : 6
Seat 3: _SKR (button) showed [9s Th] and won 120 with Two pairs : 9 and 6


Winamax Poker - Tournament "Expresso Nitro" buyIn: 0.93€ + 0.07€ level: 3 - HandId: #2689749777658150913-14-1674649765 - Holdem no limit (20/40) - 2023/01/25 12:29:25 UTC
Table: 'Expresso Nitro(626256172)#0' 3-max (real money) Seat #1 is the button
Seat 1: El_Granadino (500)
Seat 2: MarxRPH (280)
Seat 3: _SKR (120)
*** ANTE/BLINDS ***
MarxRPH posts small blind 20
_SKR posts big blind 40
Dealt to _SKR [Kh 5d]
*** PRE-FLOP *** 
El_Granadino raises 80 to 120
MarxRPH folds
_SKR calls 80 and is all-in
*** FLOP *** [Jc Qc 9d]
*** TURN *** [Jc Qc 9d][7h]
*** RIVER *** [Jc Qc 9d 7h][9h]
*** SHOW DOWN ***
_SKR shows [Kh 5d] (One pair : 9)
El_Granadino shows [2s Ad] (One pair : 9)
El_Granadino collected 260 from pot
*** SUMMARY ***
Total pot 260 | No rake
Board: [Jc Qc 9d 7h 9h]
Seat 1: El_Granadino (button) showed [2s Ad] and won 260 with One pair : 9
Seat 3: _SKR (big blind) showed [Kh 5d] and lost with One pair : 9


