Winamax Poker - Tournament "Expresso Nitro" buyIn: 1.86€ + 0.14€ level: 1 - HandId: #2696519891657162753-1-1675084751 - Holdem no limit (10/20) - 2023/01/30 13:19:11 UTC
Table: 'Expresso Nitro(627832462)#0' 3-max (real money) Seat #1 is the button
Seat 1: _SKR (300)
Seat 2: Bastodonte10 (300)
Seat 3: Amerthune (300)
*** ANTE/BLINDS ***
Bastodonte10 posts small blind 10
Amerthune posts big blind 20
Dealt to _SKR [Kh 9s]
*** PRE-FLOP *** 
_SKR raises 20 to 40
Bastodonte10 folds
Amerthune calls 20
*** FLOP *** [8d 2h 2s]
Amerthune checks
_SKR checks
*** TURN *** [8d 2h 2s][4s]
Amerthune bets 59
_SKR folds
Amerthune collected 149 from pot
*** SUMMARY ***
Total pot 149 | No rake
Board: [8d 2h 2s 4s]
Seat 3: Amerthune (big blind) won 149


Winamax Poker - Tournament "Expresso Nitro" buyIn: 1.86€ + 0.14€ level: 1 - HandId: #2696519891657162753-2-1675084774 - Holdem no limit (10/20) - 2023/01/30 13:19:34 UTC
Table: 'Expresso Nitro(627832462)#0' 3-max (real money) Seat #2 is the button
Seat 1: _SKR (260)
Seat 2: Bastodonte10 (290)
Seat 3: Amerthune (350)
*** ANTE/BLINDS ***
Amerthune posts small blind 10
_SKR posts big blind 20
Dealt to _SKR [Qc 4d]
*** PRE-FLOP *** 
Bastodonte10 calls 20
Amerthune folds
_SKR checks
*** FLOP *** [7d 7c 7h]
_SKR checks
Bastodonte10 checks
*** TURN *** [7d 7c 7h][6h]
_SKR checks
Bastodonte10 checks
*** RIVER *** [7d 7c 7h 6h][Js]
_SKR checks
Bastodonte10 bets 20
_SKR folds
Bastodonte10 collected 70 from pot
*** SUMMARY ***
Total pot 70 | No rake
Board: [7d 7c 7h 6h Js]
Seat 2: Bastodonte10 (button) won 70


Winamax Poker - Tournament "Expresso Nitro" buyIn: 1.86€ + 0.14€ level: 2 - HandId: #2696519891657162753-3-1675084809 - Holdem no limit (15/30) - 2023/01/30 13:20:09 UTC
Table: 'Expresso Nitro(627832462)#0' 3-max (real money) Seat #3 is the button
Seat 1: _SKR (240)
Seat 2: Bastodonte10 (320)
Seat 3: Amerthune (340)
*** ANTE/BLINDS ***
_SKR posts small blind 15
Bastodonte10 posts big blind 30
Dealt to _SKR [Kc 5d]
*** PRE-FLOP *** 
Amerthune folds
_SKR raises 210 to 240 and is all-in
Bastodonte10 folds
_SKR collected 270 from pot
*** SUMMARY ***
Total pot 270 | No rake
Seat 1: _SKR (small blind) won 270


Winamax Poker - Tournament "Expresso Nitro" buyIn: 1.86€ + 0.14€ level: 2 - HandId: #2696519891657162753-4-1675084818 - Holdem no limit (15/30) - 2023/01/30 13:20:18 UTC
Table: 'Expresso Nitro(627832462)#0' 3-max (real money) Seat #1 is the button
Seat 1: _SKR (270)
Seat 2: Bastodonte10 (290)
Seat 3: Amerthune (340)
*** ANTE/BLINDS ***
Bastodonte10 posts small blind 15
Amerthune posts big blind 30
Dealt to _SKR [5h 2d]
*** PRE-FLOP *** 
_SKR folds
Bastodonte10 folds
Amerthune collected 45 from pot
*** SUMMARY ***
Total pot 45 | No rake
Seat 3: Amerthune (big blind) won 45


Winamax Poker - Tournament "Expresso Nitro" buyIn: 1.86€ + 0.14€ level: 2 - HandId: #2696519891657162753-5-1675084825 - Holdem no limit (15/30) - 2023/01/30 13:20:25 UTC
Table: 'Expresso Nitro(627832462)#0' 3-max (real money) Seat #2 is the button
Seat 1: _SKR (270)
Seat 2: Bastodonte10 (275)
Seat 3: Amerthune (355)
*** ANTE/BLINDS ***
Amerthune posts small blind 15
_SKR posts big blind 30
Dealt to _SKR [Th 5c]
*** PRE-FLOP *** 
Bastodonte10 raises 30 to 60
Amerthune raises 295 to 355 and is all-in
_SKR folds
Bastodonte10 calls 215 and is all-in
*** FLOP *** [5s Jd 8d]
*** TURN *** [5s Jd 8d][8s]
*** RIVER *** [5s Jd 8d 8s][9h]
*** SHOW DOWN ***
Bastodonte10 shows [5h As] (Two pairs : 8 and 5)
Amerthune shows [Jh Ah] (Two pairs : Jacks and 8)
Amerthune collected 660 from pot
*** SUMMARY ***
Total pot 660 | No rake
Board: [5s Jd 8d 8s 9h]
Seat 2: Bastodonte10 (button) showed [5h As] and lost with Two pairs : 8 and 5
Seat 3: Amerthune (small blind) showed [Jh Ah] and won 660 with Two pairs : Jacks and 8


Winamax Poker - Tournament "Expresso Nitro" buyIn: 1.86€ + 0.14€ level: 2 - HandId: #2696519891657162753-6-1675084845 - Holdem no limit (15/30) - 2023/01/30 13:20:45 UTC
Table: 'Expresso Nitro(627832462)#0' 3-max (real money) Seat #1 is the button
Seat 1: _SKR (240)
Seat 3: Amerthune (660)
*** ANTE/BLINDS ***
_SKR posts small blind 15
Amerthune posts big blind 30
Dealt to _SKR [4c Jh]
*** PRE-FLOP *** 
_SKR folds
Amerthune collected 45 from pot
*** SUMMARY ***
Total pot 45 | No rake
Seat 3: Amerthune (big blind) won 45


Winamax Poker - Tournament "Expresso Nitro" buyIn: 1.86€ + 0.14€ level: 2 - HandId: #2696519891657162753-7-1675084849 - Holdem no limit (15/30) - 2023/01/30 13:20:49 UTC
Table: 'Expresso Nitro(627832462)#0' 3-max (real money) Seat #3 is the button
Seat 1: _SKR (225)
Seat 3: Amerthune (675)
*** ANTE/BLINDS ***
Amerthune posts small blind 15
_SKR posts big blind 30
Dealt to _SKR [5d 2h]
*** PRE-FLOP *** 
Amerthune calls 15
_SKR checks
*** FLOP *** [2d 6s Tc]
_SKR checks
Amerthune bets 30
_SKR folds
Amerthune collected 90 from pot
*** SUMMARY ***
Total pot 90 | No rake
Board: [2d 6s Tc]
Seat 3: Amerthune (small blind) (button) won 90


Winamax Poker - Tournament "Expresso Nitro" buyIn: 1.86€ + 0.14€ level: 3 - HandId: #2696519891657162753-8-1675084874 - Holdem no limit (20/40) - 2023/01/30 13:21:14 UTC
Table: 'Expresso Nitro(627832462)#0' 3-max (real money) Seat #1 is the button
Seat 1: _SKR (195)
Seat 3: Amerthune (705)
*** ANTE/BLINDS ***
_SKR posts small blind 20
Amerthune posts big blind 40
Dealt to _SKR [2h 8h]
*** PRE-FLOP *** 
_SKR folds
Amerthune collected 60 from pot
*** SUMMARY ***
Total pot 60 | No rake
Seat 3: Amerthune (big blind) won 60


Winamax Poker - Tournament "Expresso Nitro" buyIn: 1.86€ + 0.14€ level: 3 - HandId: #2696519891657162753-9-1675084879 - Holdem no limit (20/40) - 2023/01/30 13:21:19 UTC
Table: 'Expresso Nitro(627832462)#0' 3-max (real money) Seat #3 is the button
Seat 1: _SKR (175)
Seat 3: Amerthune (725)
*** ANTE/BLINDS ***
Amerthune posts small blind 20
_SKR posts big blind 40
Dealt to _SKR [2h Qc]
*** PRE-FLOP *** 
Amerthune calls 20
_SKR checks
*** FLOP *** [Ad 7s Ts]
_SKR checks
Amerthune bets 40
_SKR folds
Amerthune collected 120 from pot
*** SUMMARY ***
Total pot 120 | No rake
Board: [Ad 7s Ts]
Seat 3: Amerthune (small blind) (button) won 120


Winamax Poker - Tournament "Expresso Nitro" buyIn: 1.86€ + 0.14€ level: 3 - HandId: #2696519891657162753-10-1675084888 - Holdem no limit (20/40) - 2023/01/30 13:21:28 UTC
Table: 'Expresso Nitro(627832462)#0' 3-max (real money) Seat #1 is the button
Seat 1: _SKR (135)
Seat 3: Amerthune (765)
*** ANTE/BLINDS ***
_SKR posts small blind 20
Amerthune posts big blind 40
Dealt to _SKR [5s 2c]
*** PRE-FLOP *** 
_SKR raises 95 to 135 and is all-in
Amerthune folds
_SKR collected 175 from pot
*** SUMMARY ***
Total pot 175 | No rake
Seat 1: _SKR (small blind) (button) won 175


Winamax Poker - Tournament "Expresso Nitro" buyIn: 1.86€ + 0.14€ level: 3 - HandId: #2696519891657162753-11-1675084893 - Holdem no limit (20/40) - 2023/01/30 13:21:33 UTC
Table: 'Expresso Nitro(627832462)#0' 3-max (real money) Seat #3 is the button
Seat 1: _SKR (175)
Seat 3: Amerthune (725)
*** ANTE/BLINDS ***
Amerthune posts small blind 20
_SKR posts big blind 40
Dealt to _SKR [6h 4h]
*** PRE-FLOP *** 
Amerthune raises 685 to 725 and is all-in
_SKR folds
Amerthune collected 765 from pot
*** SUMMARY ***
Total pot 765 | No rake
Seat 3: Amerthune (small blind) (button) won 765


Winamax Poker - Tournament "Expresso Nitro" buyIn: 1.86€ + 0.14€ level: 3 - HandId: #2696519891657162753-12-1675084900 - Holdem no limit (20/40) - 2023/01/30 13:21:40 UTC
Table: 'Expresso Nitro(627832462)#0' 3-max (real money) Seat #1 is the button
Seat 1: _SKR (135)
Seat 3: Amerthune (765)
*** ANTE/BLINDS ***
_SKR posts small blind 20
Amerthune posts big blind 40
Dealt to _SKR [Ad Jc]
*** PRE-FLOP *** 
_SKR raises 95 to 135 and is all-in
Amerthune calls 95
*** FLOP *** [3s 4c 2s]
*** TURN *** [3s 4c 2s][3d]
*** RIVER *** [3s 4c 2s 3d][Kh]
*** SHOW DOWN ***
_SKR shows [Ad Jc] (One pair : 3)
Amerthune shows [Ac 4d] (Two pairs : 4 and 3)
Amerthune collected 270 from pot
*** SUMMARY ***
Total pot 270 | No rake
Board: [3s 4c 2s 3d Kh]
Seat 1: _SKR (small blind) (button) showed [Ad Jc] and lost with One pair : 3
Seat 3: Amerthune (big blind) showed [Ac 4d] and won 270 with Two pairs : 4 and 3


