Winamax Poker - Tournament "Expresso Nitro" buyIn: 1.86€ + 0.14€ level: 1 - HandId: #2694791218860130305-1-1674957622 - Holdem no limit (10/20) - 2023/01/29 02:00:22 UTC
Table: 'Expresso Nitro(627429974)#0' 3-max (real money) Seat #1 is the button
Seat 1: sKKiPy (300)
Seat 2: _SKR (300)
Seat 3: ALOOONGE (300)
*** ANTE/BLINDS ***
_SKR posts small blind 10
ALOOONGE posts big blind 20
Dealt to _SKR [5h 8h]
*** PRE-FLOP *** 
sKKiPy raises 20 to 40
_SKR folds
ALOOONGE folds
sKKiPy collected 70 from pot
*** SUMMARY ***
Total pot 70 | No rake
Seat 1: sKKiPy (button) won 70


Winamax Poker - Tournament "Expresso Nitro" buyIn: 1.86€ + 0.14€ level: 1 - HandId: #2694791218860130305-2-1674957630 - Holdem no limit (10/20) - 2023/01/29 02:00:30 UTC
Table: 'Expresso Nitro(627429974)#0' 3-max (real money) Seat #2 is the button
Seat 1: sKKiPy (330)
Seat 2: _SKR (290)
Seat 3: ALOOONGE (280)
*** ANTE/BLINDS ***
ALOOONGE posts small blind 10
sKKiPy posts big blind 20
Dealt to _SKR [Jd 8d]
*** PRE-FLOP *** 
_SKR folds
ALOOONGE raises 20 to 40
sKKiPy calls 20
*** FLOP *** [Td 7h 8c]
ALOOONGE bets 80
sKKiPy folds
ALOOONGE collected 160 from pot
*** SUMMARY ***
Total pot 160 | No rake
Board: [Td 7h 8c]
Seat 3: ALOOONGE (small blind) won 160


Winamax Poker - Tournament "Expresso Nitro" buyIn: 1.86€ + 0.14€ level: 1 - HandId: #2694791218860130305-3-1674957661 - Holdem no limit (10/20) - 2023/01/29 02:01:01 UTC
Table: 'Expresso Nitro(627429974)#0' 3-max (real money) Seat #3 is the button
Seat 1: sKKiPy (290)
Seat 2: _SKR (290)
Seat 3: ALOOONGE (320)
*** ANTE/BLINDS ***
sKKiPy posts small blind 10
_SKR posts big blind 20
Dealt to _SKR [2c 5s]
*** PRE-FLOP *** 
ALOOONGE raises 20 to 40
sKKiPy folds
_SKR folds
ALOOONGE collected 70 from pot
*** SUMMARY ***
Total pot 70 | No rake
Seat 3: ALOOONGE (button) won 70


Winamax Poker - Tournament "Expresso Nitro" buyIn: 1.86€ + 0.14€ level: 1 - HandId: #2694791218860130305-4-1674957675 - Holdem no limit (10/20) - 2023/01/29 02:01:15 UTC
Table: 'Expresso Nitro(627429974)#0' 3-max (real money) Seat #1 is the button
Seat 1: sKKiPy (280)
Seat 2: _SKR (270)
Seat 3: ALOOONGE (350)
*** ANTE/BLINDS ***
_SKR posts small blind 10
ALOOONGE posts big blind 20
Dealt to _SKR [6h 8s]
*** PRE-FLOP *** 
sKKiPy folds
_SKR folds
ALOOONGE collected 30 from pot
*** SUMMARY ***
Total pot 30 | No rake
Seat 3: ALOOONGE (big blind) won 30


Winamax Poker - Tournament "Expresso Nitro" buyIn: 1.86€ + 0.14€ level: 2 - HandId: #2694791218860130305-5-1674957694 - Holdem no limit (15/30) - 2023/01/29 02:01:34 UTC
Table: 'Expresso Nitro(627429974)#0' 3-max (real money) Seat #2 is the button
Seat 1: sKKiPy (280)
Seat 2: _SKR (260)
Seat 3: ALOOONGE (360)
*** ANTE/BLINDS ***
ALOOONGE posts small blind 15
sKKiPy posts big blind 30
Dealt to _SKR [3h 7c]
*** PRE-FLOP *** 
_SKR folds
ALOOONGE calls 15
sKKiPy checks
*** FLOP *** [5c 5h 3c]
ALOOONGE checks
sKKiPy checks
*** TURN *** [5c 5h 3c][Kd]
ALOOONGE bets 60
sKKiPy folds
ALOOONGE collected 120 from pot
*** SUMMARY ***
Total pot 120 | No rake
Board: [5c 5h 3c Kd]
Seat 3: ALOOONGE (small blind) won 120


Winamax Poker - Tournament "Expresso Nitro" buyIn: 1.86€ + 0.14€ level: 2 - HandId: #2694791218860130305-6-1674957725 - Holdem no limit (15/30) - 2023/01/29 02:02:05 UTC
Table: 'Expresso Nitro(627429974)#0' 3-max (real money) Seat #3 is the button
Seat 1: sKKiPy (250)
Seat 2: _SKR (260)
Seat 3: ALOOONGE (390)
*** ANTE/BLINDS ***
sKKiPy posts small blind 15
_SKR posts big blind 30
Dealt to _SKR [7s Ts]
*** PRE-FLOP *** 
ALOOONGE raises 30 to 60
sKKiPy folds
_SKR calls 30
*** FLOP *** [Jc 3c Td]
_SKR checks
ALOOONGE bets 88
_SKR raises 112 to 200 and is all-in
ALOOONGE folds
_SKR collected 423 from pot
*** SUMMARY ***
Total pot 423 | No rake
Board: [Jc 3c Td]
Seat 2: _SKR (big blind) won 423


Winamax Poker - Tournament "Expresso Nitro" buyIn: 1.86€ + 0.14€ level: 3 - HandId: #2694791218860130305-7-1674957760 - Holdem no limit (20/40) - 2023/01/29 02:02:40 UTC
Table: 'Expresso Nitro(627429974)#0' 3-max (real money) Seat #1 is the button
Seat 1: sKKiPy (235)
Seat 2: _SKR (423)
Seat 3: ALOOONGE (242)
*** ANTE/BLINDS ***
_SKR posts small blind 20
ALOOONGE posts big blind 40
Dealt to _SKR [5c 8s]
*** PRE-FLOP *** 
sKKiPy folds
_SKR folds
ALOOONGE collected 60 from pot
*** SUMMARY ***
Total pot 60 | No rake
Seat 3: ALOOONGE (big blind) won 60


Winamax Poker - Tournament "Expresso Nitro" buyIn: 1.86€ + 0.14€ level: 3 - HandId: #2694791218860130305-8-1674957775 - Holdem no limit (20/40) - 2023/01/29 02:02:55 UTC
Table: 'Expresso Nitro(627429974)#0' 3-max (real money) Seat #2 is the button
Seat 1: sKKiPy (235)
Seat 2: _SKR (403)
Seat 3: ALOOONGE (262)
*** ANTE/BLINDS ***
ALOOONGE posts small blind 20
sKKiPy posts big blind 40
Dealt to _SKR [Td 8h]
*** PRE-FLOP *** 
_SKR folds
ALOOONGE raises 40 to 80
sKKiPy calls 40
*** FLOP *** [5h 2d 6c]
ALOOONGE checks
sKKiPy checks
*** TURN *** [5h 2d 6c][Tc]
ALOOONGE bets 160
sKKiPy calls 155 and is all-in
*** RIVER *** [5h 2d 6c Tc][Jc]
*** SHOW DOWN ***
sKKiPy shows [2s Ah] (One pair : 2)
ALOOONGE shows [Qd Ts] (One pair : Tens)
ALOOONGE collected 475 from pot
*** SUMMARY ***
Total pot 475 | No rake
Board: [5h 2d 6c Tc Jc]
Seat 1: sKKiPy (big blind) showed [2s Ah] and lost with One pair : 2
Seat 3: ALOOONGE (small blind) showed [Qd Ts] and won 475 with One pair : Tens


Winamax Poker - Tournament "Expresso Nitro" buyIn: 1.86€ + 0.14€ level: 4 - HandId: #2694791218860130305-9-1674957816 - Holdem no limit (30/60) - 2023/01/29 02:03:36 UTC
Table: 'Expresso Nitro(627429974)#0' 3-max (real money) Seat #2 is the button
Seat 2: _SKR (403)
Seat 3: ALOOONGE (497)
*** ANTE/BLINDS ***
_SKR posts small blind 30
ALOOONGE posts big blind 60
Dealt to _SKR [9s 7h]
*** PRE-FLOP *** 
_SKR folds
ALOOONGE collected 90 from pot
*** SUMMARY ***
Total pot 90 | No rake
Seat 3: ALOOONGE (big blind) won 90


Winamax Poker - Tournament "Expresso Nitro" buyIn: 1.86€ + 0.14€ level: 4 - HandId: #2694791218860130305-10-1674957820 - Holdem no limit (30/60) - 2023/01/29 02:03:40 UTC
Table: 'Expresso Nitro(627429974)#0' 3-max (real money) Seat #3 is the button
Seat 2: _SKR (373)
Seat 3: ALOOONGE (527)
*** ANTE/BLINDS ***
ALOOONGE posts small blind 30
_SKR posts big blind 60
Dealt to _SKR [Ac 9h]
*** PRE-FLOP *** 
ALOOONGE raises 60 to 120
_SKR raises 253 to 373 and is all-in
ALOOONGE folds
_SKR collected 493 from pot
*** SUMMARY ***
Total pot 493 | No rake
Seat 2: _SKR (big blind) won 493


Winamax Poker - Tournament "Expresso Nitro" buyIn: 1.86€ + 0.14€ level: 4 - HandId: #2694791218860130305-11-1674957836 - Holdem no limit (30/60) - 2023/01/29 02:03:56 UTC
Table: 'Expresso Nitro(627429974)#0' 3-max (real money) Seat #2 is the button
Seat 2: _SKR (493)
Seat 3: ALOOONGE (407)
*** ANTE/BLINDS ***
_SKR posts small blind 30
ALOOONGE posts big blind 60
Dealt to _SKR [6s Kc]
*** PRE-FLOP *** 
_SKR raises 433 to 493 and is all-in
ALOOONGE folds
_SKR collected 553 from pot
*** SUMMARY ***
Total pot 553 | No rake
Seat 2: _SKR (small blind) (button) won 553


Winamax Poker - Tournament "Expresso Nitro" buyIn: 1.86€ + 0.14€ level: 4 - HandId: #2694791218860130305-12-1674957843 - Holdem no limit (30/60) - 2023/01/29 02:04:03 UTC
Table: 'Expresso Nitro(627429974)#0' 3-max (real money) Seat #3 is the button
Seat 2: _SKR (553)
Seat 3: ALOOONGE (347)
*** ANTE/BLINDS ***
ALOOONGE posts small blind 30
_SKR posts big blind 60
Dealt to _SKR [Jh 8c]
*** PRE-FLOP *** 
ALOOONGE raises 60 to 120
_SKR calls 60
*** FLOP *** [Qc Tc Th]
_SKR checks
ALOOONGE checks
*** TURN *** [Qc Tc Th][3d]
_SKR bets 120
ALOOONGE folds
_SKR collected 360 from pot
*** SUMMARY ***
Total pot 360 | No rake
Board: [Qc Tc Th 3d]
Seat 2: _SKR (big blind) won 360


Winamax Poker - Tournament "Expresso Nitro" buyIn: 1.86€ + 0.14€ level: 5 - HandId: #2694791218860130305-13-1674957871 - Holdem no limit (40/80) - 2023/01/29 02:04:31 UTC
Table: 'Expresso Nitro(627429974)#0' 3-max (real money) Seat #2 is the button
Seat 2: _SKR (673)
Seat 3: ALOOONGE (227)
*** ANTE/BLINDS ***
_SKR posts small blind 40
ALOOONGE posts big blind 80
Dealt to _SKR [6c Ad]
*** PRE-FLOP *** 
_SKR raises 593 to 673 and is all-in
ALOOONGE folds
_SKR collected 753 from pot
*** SUMMARY ***
Total pot 753 | No rake
Seat 2: _SKR (small blind) (button) won 753


Winamax Poker - Tournament "Expresso Nitro" buyIn: 1.86€ + 0.14€ level: 5 - HandId: #2694791218860130305-14-1674957878 - Holdem no limit (40/80) - 2023/01/29 02:04:38 UTC
Table: 'Expresso Nitro(627429974)#0' 3-max (real money) Seat #3 is the button
Seat 2: _SKR (753)
Seat 3: ALOOONGE (147)
*** ANTE/BLINDS ***
ALOOONGE posts small blind 40
_SKR posts big blind 80
Dealt to _SKR [8d 9c]
*** PRE-FLOP *** 
ALOOONGE raises 67 to 147 and is all-in
_SKR calls 67
*** FLOP *** [Kc 2s As]
*** TURN *** [Kc 2s As][Ts]
*** RIVER *** [Kc 2s As Ts][5h]
*** SHOW DOWN ***
_SKR shows [8d 9c] (High card : Ace)
ALOOONGE shows [9s Kd] (One pair : Kings)
ALOOONGE collected 294 from pot
*** SUMMARY ***
Total pot 294 | No rake
Board: [Kc 2s As Ts 5h]
Seat 2: _SKR (big blind) showed [8d 9c] and lost with High card : Ace
Seat 3: ALOOONGE (small blind) (button) showed [9s Kd] and won 294 with One pair : Kings


Winamax Poker - Tournament "Expresso Nitro" buyIn: 1.86€ + 0.14€ level: 5 - HandId: #2694791218860130305-15-1674957902 - Holdem no limit (40/80) - 2023/01/29 02:05:02 UTC
Table: 'Expresso Nitro(627429974)#0' 3-max (real money) Seat #2 is the button
Seat 2: _SKR (606)
Seat 3: ALOOONGE (294)
*** ANTE/BLINDS ***
_SKR posts small blind 40
ALOOONGE posts big blind 80
Dealt to _SKR [6s Kd]
*** PRE-FLOP *** 
_SKR raises 526 to 606 and is all-in
ALOOONGE folds
_SKR collected 686 from pot
*** SUMMARY ***
Total pot 686 | No rake
Seat 2: _SKR (small blind) (button) won 686


Winamax Poker - Tournament "Expresso Nitro" buyIn: 1.86€ + 0.14€ level: 5 - HandId: #2694791218860130305-16-1674957911 - Holdem no limit (40/80) - 2023/01/29 02:05:11 UTC
Table: 'Expresso Nitro(627429974)#0' 3-max (real money) Seat #3 is the button
Seat 2: _SKR (686)
Seat 3: ALOOONGE (214)
*** ANTE/BLINDS ***
ALOOONGE posts small blind 40
_SKR posts big blind 80
Dealt to _SKR [Qc Qh]
*** PRE-FLOP *** 
ALOOONGE raises 134 to 214 and is all-in
_SKR raises 134 to 348
*** FLOP *** [7c 6s 4s]
*** TURN *** [7c 6s 4s][As]
*** RIVER *** [7c 6s 4s As][9c]
*** SHOW DOWN ***
_SKR shows [Qc Qh] (One pair : Queens)
ALOOONGE shows [8s Ac] (One pair : Aces)
ALOOONGE collected 428 from main pot
_SKR collected 134 from side pot 1
*** SUMMARY ***
Total pot 562 | No rake
Board: [7c 6s 4s As 9c]
Seat 2: _SKR (big blind) showed [Qc Qh] and won 134 with One pair : Queens
Seat 3: ALOOONGE (small blind) (button) showed [8s Ac] and won 428 with One pair : Aces


Winamax Poker - Tournament "Expresso Nitro" buyIn: 1.86€ + 0.14€ level: 6 - HandId: #2694791218860130305-17-1674957923 - Holdem no limit (50/100) - 2023/01/29 02:05:23 UTC
Table: 'Expresso Nitro(627429974)#0' 3-max (real money) Seat #2 is the button
Seat 2: _SKR (472)
Seat 3: ALOOONGE (428)
*** ANTE/BLINDS ***
_SKR posts small blind 50
ALOOONGE posts big blind 100
Dealt to _SKR [9h 6c]
*** PRE-FLOP *** 
_SKR folds
ALOOONGE collected 150 from pot
*** SUMMARY ***
Total pot 150 | No rake
Seat 3: ALOOONGE (big blind) won 150


Winamax Poker - Tournament "Expresso Nitro" buyIn: 1.86€ + 0.14€ level: 6 - HandId: #2694791218860130305-18-1674957927 - Holdem no limit (50/100) - 2023/01/29 02:05:27 UTC
Table: 'Expresso Nitro(627429974)#0' 3-max (real money) Seat #3 is the button
Seat 2: _SKR (422)
Seat 3: ALOOONGE (478)
*** ANTE/BLINDS ***
ALOOONGE posts small blind 50
_SKR posts big blind 100
Dealt to _SKR [Ah 2d]
*** PRE-FLOP *** 
ALOOONGE raises 100 to 200
_SKR raises 222 to 422 and is all-in
ALOOONGE calls 222
*** FLOP *** [5d Ks 8h]
*** TURN *** [5d Ks 8h][6h]
*** RIVER *** [5d Ks 8h 6h][Jc]
*** SHOW DOWN ***
_SKR shows [Ah 2d] (High card : Ace)
ALOOONGE shows [Jh 9c] (One pair : Jacks)
ALOOONGE collected 844 from pot
*** SUMMARY ***
Total pot 844 | No rake
Board: [5d Ks 8h 6h Jc]
Seat 2: _SKR (big blind) showed [Ah 2d] and lost with High card : Ace
Seat 3: ALOOONGE (small blind) (button) showed [Jh 9c] and won 844 with One pair : Jacks


