Winamax Poker - Tournament "Expresso Nitro" buyIn: 0.93€ + 0.07€ level: 1 - HandId: #2690581279031689217-1-1674686707 - Holdem no limit (10/20) - 2023/01/25 22:45:07 UTC
Table: 'Expresso Nitro(626449771)#0' 3-max (real money) Seat #2 is the button
Seat 1: Faysdz (300)
Seat 2: _SKR (300)
Seat 3: Flushhh (300)
*** ANTE/BLINDS ***
Flushhh posts small blind 10
Faysdz posts big blind 20
Dealt to _SKR [6c 3d]
*** PRE-FLOP *** 
_SKR folds
Flushhh raises 280 to 300 and is all-in
Faysdz folds
Flushhh collected 320 from pot
*** SUMMARY ***
Total pot 320 | No rake
Seat 3: Flushhh (small blind) won 320


Winamax Poker - Tournament "Expresso Nitro" buyIn: 0.93€ + 0.07€ level: 1 - HandId: #2690581279031689217-2-1674686719 - Holdem no limit (10/20) - 2023/01/25 22:45:19 UTC
Table: 'Expresso Nitro(626449771)#0' 3-max (real money) Seat #3 is the button
Seat 1: Faysdz (280)
Seat 2: _SKR (300)
Seat 3: Flushhh (320)
*** ANTE/BLINDS ***
Faysdz posts small blind 10
_SKR posts big blind 20
Dealt to _SKR [2s 4s]
*** PRE-FLOP *** 
Flushhh folds
Faysdz raises 260 to 280 and is all-in
_SKR folds
Faysdz collected 300 from pot
*** SUMMARY ***
Total pot 300 | No rake
Seat 1: Faysdz (small blind) won 300


Winamax Poker - Tournament "Expresso Nitro" buyIn: 0.93€ + 0.07€ level: 1 - HandId: #2690581279031689217-3-1674686739 - Holdem no limit (10/20) - 2023/01/25 22:45:39 UTC
Table: 'Expresso Nitro(626449771)#0' 3-max (real money) Seat #1 is the button
Seat 1: Faysdz (300)
Seat 2: _SKR (280)
Seat 3: Flushhh (320)
*** ANTE/BLINDS ***
_SKR posts small blind 10
Flushhh posts big blind 20
Dealt to _SKR [5d 7c]
*** PRE-FLOP *** 
Faysdz folds
_SKR folds
Flushhh collected 30 from pot
*** SUMMARY ***
Total pot 30 | No rake
Seat 3: Flushhh (big blind) won 30


Winamax Poker - Tournament "Expresso Nitro" buyIn: 0.93€ + 0.07€ level: 1 - HandId: #2690581279031689217-4-1674686750 - Holdem no limit (10/20) - 2023/01/25 22:45:50 UTC
Table: 'Expresso Nitro(626449771)#0' 3-max (real money) Seat #2 is the button
Seat 1: Faysdz (300)
Seat 2: _SKR (270)
Seat 3: Flushhh (330)
*** ANTE/BLINDS ***
Flushhh posts small blind 10
Faysdz posts big blind 20
Dealt to _SKR [8d As]
*** PRE-FLOP *** 
_SKR raises 250 to 270 and is all-in
Flushhh calls 260
Faysdz folds
*** FLOP *** [Kc 3h 8s]
*** TURN *** [Kc 3h 8s][Tc]
*** RIVER *** [Kc 3h 8s Tc][2s]
*** SHOW DOWN ***
_SKR shows [8d As] (One pair : 8)
Flushhh shows [Ts Qs] (One pair : Tens)
Flushhh collected 560 from pot
*** SUMMARY ***
Total pot 560 | No rake
Board: [Kc 3h 8s Tc 2s]
Seat 2: _SKR (button) showed [8d As] and lost with One pair : 8
Seat 3: Flushhh (small blind) showed [Ts Qs] and won 560 with One pair : Tens


