Winamax Poker - Tournament "Expresso Nitro" buyIn: 0.93€ + 0.07€ level: 1 - HandId: #2661558462730731521-1-1673018929 - Holdem no limit (10/20) - 2023/01/06 15:28:49 UTC
Table: 'Expresso Nitro(619692370)#0' 3-max (real money) Seat #1 is the button
Seat 1: _SKR (300)
Seat 2: A-touly-A (300)
Seat 3: Marius7392 (300)
*** ANTE/BLINDS ***
A-touly-A posts small blind 10
Marius7392 posts big blind 20
Dealt to _SKR [6d Kc]
*** PRE-FLOP *** 
_SKR folds
A-touly-A folds
Marius7392 collected 30 from pot
*** SUMMARY ***
Total pot 30 | No rake
Seat 3: Marius7392 (big blind) won 30


Winamax Poker - Tournament "Expresso Nitro" buyIn: 0.93€ + 0.07€ level: 1 - HandId: #2661558462730731521-2-1673018937 - Holdem no limit (10/20) - 2023/01/06 15:28:57 UTC
Table: 'Expresso Nitro(619692370)#0' 3-max (real money) Seat #2 is the button
Seat 1: _SKR (300)
Seat 2: A-touly-A (290)
Seat 3: Marius7392 (310)
*** ANTE/BLINDS ***
Marius7392 posts small blind 10
_SKR posts big blind 20
Dealt to _SKR [2c 2d]
*** PRE-FLOP *** 
A-touly-A raises 50 to 70
Marius7392 raises 240 to 310 and is all-in
_SKR folds
A-touly-A calls 220 and is all-in
*** FLOP *** [3d 8c 6h]
*** TURN *** [3d 8c 6h][3c]
*** RIVER *** [3d 8c 6h 3c][6s]
*** SHOW DOWN ***
A-touly-A shows [8h Ah] (Two pairs : 8 and 6)
Marius7392 shows [3h 4c] (Full of 3 and 6)
Marius7392 collected 620 from pot
*** SUMMARY ***
Total pot 620 | No rake
Board: [3d 8c 6h 3c 6s]
Seat 2: A-touly-A (button) showed [8h Ah] and lost with Two pairs : 8 and 6
Seat 3: Marius7392 (small blind) showed [3h 4c] and won 620 with Full of 3 and 6


Winamax Poker - Tournament "Expresso Nitro" buyIn: 0.93€ + 0.07€ level: 1 - HandId: #2661558462730731521-3-1673018956 - Holdem no limit (10/20) - 2023/01/06 15:29:16 UTC
Table: 'Expresso Nitro(619692370)#0' 3-max (real money) Seat #1 is the button
Seat 1: _SKR (280)
Seat 3: Marius7392 (620)
*** ANTE/BLINDS ***
_SKR posts small blind 10
Marius7392 posts big blind 20
Dealt to _SKR [8c 6c]
*** PRE-FLOP *** 
_SKR folds
Marius7392 collected 30 from pot
*** SUMMARY ***
Total pot 30 | No rake
Seat 3: Marius7392 (big blind) won 30


Winamax Poker - Tournament "Expresso Nitro" buyIn: 0.93€ + 0.07€ level: 1 - HandId: #2661558462730731521-4-1673018960 - Holdem no limit (10/20) - 2023/01/06 15:29:20 UTC
Table: 'Expresso Nitro(619692370)#0' 3-max (real money) Seat #3 is the button
Seat 1: _SKR (270)
Seat 3: Marius7392 (630)
*** ANTE/BLINDS ***
Marius7392 posts small blind 10
_SKR posts big blind 20
Dealt to _SKR [Th Ah]
*** PRE-FLOP *** 
Marius7392 raises 610 to 630 and is all-in
_SKR calls 250 and is all-in
*** FLOP *** [Ac 8c Kc]
*** TURN *** [Ac 8c Kc][Kh]
*** RIVER *** [Ac 8c Kc Kh][6h]
*** SHOW DOWN ***
_SKR shows [Th Ah] (Two pairs : Aces and Kings)
Marius7392 shows [As 2d] (Two pairs : Aces and Kings)
Marius7392 collected 360 from side pot 1
_SKR collected 540 from main pot
*** SUMMARY ***
Total pot 900 | No rake
Board: [Ac 8c Kc Kh 6h]
Seat 1: _SKR (big blind) showed [Th Ah] and won 540 with Two pairs : Aces and Kings
Seat 3: Marius7392 (small blind) (button) showed [As 2d] and won 360 with Two pairs : Aces and Kings


Winamax Poker - Tournament "Expresso Nitro" buyIn: 0.93€ + 0.07€ level: 1 - HandId: #2661558462730731521-5-1673018972 - Holdem no limit (10/20) - 2023/01/06 15:29:32 UTC
Table: 'Expresso Nitro(619692370)#0' 3-max (real money) Seat #1 is the button
Seat 1: _SKR (540)
Seat 3: Marius7392 (360)
*** ANTE/BLINDS ***
_SKR posts small blind 10
Marius7392 posts big blind 20
Dealt to _SKR [4c Kd]
*** PRE-FLOP *** 
_SKR folds
Marius7392 collected 30 from pot
*** SUMMARY ***
Total pot 30 | No rake
Seat 3: Marius7392 (big blind) won 30


Winamax Poker - Tournament "Expresso Nitro" buyIn: 0.93€ + 0.07€ level: 1 - HandId: #2661558462730731521-6-1673018977 - Holdem no limit (10/20) - 2023/01/06 15:29:37 UTC
Table: 'Expresso Nitro(619692370)#0' 3-max (real money) Seat #3 is the button
Seat 1: _SKR (530)
Seat 3: Marius7392 (370)
*** ANTE/BLINDS ***
Marius7392 posts small blind 10
_SKR posts big blind 20
Dealt to _SKR [3c Qh]
*** PRE-FLOP *** 
Marius7392 raises 350 to 370 and is all-in
_SKR folds
Marius7392 collected 390 from pot
*** SUMMARY ***
Total pot 390 | No rake
Seat 3: Marius7392 (small blind) (button) won 390


Winamax Poker - Tournament "Expresso Nitro" buyIn: 0.93€ + 0.07€ level: 2 - HandId: #2661558462730731521-7-1673018985 - Holdem no limit (15/30) - 2023/01/06 15:29:45 UTC
Table: 'Expresso Nitro(619692370)#0' 3-max (real money) Seat #1 is the button
Seat 1: _SKR (510)
Seat 3: Marius7392 (390)
*** ANTE/BLINDS ***
_SKR posts small blind 15
Marius7392 posts big blind 30
Dealt to _SKR [7h Ts]
*** PRE-FLOP *** 
_SKR folds
Marius7392 collected 45 from pot
*** SUMMARY ***
Total pot 45 | No rake
Seat 3: Marius7392 (big blind) won 45


Winamax Poker - Tournament "Expresso Nitro" buyIn: 0.93€ + 0.07€ level: 2 - HandId: #2661558462730731521-8-1673018994 - Holdem no limit (15/30) - 2023/01/06 15:29:54 UTC
Table: 'Expresso Nitro(619692370)#0' 3-max (real money) Seat #3 is the button
Seat 1: _SKR (495)
Seat 3: Marius7392 (405)
*** ANTE/BLINDS ***
Marius7392 posts small blind 15
_SKR posts big blind 30
Dealt to _SKR [3s Kc]
*** PRE-FLOP *** 
Marius7392 raises 375 to 405 and is all-in
_SKR folds
Marius7392 collected 435 from pot
*** SUMMARY ***
Total pot 435 | No rake
Seat 3: Marius7392 (small blind) (button) won 435


Winamax Poker - Tournament "Expresso Nitro" buyIn: 0.93€ + 0.07€ level: 2 - HandId: #2661558462730731521-9-1673019002 - Holdem no limit (15/30) - 2023/01/06 15:30:02 UTC
Table: 'Expresso Nitro(619692370)#0' 3-max (real money) Seat #1 is the button
Seat 1: _SKR (465)
Seat 3: Marius7392 (435)
*** ANTE/BLINDS ***
_SKR posts small blind 15
Marius7392 posts big blind 30
Dealt to _SKR [4d 9h]
*** PRE-FLOP *** 
_SKR folds
Marius7392 collected 45 from pot
*** SUMMARY ***
Total pot 45 | No rake
Seat 3: Marius7392 (big blind) won 45


Winamax Poker - Tournament "Expresso Nitro" buyIn: 0.93€ + 0.07€ level: 2 - HandId: #2661558462730731521-10-1673019009 - Holdem no limit (15/30) - 2023/01/06 15:30:09 UTC
Table: 'Expresso Nitro(619692370)#0' 3-max (real money) Seat #3 is the button
Seat 1: _SKR (450)
Seat 3: Marius7392 (450)
*** ANTE/BLINDS ***
Marius7392 posts small blind 15
_SKR posts big blind 30
Dealt to _SKR [Qc 7c]
*** PRE-FLOP *** 
Marius7392 raises 420 to 450 and is all-in
_SKR folds
Marius7392 collected 480 from pot
*** SUMMARY ***
Total pot 480 | No rake
Seat 3: Marius7392 (small blind) (button) won 480


Winamax Poker - Tournament "Expresso Nitro" buyIn: 0.93€ + 0.07€ level: 2 - HandId: #2661558462730731521-11-1673019016 - Holdem no limit (15/30) - 2023/01/06 15:30:16 UTC
Table: 'Expresso Nitro(619692370)#0' 3-max (real money) Seat #1 is the button
Seat 1: _SKR (420)
Seat 3: Marius7392 (480)
*** ANTE/BLINDS ***
_SKR posts small blind 15
Marius7392 posts big blind 30
Dealt to _SKR [Td 8h]
*** PRE-FLOP *** 
_SKR folds
Marius7392 collected 45 from pot
*** SUMMARY ***
Total pot 45 | No rake
Seat 3: Marius7392 (big blind) won 45


Winamax Poker - Tournament "Expresso Nitro" buyIn: 0.93€ + 0.07€ level: 2 - HandId: #2661558462730731521-12-1673019021 - Holdem no limit (15/30) - 2023/01/06 15:30:21 UTC
Table: 'Expresso Nitro(619692370)#0' 3-max (real money) Seat #3 is the button
Seat 1: _SKR (405)
Seat 3: Marius7392 (495)
*** ANTE/BLINDS ***
Marius7392 posts small blind 15
_SKR posts big blind 30
Dealt to _SKR [9s Kh]
*** PRE-FLOP *** 
Marius7392 raises 465 to 495 and is all-in
_SKR folds
Marius7392 collected 525 from pot
*** SUMMARY ***
Total pot 525 | No rake
Seat 3: Marius7392 (small blind) (button) won 525


Winamax Poker - Tournament "Expresso Nitro" buyIn: 0.93€ + 0.07€ level: 2 - HandId: #2661558462730731521-13-1673019031 - Holdem no limit (15/30) - 2023/01/06 15:30:31 UTC
Table: 'Expresso Nitro(619692370)#0' 3-max (real money) Seat #1 is the button
Seat 1: _SKR (375)
Seat 3: Marius7392 (525)
*** ANTE/BLINDS ***
_SKR posts small blind 15
Marius7392 posts big blind 30
Dealt to _SKR [3d 7d]
*** PRE-FLOP *** 
_SKR folds
Marius7392 collected 45 from pot
*** SUMMARY ***
Total pot 45 | No rake
Seat 3: Marius7392 (big blind) won 45


Winamax Poker - Tournament "Expresso Nitro" buyIn: 0.93€ + 0.07€ level: 2 - HandId: #2661558462730731521-14-1673019038 - Holdem no limit (15/30) - 2023/01/06 15:30:38 UTC
Table: 'Expresso Nitro(619692370)#0' 3-max (real money) Seat #3 is the button
Seat 1: _SKR (360)
Seat 3: Marius7392 (540)
*** ANTE/BLINDS ***
Marius7392 posts small blind 15
_SKR posts big blind 30
Dealt to _SKR [7c 8d]
*** PRE-FLOP *** 
Marius7392 raises 510 to 540 and is all-in
_SKR folds
Marius7392 shows [2c 8c] (High card : 8)
Marius7392 collected 570 from pot
*** SUMMARY ***
Total pot 570 | No rake
Seat 3: Marius7392 (small blind) (button) showed [2c 8c] and won 570 with High card : 8


Winamax Poker - Tournament "Expresso Nitro" buyIn: 0.93€ + 0.07€ level: 2 - HandId: #2661558462730731521-15-1673019044 - Holdem no limit (15/30) - 2023/01/06 15:30:44 UTC
Table: 'Expresso Nitro(619692370)#0' 3-max (real money) Seat #1 is the button
Seat 1: _SKR (330)
Seat 3: Marius7392 (570)
*** ANTE/BLINDS ***
_SKR posts small blind 15
Marius7392 posts big blind 30
Dealt to _SKR [8h 8d]
*** PRE-FLOP *** 
_SKR raises 300 to 330 and is all-in
Marius7392 calls 300
*** FLOP *** [5s 9c 8c]
*** TURN *** [5s 9c 8c][Td]
*** RIVER *** [5s 9c 8c Td][Ah]
*** SHOW DOWN ***
Marius7392 shows [3h 7h] (High card : Ace)
_SKR shows [8h 8d] (Trips of 8)
_SKR collected 660 from pot
*** SUMMARY ***
Total pot 660 | No rake
Board: [5s 9c 8c Td Ah]
Seat 1: _SKR (small blind) (button) showed [8h 8d] and won 660 with Trips of 8
Seat 3: Marius7392 (big blind) showed [3h 7h] and lost with High card : Ace


Winamax Poker - Tournament "Expresso Nitro" buyIn: 0.93€ + 0.07€ level: 3 - HandId: #2661558462730731521-16-1673019058 - Holdem no limit (20/40) - 2023/01/06 15:30:58 UTC
Table: 'Expresso Nitro(619692370)#0' 3-max (real money) Seat #3 is the button
Seat 1: _SKR (660)
Seat 3: Marius7392 (240)
*** ANTE/BLINDS ***
Marius7392 posts small blind 20
_SKR posts big blind 40
Dealt to _SKR [4d 2c]
*** PRE-FLOP *** 
Marius7392 raises 200 to 240 and is all-in
_SKR folds
Marius7392 collected 280 from pot
*** SUMMARY ***
Total pot 280 | No rake
Seat 3: Marius7392 (small blind) (button) won 280


Winamax Poker - Tournament "Expresso Nitro" buyIn: 0.93€ + 0.07€ level: 3 - HandId: #2661558462730731521-17-1673019064 - Holdem no limit (20/40) - 2023/01/06 15:31:04 UTC
Table: 'Expresso Nitro(619692370)#0' 3-max (real money) Seat #1 is the button
Seat 1: _SKR (620)
Seat 3: Marius7392 (280)
*** ANTE/BLINDS ***
_SKR posts small blind 20
Marius7392 posts big blind 40
Dealt to _SKR [Jh Tc]
*** PRE-FLOP *** 
_SKR calls 20
Marius7392 raises 240 to 280 and is all-in
_SKR folds
Marius7392 collected 320 from pot
*** SUMMARY ***
Total pot 320 | No rake
Seat 3: Marius7392 (big blind) won 320


Winamax Poker - Tournament "Expresso Nitro" buyIn: 0.93€ + 0.07€ level: 3 - HandId: #2661558462730731521-18-1673019077 - Holdem no limit (20/40) - 2023/01/06 15:31:17 UTC
Table: 'Expresso Nitro(619692370)#0' 3-max (real money) Seat #3 is the button
Seat 1: _SKR (580)
Seat 3: Marius7392 (320)
*** ANTE/BLINDS ***
Marius7392 posts small blind 20
_SKR posts big blind 40
Dealt to _SKR [Th 8h]
*** PRE-FLOP *** 
Marius7392 raises 280 to 320 and is all-in
_SKR folds
Marius7392 collected 360 from pot
*** SUMMARY ***
Total pot 360 | No rake
Seat 3: Marius7392 (small blind) (button) won 360


Winamax Poker - Tournament "Expresso Nitro" buyIn: 0.93€ + 0.07€ level: 3 - HandId: #2661558462730731521-19-1673019083 - Holdem no limit (20/40) - 2023/01/06 15:31:23 UTC
Table: 'Expresso Nitro(619692370)#0' 3-max (real money) Seat #1 is the button
Seat 1: _SKR (540)
Seat 3: Marius7392 (360)
*** ANTE/BLINDS ***
_SKR posts small blind 20
Marius7392 posts big blind 40
Dealt to _SKR [As Ts]
*** PRE-FLOP *** 
_SKR raises 500 to 540 and is all-in
Marius7392 calls 320 and is all-in
*** FLOP *** [9c 2s Qd]
*** TURN *** [9c 2s Qd][5s]
*** RIVER *** [9c 2s Qd 5s][5c]
*** SHOW DOWN ***
_SKR shows [As Ts] (One pair : 5)
Marius7392 shows [9h Kc] (Two pairs : 9 and 5)
Marius7392 collected 720 from main pot
_SKR collected 180 from side pot 1
*** SUMMARY ***
Total pot 900 | No rake
Board: [9c 2s Qd 5s 5c]
Seat 1: _SKR (small blind) (button) showed [As Ts] and won 180 with One pair : 5
Seat 3: Marius7392 (big blind) showed [9h Kc] and won 720 with Two pairs : 9 and 5


Winamax Poker - Tournament "Expresso Nitro" buyIn: 0.93€ + 0.07€ level: 3 - HandId: #2661558462730731521-20-1673019098 - Holdem no limit (20/40) - 2023/01/06 15:31:38 UTC
Table: 'Expresso Nitro(619692370)#0' 3-max (real money) Seat #3 is the button
Seat 1: _SKR (180)
Seat 3: Marius7392 (720)
*** ANTE/BLINDS ***
Marius7392 posts small blind 20
_SKR posts big blind 40
Dealt to _SKR [5h Qh]
*** PRE-FLOP *** 
Marius7392 raises 680 to 720 and is all-in
_SKR calls 140 and is all-in
*** FLOP *** [8h Kh Qs]
*** TURN *** [8h Kh Qs][Ac]
*** RIVER *** [8h Kh Qs Ac][6h]
*** SHOW DOWN ***
_SKR shows [5h Qh] (Flush King high)
Marius7392 shows [3d 6d] (One pair : 6)
Marius7392 collected 540 from side pot 1
_SKR collected 360 from main pot
*** SUMMARY ***
Total pot 900 | No rake
Board: [8h Kh Qs Ac 6h]
Seat 1: _SKR (big blind) showed [5h Qh] and won 360 with Flush King high
Seat 3: Marius7392 (small blind) (button) showed [3d 6d] and won 540 with One pair : 6


Winamax Poker - Tournament "Expresso Nitro" buyIn: 0.93€ + 0.07€ level: 4 - HandId: #2661558462730731521-21-1673019109 - Holdem no limit (30/60) - 2023/01/06 15:31:49 UTC
Table: 'Expresso Nitro(619692370)#0' 3-max (real money) Seat #1 is the button
Seat 1: _SKR (360)
Seat 3: Marius7392 (540)
*** ANTE/BLINDS ***
_SKR posts small blind 30
Marius7392 posts big blind 60
Dealt to _SKR [8h 9c]
*** PRE-FLOP *** 
_SKR folds
Marius7392 collected 90 from pot
*** SUMMARY ***
Total pot 90 | No rake
Seat 3: Marius7392 (big blind) won 90


Winamax Poker - Tournament "Expresso Nitro" buyIn: 0.93€ + 0.07€ level: 4 - HandId: #2661558462730731521-22-1673019116 - Holdem no limit (30/60) - 2023/01/06 15:31:56 UTC
Table: 'Expresso Nitro(619692370)#0' 3-max (real money) Seat #3 is the button
Seat 1: _SKR (330)
Seat 3: Marius7392 (570)
*** ANTE/BLINDS ***
Marius7392 posts small blind 30
_SKR posts big blind 60
Dealt to _SKR [2s 7d]
*** PRE-FLOP *** 
Marius7392 raises 510 to 570 and is all-in
_SKR folds
Marius7392 collected 630 from pot
*** SUMMARY ***
Total pot 630 | No rake
Seat 3: Marius7392 (small blind) (button) won 630


Winamax Poker - Tournament "Expresso Nitro" buyIn: 0.93€ + 0.07€ level: 4 - HandId: #2661558462730731521-23-1673019129 - Holdem no limit (30/60) - 2023/01/06 15:32:09 UTC
Table: 'Expresso Nitro(619692370)#0' 3-max (real money) Seat #1 is the button
Seat 1: _SKR (270)
Seat 3: Marius7392 (630)
*** ANTE/BLINDS ***
_SKR posts small blind 30
Marius7392 posts big blind 60
Dealt to _SKR [3h 9h]
*** PRE-FLOP *** 
_SKR folds
Marius7392 collected 90 from pot
*** SUMMARY ***
Total pot 90 | No rake
Seat 3: Marius7392 (big blind) won 90


Winamax Poker - Tournament "Expresso Nitro" buyIn: 0.93€ + 0.07€ level: 4 - HandId: #2661558462730731521-24-1673019134 - Holdem no limit (30/60) - 2023/01/06 15:32:14 UTC
Table: 'Expresso Nitro(619692370)#0' 3-max (real money) Seat #3 is the button
Seat 1: _SKR (240)
Seat 3: Marius7392 (660)
*** ANTE/BLINDS ***
Marius7392 posts small blind 30
_SKR posts big blind 60
Dealt to _SKR [5s 3d]
*** PRE-FLOP *** 
Marius7392 raises 600 to 660 and is all-in
_SKR folds
Marius7392 collected 720 from pot
*** SUMMARY ***
Total pot 720 | No rake
Seat 3: Marius7392 (small blind) (button) won 720


Winamax Poker - Tournament "Expresso Nitro" buyIn: 0.93€ + 0.07€ level: 4 - HandId: #2661558462730731521-25-1673019148 - Holdem no limit (30/60) - 2023/01/06 15:32:28 UTC
Table: 'Expresso Nitro(619692370)#0' 3-max (real money) Seat #1 is the button
Seat 1: _SKR (180)
Seat 3: Marius7392 (720)
*** ANTE/BLINDS ***
_SKR posts small blind 30
Marius7392 posts big blind 60
Dealt to _SKR [Js 2s]
*** PRE-FLOP *** 
_SKR raises 120 to 180 and is all-in
Marius7392 raises 540 to 720 and is all-in
*** FLOP *** [Qc 4s 2d]
*** TURN *** [Qc 4s 2d][7h]
*** RIVER *** [Qc 4s 2d 7h][5d]
*** SHOW DOWN ***
_SKR shows [Js 2s] (One pair : 2)
Marius7392 shows [8s 9c] (High card : Queen)
Marius7392 collected 540 from side pot 1
_SKR collected 360 from main pot
*** SUMMARY ***
Total pot 900 | No rake
Board: [Qc 4s 2d 7h 5d]
Seat 1: _SKR (small blind) (button) showed [Js 2s] and won 360 with One pair : 2
Seat 3: Marius7392 (big blind) showed [8s 9c] and won 540 with High card : Queen


Winamax Poker - Tournament "Expresso Nitro" buyIn: 0.93€ + 0.07€ level: 4 - HandId: #2661558462730731521-26-1673019160 - Holdem no limit (30/60) - 2023/01/06 15:32:40 UTC
Table: 'Expresso Nitro(619692370)#0' 3-max (real money) Seat #3 is the button
Seat 1: _SKR (360)
Seat 3: Marius7392 (540)
*** ANTE/BLINDS ***
Marius7392 posts small blind 30
_SKR posts big blind 60
Dealt to _SKR [3h 5c]
*** PRE-FLOP *** 
Marius7392 raises 480 to 540 and is all-in
_SKR folds
Marius7392 collected 600 from pot
*** SUMMARY ***
Total pot 600 | No rake
Seat 3: Marius7392 (small blind) (button) won 600


Winamax Poker - Tournament "Expresso Nitro" buyIn: 0.93€ + 0.07€ level: 5 - HandId: #2661558462730731521-27-1673019174 - Holdem no limit (40/80) - 2023/01/06 15:32:54 UTC
Table: 'Expresso Nitro(619692370)#0' 3-max (real money) Seat #1 is the button
Seat 1: _SKR (300)
Seat 3: Marius7392 (600)
*** ANTE/BLINDS ***
_SKR posts small blind 40
Marius7392 posts big blind 80
Dealt to _SKR [3s Jd]
*** PRE-FLOP *** 
_SKR raises 220 to 300 and is all-in
Marius7392 raises 300 to 600 and is all-in
*** FLOP *** [4s 6h 2h]
*** TURN *** [4s 6h 2h][Th]
*** RIVER *** [4s 6h 2h Th][5h]
*** SHOW DOWN ***
_SKR shows [3s Jd] (Straight 6 high)
Marius7392 shows [Qc Kd] (High card : King)
Marius7392 collected 300 from side pot 1
_SKR collected 600 from main pot
*** SUMMARY ***
Total pot 900 | No rake
Board: [4s 6h 2h Th 5h]
Seat 1: _SKR (small blind) (button) showed [3s Jd] and won 600 with Straight 6 high
Seat 3: Marius7392 (big blind) showed [Qc Kd] and won 300 with High card : King


Winamax Poker - Tournament "Expresso Nitro" buyIn: 0.93€ + 0.07€ level: 5 - HandId: #2661558462730731521-28-1673019192 - Holdem no limit (40/80) - 2023/01/06 15:33:12 UTC
Table: 'Expresso Nitro(619692370)#0' 3-max (real money) Seat #3 is the button
Seat 1: _SKR (600)
Seat 3: Marius7392 (300)
*** ANTE/BLINDS ***
Marius7392 posts small blind 40
_SKR posts big blind 80
Dealt to _SKR [9d 6c]
*** PRE-FLOP *** 
Marius7392 folds
_SKR collected 120 from pot
*** SUMMARY ***
Total pot 120 | No rake
Seat 1: _SKR (big blind) won 120


Winamax Poker - Tournament "Expresso Nitro" buyIn: 0.93€ + 0.07€ level: 5 - HandId: #2661558462730731521-29-1673019222 - Holdem no limit (40/80) - 2023/01/06 15:33:42 UTC
Table: 'Expresso Nitro(619692370)#0' 3-max (real money) Seat #1 is the button
Seat 1: _SKR (640)
Seat 3: Marius7392 (260)
*** ANTE/BLINDS ***
_SKR posts small blind 40
Marius7392 posts big blind 80
Dealt to _SKR [4s Ah]
*** PRE-FLOP *** 
_SKR raises 80 to 160
Marius7392 raises 100 to 260 and is all-in
_SKR calls 100
*** FLOP *** [7d Jc 5d]
*** TURN *** [7d Jc 5d][9s]
*** RIVER *** [7d Jc 5d 9s][6d]
*** SHOW DOWN ***
_SKR shows [4s Ah] (High card : Ace)
Marius7392 shows [Jd Ad] (Flush Ace high)
Marius7392 collected 520 from pot
*** SUMMARY ***
Total pot 520 | No rake
Board: [7d Jc 5d 9s 6d]
Seat 1: _SKR (small blind) (button) showed [4s Ah] and lost with High card : Ace
Seat 3: Marius7392 (big blind) showed [Jd Ad] and won 520 with Flush Ace high


Winamax Poker - Tournament "Expresso Nitro" buyIn: 0.93€ + 0.07€ level: 6 - HandId: #2661558462730731521-30-1673019235 - Holdem no limit (50/100) - 2023/01/06 15:33:55 UTC
Table: 'Expresso Nitro(619692370)#0' 3-max (real money) Seat #3 is the button
Seat 1: _SKR (380)
Seat 3: Marius7392 (520)
*** ANTE/BLINDS ***
Marius7392 posts small blind 50
_SKR posts big blind 100
Dealt to _SKR [Qh 2h]
*** PRE-FLOP *** 
Marius7392 raises 420 to 520 and is all-in
_SKR calls 280 and is all-in
*** FLOP *** [6h 9h 3h]
*** TURN *** [6h 9h 3h][4d]
*** RIVER *** [6h 9h 3h 4d][5s]
*** SHOW DOWN ***
_SKR shows [Qh 2h] (Flush Queen high)
Marius7392 shows [Kh 4s] (One pair : 4)
Marius7392 collected 140 from side pot 1
_SKR collected 760 from main pot
*** SUMMARY ***
Total pot 900 | No rake
Board: [6h 9h 3h 4d 5s]
Seat 1: _SKR (big blind) showed [Qh 2h] and won 760 with Flush Queen high
Seat 3: Marius7392 (small blind) (button) showed [Kh 4s] and won 140 with One pair : 4


Winamax Poker - Tournament "Expresso Nitro" buyIn: 0.93€ + 0.07€ level: 6 - HandId: #2661558462730731521-31-1673019245 - Holdem no limit (50/100) - 2023/01/06 15:34:05 UTC
Table: 'Expresso Nitro(619692370)#0' 3-max (real money) Seat #1 is the button
Seat 1: _SKR (760)
Seat 3: Marius7392 (140)
*** ANTE/BLINDS ***
_SKR posts small blind 50
Marius7392 posts big blind 100
Dealt to _SKR [Ac 8h]
*** PRE-FLOP *** 
_SKR raises 100 to 200
Marius7392 calls 40 and is all-in
*** FLOP *** [5d 6h Js]
*** TURN *** [5d 6h Js][8d]
*** RIVER *** [5d 6h Js 8d][9d]
*** SHOW DOWN ***
Marius7392 shows [Qd 3c] (High card : Queen)
_SKR shows [Ac 8h] (One pair : 8)
_SKR collected 340 from pot
*** SUMMARY ***
Total pot 340 | No rake
Board: [5d 6h Js 8d 9d]
Seat 1: _SKR (small blind) (button) showed [Ac 8h] and won 340 with One pair : 8
Seat 3: Marius7392 (big blind) showed [Qd 3c] and lost with High card : Queen


