Winamax Poker - Tournament "Expresso Nitro" buyIn: 0.93€ + 0.07€ level: 1 - HandId: #2661546630095831041-1-1673018403 - Holdem no limit (10/20) - 2023/01/06 15:20:03 UTC
Table: 'Expresso Nitro(619689615)#0' 3-max (real money) Seat #3 is the button
Seat 1: Rim3807 (300)
Seat 2: TheBurglekut (300)
Seat 3: _SKR (300)
*** ANTE/BLINDS ***
Rim3807 posts small blind 10
TheBurglekut posts big blind 20
Dealt to _SKR [7h 7s]
*** PRE-FLOP *** 
_SKR raises 280 to 300 and is all-in
Rim3807 folds
TheBurglekut folds
_SKR collected 330 from pot
*** SUMMARY ***
Total pot 330 | No rake
Seat 3: _SKR (button) won 330


Winamax Poker - Tournament "Expresso Nitro" buyIn: 0.93€ + 0.07€ level: 1 - HandId: #2661546630095831041-2-1673018412 - Holdem no limit (10/20) - 2023/01/06 15:20:12 UTC
Table: 'Expresso Nitro(619689615)#0' 3-max (real money) Seat #1 is the button
Seat 1: Rim3807 (290)
Seat 2: TheBurglekut (280)
Seat 3: _SKR (330)
*** ANTE/BLINDS ***
TheBurglekut posts small blind 10
_SKR posts big blind 20
Dealt to _SKR [Kd 9d]
*** PRE-FLOP *** 
Rim3807 raises 20 to 40
TheBurglekut calls 30
_SKR calls 20
*** FLOP *** [Th 7d 4h]
TheBurglekut checks
_SKR checks
Rim3807 bets 120
TheBurglekut raises 120 to 240 and is all-in
_SKR folds
Rim3807 folds
TheBurglekut collected 480 from pot
*** SUMMARY ***
Total pot 480 | No rake
Board: [Th 7d 4h]
Seat 2: TheBurglekut (small blind) won 480


Winamax Poker - Tournament "Expresso Nitro" buyIn: 0.93€ + 0.07€ level: 2 - HandId: #2661546630095831041-3-1673018460 - Holdem no limit (15/30) - 2023/01/06 15:21:00 UTC
Table: 'Expresso Nitro(619689615)#0' 3-max (real money) Seat #2 is the button
Seat 1: Rim3807 (130)
Seat 2: TheBurglekut (480)
Seat 3: _SKR (290)
*** ANTE/BLINDS ***
_SKR posts small blind 15
Rim3807 posts big blind 30
Dealt to _SKR [Kh Jh]
*** PRE-FLOP *** 
TheBurglekut folds
_SKR raises 260 to 290 and is all-in
Rim3807 folds
_SKR collected 320 from pot
*** SUMMARY ***
Total pot 320 | No rake
Seat 3: _SKR (small blind) won 320


Winamax Poker - Tournament "Expresso Nitro" buyIn: 0.93€ + 0.07€ level: 2 - HandId: #2661546630095831041-4-1673018474 - Holdem no limit (15/30) - 2023/01/06 15:21:14 UTC
Table: 'Expresso Nitro(619689615)#0' 3-max (real money) Seat #3 is the button
Seat 1: Rim3807 (100)
Seat 2: TheBurglekut (480)
Seat 3: _SKR (320)
*** ANTE/BLINDS ***
Rim3807 posts small blind 15
TheBurglekut posts big blind 30
Dealt to _SKR [8c 3s]
*** PRE-FLOP *** 
_SKR folds
Rim3807 raises 70 to 100 and is all-in
TheBurglekut folds
Rim3807 collected 130 from pot
*** SUMMARY ***
Total pot 130 | No rake
Seat 1: Rim3807 (small blind) won 130


Winamax Poker - Tournament "Expresso Nitro" buyIn: 0.93€ + 0.07€ level: 2 - HandId: #2661546630095831041-5-1673018491 - Holdem no limit (15/30) - 2023/01/06 15:21:31 UTC
Table: 'Expresso Nitro(619689615)#0' 3-max (real money) Seat #1 is the button
Seat 1: Rim3807 (130)
Seat 2: TheBurglekut (450)
Seat 3: _SKR (320)
*** ANTE/BLINDS ***
TheBurglekut posts small blind 15
_SKR posts big blind 30
Dealt to _SKR [4s 5c]
*** PRE-FLOP *** 
Rim3807 raises 100 to 130 and is all-in
TheBurglekut folds
_SKR folds
Rim3807 collected 175 from pot
*** SUMMARY ***
Total pot 175 | No rake
Seat 1: Rim3807 (button) won 175


Winamax Poker - Tournament "Expresso Nitro" buyIn: 0.93€ + 0.07€ level: 2 - HandId: #2661546630095831041-6-1673018513 - Holdem no limit (15/30) - 2023/01/06 15:21:53 UTC
Table: 'Expresso Nitro(619689615)#0' 3-max (real money) Seat #2 is the button
Seat 1: Rim3807 (175)
Seat 2: TheBurglekut (435)
Seat 3: _SKR (290)
*** ANTE/BLINDS ***
_SKR posts small blind 15
Rim3807 posts big blind 30
Dealt to _SKR [8s 6h]
*** PRE-FLOP *** 
TheBurglekut raises 75 to 105
_SKR folds
Rim3807 folds
TheBurglekut collected 150 from pot
*** SUMMARY ***
Total pot 150 | No rake
Seat 2: TheBurglekut (button) won 150


Winamax Poker - Tournament "Expresso Nitro" buyIn: 0.93€ + 0.07€ level: 3 - HandId: #2661546630095831041-7-1673018530 - Holdem no limit (20/40) - 2023/01/06 15:22:10 UTC
Table: 'Expresso Nitro(619689615)#0' 3-max (real money) Seat #3 is the button
Seat 1: Rim3807 (145)
Seat 2: TheBurglekut (480)
Seat 3: _SKR (275)
*** ANTE/BLINDS ***
Rim3807 posts small blind 20
TheBurglekut posts big blind 40
Dealt to _SKR [4d Jd]
*** PRE-FLOP *** 
_SKR folds
Rim3807 raises 105 to 145 and is all-in
TheBurglekut calls 105
*** FLOP *** [Jh 5s 7c]
*** TURN *** [Jh 5s 7c][Ad]
*** RIVER *** [Jh 5s 7c Ad][Kh]
*** SHOW DOWN ***
Rim3807 shows [Qs 2c] (High card : Ace)
TheBurglekut shows [2s Jc] (One pair : Jacks)
TheBurglekut collected 290 from pot
*** SUMMARY ***
Total pot 290 | No rake
Board: [Jh 5s 7c Ad Kh]
Seat 1: Rim3807 (small blind) showed [Qs 2c] and lost with High card : Ace
Seat 2: TheBurglekut (big blind) showed [2s Jc] and won 290 with One pair : Jacks


Winamax Poker - Tournament "Expresso Nitro" buyIn: 0.93€ + 0.07€ level: 3 - HandId: #2661546630095831041-8-1673018549 - Holdem no limit (20/40) - 2023/01/06 15:22:29 UTC
Table: 'Expresso Nitro(619689615)#0' 3-max (real money) Seat #2 is the button
Seat 2: TheBurglekut (625)
Seat 3: _SKR (275)
*** ANTE/BLINDS ***
TheBurglekut posts small blind 20
_SKR posts big blind 40
Dealt to _SKR [4c 9h]
*** PRE-FLOP *** 
TheBurglekut raises 585 to 625 and is all-in
_SKR folds
TheBurglekut collected 665 from pot
*** SUMMARY ***
Total pot 665 | No rake
Seat 2: TheBurglekut (small blind) (button) won 665


Winamax Poker - Tournament "Expresso Nitro" buyIn: 0.93€ + 0.07€ level: 3 - HandId: #2661546630095831041-9-1673018563 - Holdem no limit (20/40) - 2023/01/06 15:22:43 UTC
Table: 'Expresso Nitro(619689615)#0' 3-max (real money) Seat #3 is the button
Seat 2: TheBurglekut (665)
Seat 3: _SKR (235)
*** ANTE/BLINDS ***
_SKR posts small blind 20
TheBurglekut posts big blind 40
Dealt to _SKR [5s 7c]
*** PRE-FLOP *** 
_SKR folds
TheBurglekut collected 60 from pot
*** SUMMARY ***
Total pot 60 | No rake
Seat 2: TheBurglekut (big blind) won 60


Winamax Poker - Tournament "Expresso Nitro" buyIn: 0.93€ + 0.07€ level: 3 - HandId: #2661546630095831041-10-1673018569 - Holdem no limit (20/40) - 2023/01/06 15:22:49 UTC
Table: 'Expresso Nitro(619689615)#0' 3-max (real money) Seat #2 is the button
Seat 2: TheBurglekut (685)
Seat 3: _SKR (215)
*** ANTE/BLINDS ***
TheBurglekut posts small blind 20
_SKR posts big blind 40
Dealt to _SKR [As 4d]
*** PRE-FLOP *** 
TheBurglekut folds
_SKR collected 60 from pot
*** SUMMARY ***
Total pot 60 | No rake
Seat 3: _SKR (big blind) won 60


Winamax Poker - Tournament "Expresso Nitro" buyIn: 0.93€ + 0.07€ level: 3 - HandId: #2661546630095831041-11-1673018577 - Holdem no limit (20/40) - 2023/01/06 15:22:57 UTC
Table: 'Expresso Nitro(619689615)#0' 3-max (real money) Seat #3 is the button
Seat 2: TheBurglekut (665)
Seat 3: _SKR (235)
*** ANTE/BLINDS ***
_SKR posts small blind 20
TheBurglekut posts big blind 40
Dealt to _SKR [6d Kh]
*** PRE-FLOP *** 
_SKR raises 195 to 235 and is all-in
TheBurglekut raises 430 to 665 and is all-in
*** FLOP *** [Qd 5h 2c]
*** TURN *** [Qd 5h 2c][Td]
*** RIVER *** [Qd 5h 2c Td][6h]
*** SHOW DOWN ***
TheBurglekut shows [Ac Kd] (High card : Ace)
_SKR shows [6d Kh] (One pair : 6)
_SKR collected 470 from main pot
TheBurglekut collected 430 from side pot 1
*** SUMMARY ***
Total pot 900 | No rake
Board: [Qd 5h 2c Td 6h]
Seat 2: TheBurglekut (big blind) showed [Ac Kd] and won 430 with High card : Ace
Seat 3: _SKR (small blind) (button) showed [6d Kh] and won 470 with One pair : 6


Winamax Poker - Tournament "Expresso Nitro" buyIn: 0.93€ + 0.07€ level: 4 - HandId: #2661546630095831041-12-1673018589 - Holdem no limit (30/60) - 2023/01/06 15:23:09 UTC
Table: 'Expresso Nitro(619689615)#0' 3-max (real money) Seat #2 is the button
Seat 2: TheBurglekut (430)
Seat 3: _SKR (470)
*** ANTE/BLINDS ***
TheBurglekut posts small blind 30
_SKR posts big blind 60
Dealt to _SKR [Ks Tc]
*** PRE-FLOP *** 
TheBurglekut raises 370 to 430 and is all-in
_SKR calls 370
*** FLOP *** [9c Ts 5c]
*** TURN *** [9c Ts 5c][2d]
*** RIVER *** [9c Ts 5c 2d][4c]
*** SHOW DOWN ***
TheBurglekut shows [7h Kh] (High card : King)
_SKR shows [Ks Tc] (One pair : Tens)
_SKR collected 860 from pot
*** SUMMARY ***
Total pot 860 | No rake
Board: [9c Ts 5c 2d 4c]
Seat 2: TheBurglekut (small blind) (button) showed [7h Kh] and lost with High card : King
Seat 3: _SKR (big blind) showed [Ks Tc] and won 860 with One pair : Tens


