Winamax Poker - Tournament "Expresso Nitro" buyIn: 0.93€ + 0.07€ level: 1 - HandId: #2690595886215462913-1-1674687265 - Holdem no limit (10/20) - 2023/01/25 22:54:25 UTC
Table: 'Expresso Nitro(626453172)#0' 3-max (real money) Seat #2 is the button
Seat 1: Corneliusvks (300)
Seat 2: Dogy 440 (300)
Seat 3: _SKR (300)
*** ANTE/BLINDS ***
_SKR posts small blind 10
Corneliusvks posts big blind 20
Dealt to _SKR [Ks Qs]
*** PRE-FLOP *** 
Dogy 440 calls 20
_SKR raises 280 to 300 and is all-in
Corneliusvks calls 280 and is all-in
Dogy 440 folds
*** FLOP *** [Qc Ts Kd]
*** TURN *** [Qc Ts Kd][Qh]
*** RIVER *** [Qc Ts Kd Qh][5c]
*** SHOW DOWN ***
Corneliusvks shows [7d Jh] (One pair : Queens)
_SKR shows [Ks Qs] (Full of Queens and Kings)
_SKR collected 620 from pot
*** SUMMARY ***
Total pot 620 | No rake
Board: [Qc Ts Kd Qh 5c]
Seat 1: Corneliusvks (big blind) showed [7d Jh] and lost with One pair : Queens
Seat 3: _SKR (small blind) showed [Ks Qs] and won 620 with Full of Queens and Kings


Winamax Poker - Tournament "Expresso Nitro" buyIn: 0.93€ + 0.07€ level: 1 - HandId: #2690595886215462913-2-1674687284 - Holdem no limit (10/20) - 2023/01/25 22:54:44 UTC
Table: 'Expresso Nitro(626453172)#0' 3-max (real money) Seat #2 is the button
Seat 2: Dogy 440 (280)
Seat 3: _SKR (620)
*** ANTE/BLINDS ***
Dogy 440 posts small blind 10
_SKR posts big blind 20
Dealt to _SKR [4h 5h]
*** PRE-FLOP *** 
Dogy 440 calls 10
_SKR checks
*** FLOP *** [Jd 3d Jh]
_SKR checks
Dogy 440 bets 40
_SKR folds
Dogy 440 collected 80 from pot
*** SUMMARY ***
Total pot 80 | No rake
Board: [Jd 3d Jh]
Seat 2: Dogy 440 (small blind) (button) won 80


Winamax Poker - Tournament "Expresso Nitro" buyIn: 0.93€ + 0.07€ level: 1 - HandId: #2690595886215462913-3-1674687306 - Holdem no limit (10/20) - 2023/01/25 22:55:06 UTC
Table: 'Expresso Nitro(626453172)#0' 3-max (real money) Seat #3 is the button
Seat 2: Dogy 440 (300)
Seat 3: _SKR (600)
*** ANTE/BLINDS ***
_SKR posts small blind 10
Dogy 440 posts big blind 20
Dealt to _SKR [9c Kc]
*** PRE-FLOP *** 
_SKR raises 580 to 600 and is all-in
Dogy 440 calls 280 and is all-in
*** FLOP *** [2c 6s As]
*** TURN *** [2c 6s As][Ad]
*** RIVER *** [2c 6s As Ad][3h]
*** SHOW DOWN ***
Dogy 440 shows [Kh 6c] (Two pairs : Aces and 6)
_SKR shows [9c Kc] (One pair : Aces)
_SKR collected 300 from side pot 1
Dogy 440 collected 600 from main pot
*** SUMMARY ***
Total pot 900 | No rake
Board: [2c 6s As Ad 3h]
Seat 2: Dogy 440 (big blind) showed [Kh 6c] and won 600 with Two pairs : Aces and 6
Seat 3: _SKR (small blind) (button) showed [9c Kc] and won 300 with One pair : Aces


Winamax Poker - Tournament "Expresso Nitro" buyIn: 0.93€ + 0.07€ level: 2 - HandId: #2690595886215462913-4-1674687322 - Holdem no limit (15/30) - 2023/01/25 22:55:22 UTC
Table: 'Expresso Nitro(626453172)#0' 3-max (real money) Seat #2 is the button
Seat 2: Dogy 440 (600)
Seat 3: _SKR (300)
*** ANTE/BLINDS ***
Dogy 440 posts small blind 15
_SKR posts big blind 30
Dealt to _SKR [8h Qh]
*** PRE-FLOP *** 
Dogy 440 folds
_SKR collected 45 from pot
*** SUMMARY ***
Total pot 45 | No rake
Seat 3: _SKR (big blind) won 45


Winamax Poker - Tournament "Expresso Nitro" buyIn: 0.93€ + 0.07€ level: 2 - HandId: #2690595886215462913-5-1674687325 - Holdem no limit (15/30) - 2023/01/25 22:55:25 UTC
Table: 'Expresso Nitro(626453172)#0' 3-max (real money) Seat #3 is the button
Seat 2: Dogy 440 (585)
Seat 3: _SKR (315)
*** ANTE/BLINDS ***
_SKR posts small blind 15
Dogy 440 posts big blind 30
Dealt to _SKR [8s Qs]
*** PRE-FLOP *** 
_SKR raises 285 to 315 and is all-in
Dogy 440 folds
_SKR collected 345 from pot
*** SUMMARY ***
Total pot 345 | No rake
Seat 3: _SKR (small blind) (button) won 345


Winamax Poker - Tournament "Expresso Nitro" buyIn: 0.93€ + 0.07€ level: 2 - HandId: #2690595886215462913-6-1674687339 - Holdem no limit (15/30) - 2023/01/25 22:55:39 UTC
Table: 'Expresso Nitro(626453172)#0' 3-max (real money) Seat #2 is the button
Seat 2: Dogy 440 (555)
Seat 3: _SKR (345)
*** ANTE/BLINDS ***
Dogy 440 posts small blind 15
_SKR posts big blind 30
Dealt to _SKR [3c 7s]
*** PRE-FLOP *** 
Dogy 440 folds
_SKR collected 45 from pot
*** SUMMARY ***
Total pot 45 | No rake
Seat 3: _SKR (big blind) won 45


Winamax Poker - Tournament "Expresso Nitro" buyIn: 0.93€ + 0.07€ level: 2 - HandId: #2690595886215462913-7-1674687350 - Holdem no limit (15/30) - 2023/01/25 22:55:50 UTC
Table: 'Expresso Nitro(626453172)#0' 3-max (real money) Seat #3 is the button
Seat 2: Dogy 440 (540)
Seat 3: _SKR (360)
*** ANTE/BLINDS ***
_SKR posts small blind 15
Dogy 440 posts big blind 30
Dealt to _SKR [4d 9c]
*** PRE-FLOP *** 
_SKR folds
Dogy 440 collected 45 from pot
*** SUMMARY ***
Total pot 45 | No rake
Seat 2: Dogy 440 (big blind) won 45


Winamax Poker - Tournament "Expresso Nitro" buyIn: 0.93€ + 0.07€ level: 2 - HandId: #2690595886215462913-8-1674687354 - Holdem no limit (15/30) - 2023/01/25 22:55:54 UTC
Table: 'Expresso Nitro(626453172)#0' 3-max (real money) Seat #2 is the button
Seat 2: Dogy 440 (555)
Seat 3: _SKR (345)
*** ANTE/BLINDS ***
Dogy 440 posts small blind 15
_SKR posts big blind 30
Dealt to _SKR [Tc 2h]
*** PRE-FLOP *** 
Dogy 440 calls 15
_SKR checks
*** FLOP *** [5h Ad Td]
_SKR checks
Dogy 440 checks
*** TURN *** [5h Ad Td][Kh]
_SKR checks
Dogy 440 checks
*** RIVER *** [5h Ad Td Kh][Qh]
_SKR checks
Dogy 440 checks
*** SHOW DOWN ***
Dogy 440 shows [7d 7c] (One pair : 7)
_SKR shows [Tc 2h] (One pair : Tens)
_SKR collected 60 from pot
*** SUMMARY ***
Total pot 60 | No rake
Board: [5h Ad Td Kh Qh]
Seat 2: Dogy 440 (small blind) (button) showed [7d 7c] and lost with One pair : 7
Seat 3: _SKR (big blind) showed [Tc 2h] and won 60 with One pair : Tens


Winamax Poker - Tournament "Expresso Nitro" buyIn: 0.93€ + 0.07€ level: 3 - HandId: #2690595886215462913-9-1674687400 - Holdem no limit (20/40) - 2023/01/25 22:56:40 UTC
Table: 'Expresso Nitro(626453172)#0' 3-max (real money) Seat #3 is the button
Seat 2: Dogy 440 (525)
Seat 3: _SKR (375)
*** ANTE/BLINDS ***
_SKR posts small blind 20
Dogy 440 posts big blind 40
Dealt to _SKR [Ac Jd]
*** PRE-FLOP *** 
_SKR raises 335 to 375 and is all-in
Dogy 440 calls 335
*** FLOP *** [6h Td 8s]
*** TURN *** [6h Td 8s][7d]
*** RIVER *** [6h Td 8s 7d][Qd]
*** SHOW DOWN ***
_SKR shows [Ac Jd] (High card : Ace)
Dogy 440 shows [Js Qc] (One pair : Queens)
Dogy 440 collected 750 from pot
*** SUMMARY ***
Total pot 750 | No rake
Board: [6h Td 8s 7d Qd]
Seat 2: Dogy 440 (big blind) showed [Js Qc] and won 750 with One pair : Queens
Seat 3: _SKR (small blind) (button) showed [Ac Jd] and lost with High card : Ace


