Winamax Poker - Tournament "Kill The Fish" buyIn: 1.80€ + 0.20€ level: 1 - HandId: #2678092016646094879-1-1676575805 - Holdem no limit (25/100/200) - 2023/02/16 19:30:05 UTC
Table: 'Kill The Fish(623541888)#030' 6-max (real money) Seat #2 is the button
Seat 1: b ill (20000, 0.90€ bounty)
Seat 2: JamonDelAno (20000, 0.90€ bounty)
Seat 3: ScapinMagic (20000, 0.90€ bounty)
Seat 4: d.r.a.x. (20000, 0.90€ bounty)
Seat 5: Xiardy (20000, 0.90€ bounty)
Seat 6: _SKR (20000, 0.90€ bounty)
*** ANTE/BLINDS ***
ScapinMagic posts ante 25
d.r.a.x. posts ante 25
b ill posts ante 25
JamonDelAno posts ante 25
Xiardy posts ante 25
_SKR posts ante 25
ScapinMagic posts small blind 100
d.r.a.x. posts big blind 200
Dealt to _SKR [4s 2s]
*** PRE-FLOP *** 
Xiardy folds
_SKR folds
b ill folds
JamonDelAno folds
ScapinMagic folds
d.r.a.x. collected 450 from pot
*** SUMMARY ***
Total pot 450 | No rake
Seat 4: d.r.a.x. (big blind) won 450


Winamax Poker - Tournament "Kill The Fish" buyIn: 1.80€ + 0.20€ level: 1 - HandId: #2678092016646094879-2-1676575902 - Holdem no limit (25/100/200) - 2023/02/16 19:31:42 UTC
Table: 'Kill The Fish(623541888)#030' 6-max (real money) Seat #3 is the button
Seat 1: b ill (19975, 0.90€ bounty)
Seat 2: JamonDelAno (19975, 0.90€ bounty)
Seat 3: ScapinMagic (19875, 0.90€ bounty)
Seat 4: d.r.a.x. (20225, 0.90€ bounty)
Seat 5: Xiardy (19975, 0.90€ bounty)
Seat 6: _SKR (19975, 0.90€ bounty)
*** ANTE/BLINDS ***
d.r.a.x. posts ante 25
Xiardy posts ante 25
b ill posts ante 25
JamonDelAno posts ante 25
ScapinMagic posts ante 25
_SKR posts ante 25
d.r.a.x. posts small blind 100
Xiardy posts big blind 200
Dealt to _SKR [5s 6s]
*** PRE-FLOP *** 
_SKR folds
b ill raises 200 to 400
JamonDelAno folds
ScapinMagic folds
d.r.a.x. calls 300
Xiardy calls 200
*** FLOP *** [Td 8c 8s]
d.r.a.x. checks
Xiardy checks
b ill checks
*** TURN *** [Td 8c 8s][2d]
d.r.a.x. checks
Xiardy checks
b ill checks
*** RIVER *** [Td 8c 8s 2d][4c]
d.r.a.x. checks
Xiardy checks
b ill checks
*** SHOW DOWN ***
b ill shows [3h 9h] (One pair : 8)
d.r.a.x. shows [Jc Qs] (One pair : 8)
Xiardy shows [5h Ks] (One pair : 8)
Xiardy collected 1350 from pot
*** SUMMARY ***
Total pot 1350 | No rake
Board: [Td 8c 8s 2d 4c]
Seat 1: b ill showed [3h 9h] and lost with One pair : 8
Seat 4: d.r.a.x. (small blind) showed [Jc Qs] and lost with One pair : 8
Seat 5: Xiardy (big blind) showed [5h Ks] and won 1350 with One pair : 8


Winamax Poker - Tournament "Kill The Fish" buyIn: 1.80€ + 0.20€ level: 1 - HandId: #2678092016646094879-3-1676575978 - Holdem no limit (25/100/200) - 2023/02/16 19:32:58 UTC
Table: 'Kill The Fish(623541888)#030' 6-max (real money) Seat #4 is the button
Seat 1: b ill (19550, 0.90€ bounty)
Seat 2: JamonDelAno (19950, 0.90€ bounty)
Seat 3: ScapinMagic (19850, 0.90€ bounty)
Seat 4: d.r.a.x. (19800, 0.90€ bounty)
Seat 5: Xiardy (20900, 0.90€ bounty)
Seat 6: _SKR (19950, 0.90€ bounty)
*** ANTE/BLINDS ***
Xiardy posts ante 25
_SKR posts ante 25
b ill posts ante 25
JamonDelAno posts ante 25
ScapinMagic posts ante 25
d.r.a.x. posts ante 25
Xiardy posts small blind 100
_SKR posts big blind 200
Dealt to _SKR [Jd 8c]
*** PRE-FLOP *** 
b ill folds
JamonDelAno folds
ScapinMagic folds
d.r.a.x. raises 200 to 400
Xiardy folds
_SKR calls 200
*** FLOP *** [Ad 2d 7c]
_SKR checks
d.r.a.x. bets 683
_SKR folds
d.r.a.x. collected 1733 from pot
*** SUMMARY ***
Total pot 1733 | No rake
Board: [Ad 2d 7c]
Seat 4: d.r.a.x. (button) won 1733


Winamax Poker - Tournament "Kill The Fish" buyIn: 1.80€ + 0.20€ level: 1 - HandId: #2678092016646094879-4-1676576030 - Holdem no limit (25/100/200) - 2023/02/16 19:33:50 UTC
Table: 'Kill The Fish(623541888)#030' 6-max (real money) Seat #5 is the button
Seat 1: b ill (19525, 0.90€ bounty)
Seat 2: JamonDelAno (19925, 0.90€ bounty)
Seat 3: ScapinMagic (19825, 0.90€ bounty)
Seat 4: d.r.a.x. (20425, 0.90€ bounty)
Seat 5: Xiardy (20775, 0.90€ bounty)
Seat 6: _SKR (19525, 0.90€ bounty)
*** ANTE/BLINDS ***
_SKR posts ante 25
b ill posts ante 25
JamonDelAno posts ante 25
ScapinMagic posts ante 25
d.r.a.x. posts ante 25
Xiardy posts ante 25
_SKR posts small blind 100
b ill posts big blind 200
Dealt to _SKR [2d 2c]
*** PRE-FLOP *** 
JamonDelAno folds
ScapinMagic folds
d.r.a.x. folds
Xiardy folds
_SKR raises 300 to 500
b ill calls 300
*** FLOP *** [Td Ad 3d]
_SKR checks
b ill bets 575
_SKR folds
b ill collected 1725 from pot
*** SUMMARY ***
Total pot 1725 | No rake
Board: [Td Ad 3d]
Seat 1: b ill (big blind) won 1725


Winamax Poker - Tournament "Kill The Fish" buyIn: 1.80€ + 0.20€ level: 1 - HandId: #2678092016646094879-5-1676576095 - Holdem no limit (25/100/200) - 2023/02/16 19:34:55 UTC
Table: 'Kill The Fish(623541888)#030' 6-max (real money) Seat #6 is the button
Seat 1: b ill (20150, 0.90€ bounty)
Seat 2: JamonDelAno (19900, 0.90€ bounty)
Seat 3: ScapinMagic (19800, 0.90€ bounty)
Seat 4: d.r.a.x. (20400, 0.90€ bounty)
Seat 5: Xiardy (20750, 0.90€ bounty)
Seat 6: _SKR (19000, 0.90€ bounty)
*** ANTE/BLINDS ***
b ill posts ante 25
JamonDelAno posts ante 25
ScapinMagic posts ante 25
d.r.a.x. posts ante 25
Xiardy posts ante 25
_SKR posts ante 25
b ill posts small blind 100
JamonDelAno posts big blind 200
Dealt to _SKR [8c 9c]
*** PRE-FLOP *** 
ScapinMagic folds
d.r.a.x. folds
Xiardy raises 400 to 600
_SKR folds
b ill folds
JamonDelAno calls 400
*** FLOP *** [Ts 4c Kh]
JamonDelAno checks
Xiardy bets 725
JamonDelAno calls 725
*** TURN *** [Ts 4c Kh][4h]
JamonDelAno checks
Xiardy bets 1914
JamonDelAno calls 1914
*** RIVER *** [Ts 4c Kh 4h][Qd]
JamonDelAno checks
Xiardy bets 5652
JamonDelAno calls 5652
*** SHOW DOWN ***
JamonDelAno shows [Kc 7s] (Two pairs : Kings and 4)
Xiardy shows [Ah Ac] (Two pairs : Aces and 4)
Xiardy collected 18032 from pot
*** SUMMARY ***
Total pot 18032 | No rake
Board: [Ts 4c Kh 4h Qd]
Seat 2: JamonDelAno (big blind) showed [Kc 7s] and lost with Two pairs : Kings and 4
Seat 5: Xiardy showed [Ah Ac] and won 18032 with Two pairs : Aces and 4


Winamax Poker - Tournament "Kill The Fish" buyIn: 1.80€ + 0.20€ level: 1 - HandId: #2678092016646094879-6-1676576168 - Holdem no limit (25/100/200) - 2023/02/16 19:36:08 UTC
Table: 'Kill The Fish(623541888)#030' 6-max (real money) Seat #1 is the button
Seat 1: b ill (20025, 0.90€ bounty)
Seat 2: JamonDelAno (10984, 0.90€ bounty)
Seat 3: ScapinMagic (19775, 0.90€ bounty)
Seat 4: d.r.a.x. (20375, 0.90€ bounty)
Seat 5: Xiardy (29866, 0.90€ bounty)
Seat 6: _SKR (18975, 0.90€ bounty)
*** ANTE/BLINDS ***
JamonDelAno posts ante 25
ScapinMagic posts ante 25
b ill posts ante 25
d.r.a.x. posts ante 25
Xiardy posts ante 25
_SKR posts ante 25
JamonDelAno posts small blind 100
ScapinMagic posts big blind 200
Dealt to _SKR [Ad Th]
*** PRE-FLOP *** 
d.r.a.x. folds
Xiardy raises 400 to 600
_SKR folds
b ill folds
JamonDelAno folds
ScapinMagic folds
Xiardy collected 1050 from pot
*** SUMMARY ***
Total pot 1050 | No rake
Seat 5: Xiardy won 1050


Winamax Poker - Tournament "Kill The Fish" buyIn: 1.80€ + 0.20€ level: 1 - HandId: #2678092016646094879-7-1676576187 - Holdem no limit (25/100/200) - 2023/02/16 19:36:27 UTC
Table: 'Kill The Fish(623541888)#030' 6-max (real money) Seat #2 is the button
Seat 1: b ill (20000, 0.90€ bounty)
Seat 2: JamonDelAno (10859, 0.90€ bounty)
Seat 3: ScapinMagic (19550, 0.90€ bounty)
Seat 4: d.r.a.x. (20350, 0.90€ bounty)
Seat 5: Xiardy (30291, 0.90€ bounty)
Seat 6: _SKR (18950, 0.90€ bounty)
*** ANTE/BLINDS ***
ScapinMagic posts ante 25
d.r.a.x. posts ante 25
b ill posts ante 25
JamonDelAno posts ante 25
Xiardy posts ante 25
_SKR posts ante 25
ScapinMagic posts small blind 100
d.r.a.x. posts big blind 200
Dealt to _SKR [8h 5s]
*** PRE-FLOP *** 
Xiardy folds
_SKR folds
b ill raises 200 to 400
JamonDelAno folds
ScapinMagic folds
d.r.a.x. folds
b ill collected 850 from pot
*** SUMMARY ***
Total pot 850 | No rake
Seat 1: b ill won 850


Winamax Poker - Tournament "Kill The Fish" buyIn: 1.80€ + 0.20€ level: 1 - HandId: #2678092016646094879-8-1676576229 - Holdem no limit (25/100/200) - 2023/02/16 19:37:09 UTC
Table: 'Kill The Fish(623541888)#030' 6-max (real money) Seat #3 is the button
Seat 1: b ill (20425, 0.90€ bounty)
Seat 2: JamonDelAno (10834, 0.90€ bounty)
Seat 3: ScapinMagic (19425, 0.90€ bounty)
Seat 4: d.r.a.x. (20125, 0.90€ bounty)
Seat 5: Xiardy (30266, 0.90€ bounty)
Seat 6: _SKR (18925, 0.90€ bounty)
*** ANTE/BLINDS ***
d.r.a.x. posts ante 25
Xiardy posts ante 25
b ill posts ante 25
JamonDelAno posts ante 25
ScapinMagic posts ante 25
_SKR posts ante 25
d.r.a.x. posts small blind 100
Xiardy posts big blind 200
Dealt to _SKR [Ac 4d]
*** PRE-FLOP *** 
_SKR folds
b ill folds
JamonDelAno folds
ScapinMagic raises 200 to 400
d.r.a.x. calls 300
Xiardy calls 200
*** FLOP *** [5d 7c Qs]
d.r.a.x. checks
Xiardy checks
ScapinMagic checks
*** TURN *** [5d 7c Qs][4c]
d.r.a.x. checks
Xiardy checks
ScapinMagic bets 472
d.r.a.x. folds
Xiardy folds
ScapinMagic collected 1822 from pot
*** SUMMARY ***
Total pot 1822 | No rake
Board: [5d 7c Qs 4c]
Seat 3: ScapinMagic (button) won 1822


Winamax Poker - Tournament "Kill The Fish" buyIn: 1.80€ + 0.20€ level: 1 - HandId: #2678092016646094879-9-1676576302 - Holdem no limit (25/100/200) - 2023/02/16 19:38:22 UTC
Table: 'Kill The Fish(623541888)#030' 6-max (real money) Seat #4 is the button
Seat 1: b ill (20400, 0.90€ bounty)
Seat 2: JamonDelAno (10809, 0.90€ bounty)
Seat 3: ScapinMagic (20350, 0.90€ bounty)
Seat 4: d.r.a.x. (19700, 0.90€ bounty)
Seat 5: Xiardy (29841, 0.90€ bounty)
Seat 6: _SKR (18900, 0.90€ bounty)
*** ANTE/BLINDS ***
Xiardy posts ante 25
_SKR posts ante 25
b ill posts ante 25
JamonDelAno posts ante 25
ScapinMagic posts ante 25
d.r.a.x. posts ante 25
Xiardy posts small blind 100
_SKR posts big blind 200
Dealt to _SKR [Tc 7d]
*** PRE-FLOP *** 
b ill folds
JamonDelAno folds
ScapinMagic raises 300 to 500
d.r.a.x. calls 500
Xiardy folds
_SKR folds
*** FLOP *** [Jh Td Kc]
ScapinMagic checks
d.r.a.x. checks
*** TURN *** [Jh Td Kc][8h]
ScapinMagic bets 200
d.r.a.x. folds
ScapinMagic collected 1650 from pot
*** SUMMARY ***
Total pot 1650 | No rake
Board: [Jh Td Kc 8h]
Seat 3: ScapinMagic won 1650


Winamax Poker - Tournament "Kill The Fish" buyIn: 1.80€ + 0.20€ level: 1 - HandId: #2678092016646094879-10-1676576359 - Holdem no limit (25/100/200) - 2023/02/16 19:39:19 UTC
Table: 'Kill The Fish(623541888)#030' 6-max (real money) Seat #5 is the button
Seat 1: b ill (20375, 0.90€ bounty)
Seat 2: JamonDelAno (10784, 0.90€ bounty)
Seat 3: ScapinMagic (21275, 0.90€ bounty)
Seat 4: d.r.a.x. (19175, 0.90€ bounty)
Seat 5: Xiardy (29716, 0.90€ bounty)
Seat 6: _SKR (18675, 0.90€ bounty)
*** ANTE/BLINDS ***
_SKR posts ante 25
b ill posts ante 25
JamonDelAno posts ante 25
ScapinMagic posts ante 25
d.r.a.x. posts ante 25
Xiardy posts ante 25
_SKR posts small blind 100
b ill posts big blind 200
Dealt to _SKR [Qs 5c]
*** PRE-FLOP *** 
JamonDelAno folds
ScapinMagic folds
d.r.a.x. folds
Xiardy folds
_SKR folds
b ill collected 450 from pot
*** SUMMARY ***
Total pot 450 | No rake
Seat 1: b ill (big blind) won 450


Winamax Poker - Tournament "Kill The Fish" buyIn: 1.80€ + 0.20€ level: 1 - HandId: #2678092016646094879-11-1676576375 - Holdem no limit (25/100/200) - 2023/02/16 19:39:35 UTC
Table: 'Kill The Fish(623541888)#030' 6-max (real money) Seat #6 is the button
Seat 1: b ill (20600, 0.90€ bounty)
Seat 2: JamonDelAno (10759, 0.90€ bounty)
Seat 3: ScapinMagic (21250, 0.90€ bounty)
Seat 4: d.r.a.x. (19150, 0.90€ bounty)
Seat 5: Xiardy (29691, 0.90€ bounty)
Seat 6: _SKR (18550, 0.90€ bounty)
*** ANTE/BLINDS ***
b ill posts ante 25
JamonDelAno posts ante 25
ScapinMagic posts ante 25
d.r.a.x. posts ante 25
Xiardy posts ante 25
_SKR posts ante 25
b ill posts small blind 100
JamonDelAno posts big blind 200
Dealt to _SKR [2d 4c]
*** PRE-FLOP *** 
ScapinMagic raises 300 to 500
d.r.a.x. calls 500
Xiardy folds
_SKR folds
b ill calls 400
JamonDelAno folds
*** FLOP *** [Kd 3c 8d]
b ill checks
ScapinMagic bets 648
d.r.a.x. folds
b ill calls 648
*** TURN *** [Kd 3c 8d][8c]
b ill checks
ScapinMagic checks
*** RIVER *** [Kd 3c 8d 8c][As]
b ill checks
ScapinMagic bets 1101
b ill folds
ScapinMagic collected 4247 from pot
*** SUMMARY ***
Total pot 4247 | No rake
Board: [Kd 3c 8d 8c As]
Seat 3: ScapinMagic won 4247


Winamax Poker - Tournament "Kill The Fish" buyIn: 1.80€ + 0.20€ level: 1 - HandId: #2678092016646094879-12-1676576432 - Holdem no limit (25/100/200) - 2023/02/16 19:40:32 UTC
Table: 'Kill The Fish(623541888)#030' 6-max (real money) Seat #1 is the button
Seat 1: b ill (19427, 0.90€ bounty)
Seat 2: JamonDelAno (10534, 0.90€ bounty)
Seat 3: ScapinMagic (23223, 0.90€ bounty)
Seat 4: d.r.a.x. (18625, 0.90€ bounty)
Seat 5: Xiardy (29666, 0.90€ bounty)
Seat 6: _SKR (18525, 0.90€ bounty)
*** ANTE/BLINDS ***
JamonDelAno posts ante 25
ScapinMagic posts ante 25
b ill posts ante 25
d.r.a.x. posts ante 25
Xiardy posts ante 25
_SKR posts ante 25
JamonDelAno posts small blind 100
ScapinMagic posts big blind 200
Dealt to _SKR [Kc 9d]
*** PRE-FLOP *** 
d.r.a.x. raises 300 to 500
Xiardy folds
_SKR folds
b ill folds
JamonDelAno folds
ScapinMagic folds
d.r.a.x. collected 950 from pot
*** SUMMARY ***
Total pot 950 | No rake
Seat 4: d.r.a.x. won 950


Winamax Poker - Tournament "Kill The Fish" buyIn: 1.80€ + 0.20€ level: 1 - HandId: #2678092016646094879-13-1676576446 - Holdem no limit (25/100/200) - 2023/02/16 19:40:46 UTC
Table: 'Kill The Fish(623541888)#030' 6-max (real money) Seat #2 is the button
Seat 1: b ill (19402, 0.90€ bounty)
Seat 2: JamonDelAno (10409, 0.90€ bounty)
Seat 3: ScapinMagic (22998, 0.90€ bounty)
Seat 4: d.r.a.x. (19050, 0.90€ bounty)
Seat 6: _SKR (18500, 0.90€ bounty)
*** ANTE/BLINDS ***
ScapinMagic posts ante 25
d.r.a.x. posts ante 25
b ill posts ante 25
JamonDelAno posts ante 25
_SKR posts ante 25
ScapinMagic posts small blind 100
d.r.a.x. posts big blind 200
Dealt to _SKR [Ah 7s]
*** PRE-FLOP *** 
_SKR folds
b ill calls 200
JamonDelAno calls 200
ScapinMagic calls 100
d.r.a.x. checks
*** FLOP *** [5s 6d 9c]
ScapinMagic checks
d.r.a.x. bets 925
b ill calls 925
JamonDelAno folds
ScapinMagic raises 3700 to 4625
d.r.a.x. calls 3700
b ill folds
*** TURN *** [5s 6d 9c][3c]
ScapinMagic bets 18148 and is all-in
d.r.a.x. folds
ScapinMagic collected 29248 from pot
*** SUMMARY ***
Total pot 29248 | No rake
Board: [5s 6d 9c 3c]
Seat 3: ScapinMagic (small blind) won 29248


Winamax Poker - Tournament "Kill The Fish" buyIn: 1.80€ + 0.20€ level: 1 - HandId: #2678092016646094879-14-1676576502 - Holdem no limit (25/100/200) - 2023/02/16 19:41:42 UTC
Table: 'Kill The Fish(623541888)#030' 6-max (real money) Seat #3 is the button
Seat 1: b ill (18252, 0.90€ bounty)
Seat 2: JamonDelAno (10184, 0.90€ bounty)
Seat 3: ScapinMagic (29248, 0.90€ bounty)
Seat 4: d.r.a.x. (14200, 0.90€ bounty)
Seat 5: Mccouilles74 (20000, 0.90€ bounty)
Seat 6: _SKR (18475, 0.90€ bounty)
*** ANTE/BLINDS ***
d.r.a.x. posts ante 25
Mccouilles74 posts ante 25
b ill posts ante 25
JamonDelAno posts ante 25
ScapinMagic posts ante 25
_SKR posts ante 25
d.r.a.x. posts small blind 100
Mccouilles74 posts big blind 200
Dealt to _SKR [8s Kc]
*** PRE-FLOP *** 
_SKR folds
b ill folds
JamonDelAno folds
ScapinMagic raises 300 to 500
d.r.a.x. raises 1350 to 1850
Mccouilles74 folds
ScapinMagic folds
d.r.a.x. collected 2700 from pot
*** SUMMARY ***
Total pot 2700 | No rake
Seat 4: d.r.a.x. (small blind) won 2700


Winamax Poker - Tournament "Kill The Fish" buyIn: 1.80€ + 0.20€ level: 1 - HandId: #2678092016646094879-15-1676576536 - Holdem no limit (25/100/200) - 2023/02/16 19:42:16 UTC
Table: 'Kill The Fish(623541888)#030' 6-max (real money) Seat #4 is the button
Seat 1: b ill (18227, 0.90€ bounty)
Seat 2: JamonDelAno (10159, 0.90€ bounty)
Seat 3: ScapinMagic (28723, 0.90€ bounty)
Seat 4: d.r.a.x. (15025, 0.90€ bounty)
Seat 5: Mccouilles74 (19775, 0.90€ bounty)
Seat 6: _SKR (18450, 0.90€ bounty)
*** ANTE/BLINDS ***
Mccouilles74 posts ante 25
_SKR posts ante 25
b ill posts ante 25
JamonDelAno posts ante 25
ScapinMagic posts ante 25
d.r.a.x. posts ante 25
Mccouilles74 posts small blind 100
_SKR posts big blind 200
Dealt to _SKR [5s Ks]
*** PRE-FLOP *** 
b ill folds
JamonDelAno raises 250 to 450
ScapinMagic folds
d.r.a.x. folds
Mccouilles74 calls 350
_SKR calls 250
*** FLOP *** [7c Ad 4d]
Mccouilles74 checks
_SKR checks
JamonDelAno bets 525
Mccouilles74 folds
_SKR folds
JamonDelAno collected 2025 from pot
*** SUMMARY ***
Total pot 2025 | No rake
Board: [7c Ad 4d]
Seat 2: JamonDelAno won 2025


Winamax Poker - Tournament "Kill The Fish" buyIn: 1.80€ + 0.20€ level: 1 - HandId: #2678092016646094879-16-1676576593 - Holdem no limit (25/100/200) - 2023/02/16 19:43:13 UTC
Table: 'Kill The Fish(623541888)#030' 6-max (real money) Seat #5 is the button
Seat 1: b ill (18202, 0.90€ bounty)
Seat 2: JamonDelAno (11184, 0.90€ bounty)
Seat 3: ScapinMagic (28698, 0.90€ bounty)
Seat 4: d.r.a.x. (15000, 0.90€ bounty)
Seat 5: Mccouilles74 (19300, 0.90€ bounty)
Seat 6: _SKR (17975, 0.90€ bounty)
*** ANTE/BLINDS ***
_SKR posts ante 25
b ill posts ante 25
JamonDelAno posts ante 25
ScapinMagic posts ante 25
d.r.a.x. posts ante 25
Mccouilles74 posts ante 25
_SKR posts small blind 100
b ill posts big blind 200
Dealt to _SKR [8h Kh]
*** PRE-FLOP *** 
JamonDelAno raises 250 to 450
ScapinMagic folds
d.r.a.x. folds
Mccouilles74 calls 450
_SKR folds
b ill calls 250
*** FLOP *** [3c 4s 3d]
b ill checks
JamonDelAno checks
Mccouilles74 checks
*** TURN *** [3c 4s 3d][Jc]
b ill bets 800
JamonDelAno calls 800
Mccouilles74 calls 800
*** RIVER *** [3c 4s 3d Jc][Td]
b ill bets 1400
JamonDelAno folds
Mccouilles74 calls 1400
*** SHOW DOWN ***
b ill shows [Js Th] (Two pairs : Jacks and Tens)
Mccouilles74 shows [Ks 3s] (Trips of 3)
Mccouilles74 collected 6800 from pot
*** SUMMARY ***
Total pot 6800 | No rake
Board: [3c 4s 3d Jc Td]
Seat 1: b ill (big blind) showed [Js Th] and lost with Two pairs : Jacks and Tens
Seat 5: Mccouilles74 (button) showed [Ks 3s] and won 6800 with Trips of 3


Winamax Poker - Tournament "Kill The Fish" buyIn: 1.80€ + 0.20€ level: 1 - HandId: #2678092016646094879-17-1676576645 - Holdem no limit (25/100/200) - 2023/02/16 19:44:05 UTC
Table: 'Kill The Fish(623541888)#030' 6-max (real money) Seat #6 is the button
Seat 1: b ill (15527, 0.90€ bounty)
Seat 2: JamonDelAno (9909, 0.90€ bounty)
Seat 3: ScapinMagic (28673, 0.90€ bounty)
Seat 4: d.r.a.x. (14975, 0.90€ bounty)
Seat 5: Mccouilles74 (23425, 0.90€ bounty)
Seat 6: _SKR (17850, 0.90€ bounty)
*** ANTE/BLINDS ***
b ill posts ante 25
JamonDelAno posts ante 25
ScapinMagic posts ante 25
d.r.a.x. posts ante 25
Mccouilles74 posts ante 25
_SKR posts ante 25
b ill posts small blind 100
JamonDelAno posts big blind 200
Dealt to _SKR [Jd 4d]
*** PRE-FLOP *** 
ScapinMagic raises 300 to 500
d.r.a.x. calls 500
Mccouilles74 calls 500
_SKR folds
b ill raises 15002 to 15502 and is all-in
JamonDelAno folds
ScapinMagic folds
d.r.a.x. folds
Mccouilles74 calls 15002
*** FLOP *** [Td 2d 7c]
*** TURN *** [Td 2d 7c][7s]
*** RIVER *** [Td 2d 7c 7s][Qh]
*** SHOW DOWN ***
Mccouilles74 shows [9c Ad] (One pair : 7)
b ill shows [Qc Kd] (Two pairs : Queens and 7)
b ill collected 32354 from pot
*** SUMMARY ***
Total pot 32354 | No rake
Board: [Td 2d 7c 7s Qh]
Seat 1: b ill (small blind) showed [Qc Kd] and won 32354 with Two pairs : Queens and 7
Seat 5: Mccouilles74 showed [9c Ad] and lost with One pair : 7


Winamax Poker - Tournament "Kill The Fish" buyIn: 1.80€ + 0.20€ level: 1 - HandId: #2678092016646094879-18-1676576686 - Holdem no limit (25/100/200) - 2023/02/16 19:44:46 UTC
Table: 'Kill The Fish(623541888)#030' 6-max (real money) Seat #1 is the button
Seat 1: b ill (32354, 0.90€ bounty)
Seat 2: JamonDelAno (9684, 0.90€ bounty)
Seat 3: ScapinMagic (28148, 0.90€ bounty)
Seat 5: Mccouilles74 (7898, 0.90€ bounty)
Seat 6: _SKR (17825, 0.90€ bounty)
*** ANTE/BLINDS ***
JamonDelAno posts ante 25
ScapinMagic posts ante 25
b ill posts ante 25
Mccouilles74 posts ante 25
_SKR posts ante 25
JamonDelAno posts small blind 100
ScapinMagic posts big blind 200
Dealt to _SKR [Js 3c]
*** PRE-FLOP *** 
Mccouilles74 folds
_SKR folds
b ill raises 200 to 400
JamonDelAno calls 300
ScapinMagic calls 200
*** FLOP *** [8h 9c 7d]
JamonDelAno checks
ScapinMagic checks
b ill bets 861
JamonDelAno calls 861
ScapinMagic folds
*** TURN *** [8h 9c 7d][7c]
JamonDelAno checks
b ill bets 1524
JamonDelAno calls 1524
*** RIVER *** [8h 9c 7d 7c][5s]
JamonDelAno checks
b ill bets 1524
JamonDelAno folds
b ill collected 7619 from pot
*** SUMMARY ***
Total pot 7619 | No rake
Board: [8h 9c 7d 7c 5s]
Seat 1: b ill (button) won 7619


Winamax Poker - Tournament "Kill The Fish" buyIn: 1.80€ + 0.20€ level: 1 - HandId: #2678092016646094879-19-1676576736 - Holdem no limit (25/100/200) - 2023/02/16 19:45:36 UTC
Table: 'Kill The Fish(623541888)#030' 6-max (real money) Seat #2 is the button
Seat 1: b ill (35639, 0.90€ bounty)
Seat 2: JamonDelAno (6874, 0.90€ bounty)
Seat 3: ScapinMagic (27723, 0.90€ bounty)
Seat 4: pihaire (20000, 0.90€ bounty)
Seat 5: Mccouilles74 (7873, 0.90€ bounty)
Seat 6: _SKR (17800, 0.90€ bounty)
*** ANTE/BLINDS ***
ScapinMagic posts ante 25
pihaire posts ante 25
b ill posts ante 25
JamonDelAno posts ante 25
Mccouilles74 posts ante 25
_SKR posts ante 25
ScapinMagic posts small blind 100
pihaire posts big blind 200
Dealt to _SKR [Th 6s]
*** PRE-FLOP *** 
Mccouilles74 folds
_SKR folds
b ill calls 200
JamonDelAno raises 6649 to 6849 and is all-in
ScapinMagic folds
pihaire folds
b ill calls 6649
*** FLOP *** [4h Kc 3d]
*** TURN *** [4h Kc 3d][Jd]
*** RIVER *** [4h Kc 3d Jd][Qs]
*** SHOW DOWN ***
b ill shows [Jc 2c] (One pair : Jacks)
JamonDelAno shows [Ah Jh] (One pair : Jacks)
JamonDelAno collected 14148 from pot
*** SUMMARY ***
Total pot 14148 | No rake
Board: [4h Kc 3d Jd Qs]
Seat 1: b ill showed [Jc 2c] and lost with One pair : Jacks
Seat 2: JamonDelAno (button) showed [Ah Jh] and won 14148 with One pair : Jacks


Winamax Poker - Tournament "Kill The Fish" buyIn: 1.80€ + 0.20€ level: 1 - HandId: #2678092016646094879-20-1676576774 - Holdem no limit (25/100/200) - 2023/02/16 19:46:14 UTC
Table: 'Kill The Fish(623541888)#030' 6-max (real money) Seat #3 is the button
Seat 1: b ill (28765, 0.90€ bounty)
Seat 2: JamonDelAno (14148, 0.90€ bounty)
Seat 3: ScapinMagic (27598, 0.90€ bounty)
Seat 4: pihaire (19775, 0.90€ bounty)
Seat 5: Mccouilles74 (7848, 0.90€ bounty)
Seat 6: _SKR (17775, 0.90€ bounty)
*** ANTE/BLINDS ***
pihaire posts ante 25
Mccouilles74 posts ante 25
b ill posts ante 25
JamonDelAno posts ante 25
ScapinMagic posts ante 25
_SKR posts ante 25
pihaire posts small blind 100
Mccouilles74 posts big blind 200
Dealt to _SKR [Kh Ac]
*** PRE-FLOP *** 
_SKR raises 300 to 500
b ill folds
JamonDelAno calls 500
ScapinMagic folds
pihaire folds
Mccouilles74 calls 300
*** FLOP *** [Qc 2s 7s]
Mccouilles74 checks
_SKR bets 713
JamonDelAno calls 713
Mccouilles74 raises 713 to 1426
_SKR folds
JamonDelAno calls 713
*** TURN *** [Qc 2s 7s][Ts]
Mccouilles74 bets 4252
JamonDelAno folds
Mccouilles74 collected 9567 from pot
*** SUMMARY ***
Total pot 9567 | No rake
Board: [Qc 2s 7s Ts]
Seat 5: Mccouilles74 (big blind) won 9567


Winamax Poker - Tournament "Kill The Fish" buyIn: 1.80€ + 0.20€ level: 1 - HandId: #2678092016646094879-21-1676576841 - Holdem no limit (25/100/200) - 2023/02/16 19:47:21 UTC
Table: 'Kill The Fish(623541888)#030' 6-max (real money) Seat #4 is the button
Seat 1: b ill (28740, 0.90€ bounty)
Seat 2: JamonDelAno (12197, 0.90€ bounty)
Seat 3: ScapinMagic (27573, 0.90€ bounty)
Seat 4: pihaire (19650, 0.90€ bounty)
Seat 5: Mccouilles74 (11212, 0.90€ bounty)
Seat 6: _SKR (16537, 0.90€ bounty)
*** ANTE/BLINDS ***
Mccouilles74 posts ante 25
_SKR posts ante 25
b ill posts ante 25
JamonDelAno posts ante 25
ScapinMagic posts ante 25
pihaire posts ante 25
Mccouilles74 posts small blind 100
_SKR posts big blind 200
Dealt to _SKR [6c 4s]
*** PRE-FLOP *** 
b ill raises 200 to 400
JamonDelAno folds
ScapinMagic folds
pihaire calls 400
Mccouilles74 calls 300
_SKR folds
*** FLOP *** [6d Qd Qc]
Mccouilles74 checks
b ill bets 1008
pihaire calls 1008
Mccouilles74 folds
*** TURN *** [6d Qd Qc][5h]
b ill checks
pihaire bets 18217 and is all-in
b ill folds
pihaire collected 21783 from pot
*** SUMMARY ***
Total pot 21783 | No rake
Board: [6d Qd Qc 5h]
Seat 4: pihaire (button) won 21783


Winamax Poker - Tournament "Kill The Fish" buyIn: 1.80€ + 0.20€ level: 1 - HandId: #2678092016646094879-22-1676576925 - Holdem no limit (25/100/200) - 2023/02/16 19:48:45 UTC
Table: 'Kill The Fish(623541888)#030' 6-max (real money) Seat #5 is the button
Seat 1: b ill (27307, 0.90€ bounty)
Seat 2: JamonDelAno (12172, 0.90€ bounty)
Seat 3: ScapinMagic (27548, 0.90€ bounty)
Seat 4: pihaire (21783, 0.90€ bounty)
Seat 5: Mccouilles74 (10787, 0.90€ bounty)
Seat 6: _SKR (16312, 0.90€ bounty)
*** ANTE/BLINDS ***
_SKR posts ante 25
b ill posts ante 25
JamonDelAno posts ante 25
ScapinMagic posts ante 25
pihaire posts ante 25
Mccouilles74 posts ante 25
_SKR posts small blind 100
b ill posts big blind 200
Dealt to _SKR [Ts Qs]
*** PRE-FLOP *** 
JamonDelAno folds
ScapinMagic raises 300 to 500
pihaire folds
Mccouilles74 raises 1000 to 1500
_SKR folds
b ill folds
ScapinMagic calls 1000
*** FLOP *** [Jd 2h 3s]
ScapinMagic bets 26023 and is all-in
Mccouilles74 calls 9262 and is all-in
*** TURN *** [Jd 2h 3s][7d]
*** RIVER *** [Jd 2h 3s 7d][7c]
*** SHOW DOWN ***
Mccouilles74 shows [6h 6s] (Two pairs : 7 and 6)
ScapinMagic shows [Js Ah] (Two pairs : Jacks and 7)
ScapinMagic collected 38735 from pot
*** SUMMARY ***
Total pot 38735 | No rake
Board: [Jd 2h 3s 7d 7c]
Seat 3: ScapinMagic showed [Js Ah] and won 38735 with Two pairs : Jacks and 7
Seat 5: Mccouilles74 (button) showed [6h 6s] and lost with Two pairs : 7 and 6


Winamax Poker - Tournament "Kill The Fish" buyIn: 1.80€ + 0.20€ level: 1 - HandId: #2678092016646094879-23-1676576968 - Holdem no limit (25/100/200) - 2023/02/16 19:49:28 UTC
Table: 'Kill The Fish(623541888)#030' 6-max (real money) Seat #6 is the button
Seat 1: b ill (27082, 0.90€ bounty)
Seat 2: JamonDelAno (12147, 0.90€ bounty)
Seat 3: ScapinMagic (38735, 1.35€ bounty)
Seat 4: pihaire (21758, 0.90€ bounty)
Seat 6: _SKR (16187, 0.90€ bounty)
*** ANTE/BLINDS ***
b ill posts ante 25
JamonDelAno posts ante 25
ScapinMagic posts ante 25
pihaire posts ante 25
_SKR posts ante 25
b ill posts small blind 100
JamonDelAno posts big blind 200
Dealt to _SKR [Tc 5h]
*** PRE-FLOP *** 
ScapinMagic folds
pihaire calls 200
_SKR folds
b ill calls 100
JamonDelAno checks
*** FLOP *** [2c 2h 6h]
b ill checks
JamonDelAno checks
pihaire checks
*** TURN *** [2c 2h 6h][Ad]
b ill checks
JamonDelAno bets 471
pihaire folds
b ill calls 471
*** RIVER *** [2c 2h 6h Ad][4s]
b ill checks
JamonDelAno bets 1334
b ill folds
JamonDelAno collected 3001 from pot
*** SUMMARY ***
Total pot 3001 | No rake
Board: [2c 2h 6h Ad 4s]
Seat 2: JamonDelAno (big blind) won 3001


Winamax Poker - Tournament "Kill The Fish" buyIn: 1.80€ + 0.20€ level: 1 - HandId: #2678092016646094879-24-1676577012 - Holdem no limit (25/100/200) - 2023/02/16 19:50:12 UTC
Table: 'Kill The Fish(623541888)#030' 6-max (real money) Seat #1 is the button
Seat 1: b ill (26386, 0.90€ bounty)
Seat 2: JamonDelAno (13118, 0.90€ bounty)
Seat 3: ScapinMagic (38710, 1.35€ bounty)
Seat 4: pihaire (21533, 0.90€ bounty)
Seat 5: wina-krak (20000, 0.90€ bounty)
Seat 6: _SKR (16162, 0.90€ bounty)
*** ANTE/BLINDS ***
JamonDelAno posts ante 25
ScapinMagic posts ante 25
b ill posts ante 25
pihaire posts ante 25
wina-krak posts ante 25
_SKR posts ante 25
JamonDelAno posts small blind 100
ScapinMagic posts big blind 200
Dealt to _SKR [Qc As]
*** PRE-FLOP *** 
pihaire calls 200
wina-krak folds
_SKR raises 850 to 1050
b ill folds
JamonDelAno folds
ScapinMagic folds
pihaire calls 850
*** FLOP *** [Js 8c 7c]
pihaire bets 2550
_SKR folds
pihaire collected 5100 from pot
*** SUMMARY ***
Total pot 5100 | No rake
Board: [Js 8c 7c]
Seat 4: pihaire won 5100


Winamax Poker - Tournament "Kill The Fish" buyIn: 1.80€ + 0.20€ level: 1 - HandId: #2678092016646094879-25-1676577048 - Holdem no limit (25/100/200) - 2023/02/16 19:50:48 UTC
Table: 'Kill The Fish(623541888)#030' 6-max (real money) Seat #2 is the button
Seat 1: b ill (26361, 0.90€ bounty)
Seat 2: JamonDelAno (12993, 0.90€ bounty)
Seat 3: ScapinMagic (38485, 1.35€ bounty)
Seat 4: pihaire (23008, 0.90€ bounty)
Seat 5: wina-krak (19975, 0.90€ bounty)
Seat 6: _SKR (15087, 0.90€ bounty)
*** ANTE/BLINDS ***
ScapinMagic posts ante 25
pihaire posts ante 25
b ill posts ante 25
JamonDelAno posts ante 25
wina-krak posts ante 25
_SKR posts ante 25
ScapinMagic posts small blind 100
pihaire posts big blind 200
Dealt to _SKR [6c Kh]
*** PRE-FLOP *** 
wina-krak calls 200
_SKR folds
b ill calls 200
JamonDelAno raises 12768 to 12968 and is all-in
ScapinMagic folds
pihaire folds
wina-krak folds
b ill folds
JamonDelAno collected 13818 from pot
*** SUMMARY ***
Total pot 13818 | No rake
Seat 2: JamonDelAno (button) won 13818


Winamax Poker - Tournament "Kill The Fish" buyIn: 1.80€ + 0.20€ level: 1 - HandId: #2678092016646094879-26-1676577093 - Holdem no limit (25/100/200) - 2023/02/16 19:51:33 UTC
Table: 'Kill The Fish(623541888)#030' 6-max (real money) Seat #3 is the button
Seat 1: b ill (26136, 0.90€ bounty)
Seat 2: JamonDelAno (13818, 0.90€ bounty)
Seat 3: ScapinMagic (38360, 1.35€ bounty)
Seat 4: pihaire (22783, 0.90€ bounty)
Seat 5: wina-krak (19750, 0.90€ bounty)
Seat 6: _SKR (15062, 0.90€ bounty)
*** ANTE/BLINDS ***
pihaire posts ante 25
wina-krak posts ante 25
b ill posts ante 25
JamonDelAno posts ante 25
ScapinMagic posts ante 25
_SKR posts ante 25
pihaire posts small blind 100
wina-krak posts big blind 200
Dealt to _SKR [3s 9s]
*** PRE-FLOP *** 
_SKR folds
b ill calls 200
JamonDelAno folds
ScapinMagic raises 850 to 1050
pihaire folds
wina-krak folds
b ill calls 850
*** FLOP *** [2c 8s Ks]
b ill checks
ScapinMagic bets 893
b ill calls 893
*** TURN *** [2c 8s Ks][4h]
b ill checks
ScapinMagic checks
*** RIVER *** [2c 8s Ks 4h][Ts]
b ill checks
ScapinMagic bets 2818
b ill folds
ScapinMagic collected 7154 from pot
*** SUMMARY ***
Total pot 7154 | No rake
Board: [2c 8s Ks 4h Ts]
Seat 3: ScapinMagic (button) won 7154


Winamax Poker - Tournament "Kill The Fish" buyIn: 1.80€ + 0.20€ level: 1 - HandId: #2678092016646094879-27-1676577167 - Holdem no limit (25/100/200) - 2023/02/16 19:52:47 UTC
Table: 'Kill The Fish(623541888)#030' 6-max (real money) Seat #4 is the button
Seat 1: b ill (24168, 0.90€ bounty)
Seat 2: JamonDelAno (13793, 0.90€ bounty)
Seat 3: ScapinMagic (40728, 1.35€ bounty)
Seat 4: pihaire (22658, 0.90€ bounty)
Seat 5: wina-krak (19525, 0.90€ bounty)
Seat 6: _SKR (15037, 0.90€ bounty)
*** ANTE/BLINDS ***
wina-krak posts ante 25
_SKR posts ante 25
b ill posts ante 25
JamonDelAno posts ante 25
ScapinMagic posts ante 25
pihaire posts ante 25
wina-krak posts small blind 100
_SKR posts big blind 200
Dealt to _SKR [3c Td]
*** PRE-FLOP *** 
b ill folds
JamonDelAno folds
ScapinMagic folds
pihaire calls 200
wina-krak calls 100
_SKR checks
*** FLOP *** [4s 6d Ad]
wina-krak checks
_SKR checks
pihaire bets 488
wina-krak folds
_SKR folds
pihaire collected 1238 from pot
*** SUMMARY ***
Total pot 1238 | No rake
Board: [4s 6d Ad]
Seat 4: pihaire (button) won 1238


Winamax Poker - Tournament "Kill The Fish" buyIn: 1.80€ + 0.20€ level: 1 - HandId: #2678092016646094879-28-1676577211 - Holdem no limit (25/100/200) - 2023/02/16 19:53:31 UTC
Table: 'Kill The Fish(623541888)#030' 6-max (real money) Seat #5 is the button
Seat 1: b ill (24143, 0.90€ bounty)
Seat 2: JamonDelAno (13768, 0.90€ bounty)
Seat 3: ScapinMagic (40703, 1.35€ bounty)
Seat 4: pihaire (23183, 0.90€ bounty)
Seat 5: wina-krak (19300, 0.90€ bounty)
Seat 6: _SKR (14812, 0.90€ bounty)
*** ANTE/BLINDS ***
_SKR posts ante 25
b ill posts ante 25
JamonDelAno posts ante 25
ScapinMagic posts ante 25
pihaire posts ante 25
wina-krak posts ante 25
_SKR posts small blind 100
b ill posts big blind 200
Dealt to _SKR [Jh Th]
*** PRE-FLOP *** 
JamonDelAno folds
ScapinMagic folds
pihaire folds
wina-krak raises 300 to 500
_SKR raises 1350 to 1850
b ill folds
wina-krak calls 1350
*** FLOP *** [As 8s Qs]
_SKR bets 1418
wina-krak calls 1418
*** TURN *** [As 8s Qs][2c]
_SKR bets 4242
wina-krak raises 11765 to 16007 and is all-in
_SKR folds
wina-krak collected 27135 from pot
*** SUMMARY ***
Total pot 27135 | No rake
Board: [As 8s Qs 2c]
Seat 5: wina-krak (button) won 27135


Winamax Poker - Tournament "Kill The Fish" buyIn: 1.80€ + 0.20€ level: 1 - HandId: #2678092016646094879-29-1676577283 - Holdem no limit (25/100/200) - 2023/02/16 19:54:43 UTC
Table: 'Kill The Fish(623541888)#030' 6-max (real money) Seat #6 is the button
Seat 1: b ill (23918, 0.90€ bounty)
Seat 2: JamonDelAno (13743, 0.90€ bounty)
Seat 3: ScapinMagic (40678, 1.35€ bounty)
Seat 4: pihaire (23158, 0.90€ bounty)
Seat 5: wina-krak (27135, 0.90€ bounty)
Seat 6: _SKR (7277, 0.90€ bounty)
*** ANTE/BLINDS ***
b ill posts ante 25
JamonDelAno posts ante 25
ScapinMagic posts ante 25
pihaire posts ante 25
wina-krak posts ante 25
_SKR posts ante 25
b ill posts small blind 100
JamonDelAno posts big blind 200
Dealt to _SKR [Tc Js]
*** PRE-FLOP *** 
ScapinMagic raises 300 to 500
pihaire folds
wina-krak raises 750 to 1250
_SKR folds
b ill calls 1150
JamonDelAno folds
ScapinMagic calls 750
*** FLOP *** [6h 5h 6c]
b ill checks
ScapinMagic checks
wina-krak bets 1650
b ill folds
ScapinMagic folds
wina-krak collected 5750 from pot
*** SUMMARY ***
Total pot 5750 | No rake
Board: [6h 5h 6c]
Seat 5: wina-krak won 5750


Winamax Poker - Tournament "Kill The Fish" buyIn: 1.80€ + 0.20€ level: 2 - HandId: #2678092016646094879-30-1676577663 - Holdem no limit (30/125/250) - 2023/02/16 20:01:03 UTC
Table: 'Kill The Fish(623541888)#030' 6-max (real money) Seat #1 is the button
Seat 1: b ill (22643, 0.90€ bounty)
Seat 2: JamonDelAno (13518, 0.90€ bounty)
Seat 3: ScapinMagic (39403, 1.35€ bounty)
Seat 4: pihaire (23133, 0.90€ bounty)
Seat 5: wina-krak (29960, 0.90€ bounty)
Seat 6: _SKR (7252, 0.90€ bounty)
*** ANTE/BLINDS ***
JamonDelAno posts ante 30
ScapinMagic posts ante 30
b ill posts ante 30
pihaire posts ante 30
wina-krak posts ante 30
_SKR posts ante 30
JamonDelAno posts small blind 125
ScapinMagic posts big blind 250
Dealt to _SKR [5d 8h]
*** PRE-FLOP *** 
pihaire folds
wina-krak folds
_SKR folds
b ill raises 250 to 500
JamonDelAno raises 12988 to 13488 and is all-in
ScapinMagic folds
b ill folds
JamonDelAno collected 14418 from pot
*** SUMMARY ***
Total pot 14418 | No rake
Seat 2: JamonDelAno (small blind) won 14418


Winamax Poker - Tournament "Kill The Fish" buyIn: 1.80€ + 0.20€ level: 2 - HandId: #2678092016646094879-31-1676577742 - Holdem no limit (30/125/250) - 2023/02/16 20:02:22 UTC
Table: 'Kill The Fish(623541888)#030' 6-max (real money) Seat #2 is the button
Seat 1: b ill (22113, 0.90€ bounty)
Seat 2: JamonDelAno (14418, 0.90€ bounty)
Seat 3: ScapinMagic (39123, 1.35€ bounty)
Seat 4: pihaire (23103, 0.90€ bounty)
Seat 5: wina-krak (29930, 0.90€ bounty)
Seat 6: _SKR (7222, 0.90€ bounty)
*** ANTE/BLINDS ***
ScapinMagic posts ante 30
pihaire posts ante 30
b ill posts ante 30
JamonDelAno posts ante 30
wina-krak posts ante 30
_SKR posts ante 30
ScapinMagic posts small blind 125
pihaire posts big blind 250
Dealt to _SKR [Jh 2d]
*** PRE-FLOP *** 
wina-krak folds
_SKR folds
b ill folds
JamonDelAno raises 313 to 563
ScapinMagic folds
pihaire calls 313
*** FLOP *** [3c 5h Qd]
pihaire checks
JamonDelAno bets 501
pihaire folds
JamonDelAno collected 1932 from pot
*** SUMMARY ***
Total pot 1932 | No rake
Board: [3c 5h Qd]
Seat 2: JamonDelAno (button) won 1932


Winamax Poker - Tournament "Kill The Fish" buyIn: 1.80€ + 0.20€ level: 2 - HandId: #2678092016646094879-32-1676577781 - Holdem no limit (30/125/250) - 2023/02/16 20:03:01 UTC
Table: 'Kill The Fish(623541888)#030' 6-max (real money) Seat #3 is the button
Seat 1: b ill (22083, 0.90€ bounty)
Seat 2: JamonDelAno (15256, 0.90€ bounty)
Seat 3: ScapinMagic (38968, 1.35€ bounty)
Seat 4: pihaire (22510, 0.90€ bounty)
Seat 5: wina-krak (29900, 0.90€ bounty)
Seat 6: _SKR (7192, 0.90€ bounty)
*** ANTE/BLINDS ***
pihaire posts ante 30
wina-krak posts ante 30
b ill posts ante 30
JamonDelAno posts ante 30
ScapinMagic posts ante 30
_SKR posts ante 30
pihaire posts small blind 125
wina-krak posts big blind 250
Dealt to _SKR [Ah 3h]
*** PRE-FLOP *** 
_SKR folds
b ill folds
JamonDelAno raises 313 to 563
ScapinMagic calls 563
pihaire folds
wina-krak folds
*** FLOP *** [3c 6c 7h]
JamonDelAno checks
ScapinMagic bets 1093
JamonDelAno folds
ScapinMagic collected 2774 from pot
*** SUMMARY ***
Total pot 2774 | No rake
Board: [3c 6c 7h]
Seat 3: ScapinMagic (button) won 2774


Winamax Poker - Tournament "Kill The Fish" buyIn: 1.80€ + 0.20€ level: 2 - HandId: #2678092016646094879-33-1676577857 - Holdem no limit (30/125/250) - 2023/02/16 20:04:17 UTC
Table: 'Kill The Fish(623541888)#030' 6-max (real money) Seat #4 is the button
Seat 1: b ill (22053, 0.90€ bounty)
Seat 2: JamonDelAno (14663, 0.90€ bounty)
Seat 3: ScapinMagic (40056, 1.35€ bounty)
Seat 4: pihaire (22355, 0.90€ bounty)
Seat 5: wina-krak (29620, 0.90€ bounty)
Seat 6: _SKR (7162, 0.90€ bounty)
*** ANTE/BLINDS ***
wina-krak posts ante 30
_SKR posts ante 30
b ill posts ante 30
JamonDelAno posts ante 30
ScapinMagic posts ante 30
pihaire posts ante 30
wina-krak posts small blind 125
_SKR posts big blind 250
Dealt to _SKR [9d Jh]
*** PRE-FLOP *** 
b ill folds
JamonDelAno folds
ScapinMagic raises 375 to 625
pihaire calls 625
wina-krak folds
_SKR folds
*** FLOP *** [5h 8c Tc]
ScapinMagic bets 1971
pihaire raises 1971 to 3942
ScapinMagic raises 35459 to 39401 and is all-in
pihaire calls 17758 and is all-in
*** TURN *** [5h 8c Tc][Td]
*** RIVER *** [5h 8c Tc Td][6s]
*** SHOW DOWN ***
pihaire shows [As Jd] (One pair : Tens)
ScapinMagic shows [Kc Kd] (Two pairs : Kings and Tens)
ScapinMagic collected 62906 from pot
*** SUMMARY ***
Total pot 62906 | No rake
Board: [5h 8c Tc Td 6s]
Seat 3: ScapinMagic showed [Kc Kd] and won 62906 with Two pairs : Kings and Tens
Seat 4: pihaire (button) showed [As Jd] and lost with One pair : Tens


Winamax Poker - Tournament "Kill The Fish" buyIn: 1.80€ + 0.20€ level: 2 - HandId: #2678092016646094879-34-1676577947 - Holdem no limit (30/125/250) - 2023/02/16 20:05:47 UTC
Table: 'Kill The Fish(623541888)#030' 6-max (real money) Seat #5 is the button
Seat 1: b ill (22023, 0.90€ bounty)
Seat 2: JamonDelAno (14633, 0.90€ bounty)
Seat 3: ScapinMagic (62906, 1.80€ bounty)
Seat 5: wina-krak (29465, 0.90€ bounty)
Seat 6: _SKR (6882, 0.90€ bounty)
*** ANTE/BLINDS ***
_SKR posts ante 30
b ill posts ante 30
JamonDelAno posts ante 30
ScapinMagic posts ante 30
wina-krak posts ante 30
_SKR posts small blind 125
b ill posts big blind 250
Dealt to _SKR [As 3d]
*** PRE-FLOP *** 
JamonDelAno folds
ScapinMagic raises 375 to 625
wina-krak folds
_SKR folds
b ill raises 938 to 1563
ScapinMagic calls 938
*** FLOP *** [5c Kc 8h]
b ill bets 1190
ScapinMagic raises 60123 to 61313 and is all-in
b ill calls 19240 and is all-in
*** TURN *** [5c Kc 8h][Ks]
*** RIVER *** [5c Kc 8h Ks][4c]
*** SHOW DOWN ***
b ill shows [Jh Js] (Two pairs : Kings and Jacks)
ScapinMagic shows [Kh Jd] (Trips of Kings)
ScapinMagic collected 85144 from pot
*** SUMMARY ***
Total pot 85144 | No rake
Board: [5c Kc 8h Ks 4c]
Seat 1: b ill (big blind) showed [Jh Js] and lost with Two pairs : Kings and Jacks
Seat 3: ScapinMagic showed [Kh Jd] and won 85144 with Trips of Kings


Winamax Poker - Tournament "Kill The Fish" buyIn: 1.80€ + 0.20€ level: 3 - HandId: #2678092016646094879-35-1676578011 - Holdem no limit (35/150/300) - 2023/02/16 20:06:51 UTC
Table: 'Kill The Fish(623541888)#030' 6-max (real money) Seat #6 is the button
Seat 2: JamonDelAno (14603, 0.90€ bounty)
Seat 3: ScapinMagic (85144, 2.25€ bounty)
Seat 4: Quentinice (20000, 0.90€ bounty)
Seat 5: wina-krak (29435, 0.90€ bounty)
Seat 6: _SKR (6727, 0.90€ bounty)
*** ANTE/BLINDS ***
JamonDelAno posts ante 35
ScapinMagic posts ante 35
Quentinice posts ante 35
wina-krak posts ante 35
_SKR posts ante 35
JamonDelAno posts big blind 300
Dealt to _SKR [9d Ah]
*** PRE-FLOP *** 
ScapinMagic raises 600 to 900
Quentinice folds
wina-krak folds
_SKR folds
JamonDelAno raises 1975 to 2875
ScapinMagic folds
JamonDelAno collected 3950 from pot
*** SUMMARY ***
Total pot 3950 | No rake
Seat 2: JamonDelAno (big blind) won 3950


Winamax Poker - Tournament "Kill The Fish" buyIn: 1.80€ + 0.20€ level: 3 - HandId: #2678092016646094879-36-1676578043 - Holdem no limit (35/150/300) - 2023/02/16 20:07:23 UTC
Table: 'Kill The Fish(623541888)#030' 6-max (real money) Seat #1 is the button
Seat 1: Elminombre (20000, 0.90€ bounty)
Seat 2: JamonDelAno (15643, 0.90€ bounty)
Seat 3: ScapinMagic (84209, 2.25€ bounty)
Seat 4: Quentinice (19965, 0.90€ bounty)
Seat 5: wina-krak (29400, 0.90€ bounty)
Seat 6: _SKR (6692, 0.90€ bounty)
*** ANTE/BLINDS ***
JamonDelAno posts ante 35
ScapinMagic posts ante 35
Quentinice posts ante 35
wina-krak posts ante 35
_SKR posts ante 35
JamonDelAno posts small blind 150
ScapinMagic posts big blind 300
Dealt to _SKR [9s Qd]
*** PRE-FLOP *** 
Quentinice folds
wina-krak folds
_SKR folds
JamonDelAno raises 600 to 900
ScapinMagic folds
JamonDelAno collected 1375 from pot
*** SUMMARY ***
Total pot 1375 | No rake
Seat 2: JamonDelAno (small blind) won 1375


Winamax Poker - Tournament "Kill The Fish" buyIn: 1.80€ + 0.20€ level: 3 - HandId: #2678092016646094879-37-1676578104 - Holdem no limit (35/150/300) - 2023/02/16 20:08:24 UTC
Table: 'Kill The Fish(623541888)#030' 6-max (real money) Seat #2 is the button
Seat 1: Elminombre (20000, 0.90€ bounty)
Seat 2: JamonDelAno (16083, 0.90€ bounty)
Seat 3: ScapinMagic (83874, 2.25€ bounty)
Seat 4: Quentinice (19930, 0.90€ bounty)
Seat 5: wina-krak (29365, 0.90€ bounty)
Seat 6: _SKR (6657, 0.90€ bounty)
*** ANTE/BLINDS ***
ScapinMagic posts ante 35
Quentinice posts ante 35
Elminombre posts ante 35
JamonDelAno posts ante 35
wina-krak posts ante 35
_SKR posts ante 35
ScapinMagic posts small blind 150
Quentinice posts big blind 300
Dealt to _SKR [Kd Jc]
*** PRE-FLOP *** 
wina-krak folds
_SKR raises 300 to 600
Elminombre calls 600
JamonDelAno calls 600
ScapinMagic folds
Quentinice calls 300
*** FLOP *** [Qd 4s Ad]
Quentinice bets 450
_SKR calls 450
Elminombre calls 450
JamonDelAno folds
*** TURN *** [Qd 4s Ad][3d]
Quentinice checks
_SKR bets 5572 and is all-in
Elminombre calls 5572
Quentinice folds
*** RIVER *** [Qd 4s Ad 3d][Kc]
*** SHOW DOWN ***
_SKR shows [Kd Jc] (One pair : Kings)
Elminombre shows [9d Td] (Flush Ace high)
Elminombre collected 15254 from pot
*** SUMMARY ***
Total pot 15254 | No rake
Board: [Qd 4s Ad 3d Kc]
Seat 1: Elminombre showed [9d Td] and won 15254 with Flush Ace high
Seat 6: _SKR showed [Kd Jc] and lost with One pair : Kings


Winamax Poker - Tournament "Kill The Fish" buyIn: 1.80€ + 0.20€ level: 3 - HandId: #2678092016646094915-27-1676578194 - Holdem no limit (35/150/300) - 2023/02/16 20:09:54 UTC
Table: 'Kill The Fish(623541888)#066' 6-max (real money) Seat #4 is the button
Seat 1: _Guichouns_ (22897, 1.35€ bounty)
Seat 2: JIR80STARS (21549, 0.90€ bounty)
Seat 3: _SKR (20000, 0.90€ bounty)
Seat 4: Pashok (44936, 1.35€ bounty)
Seat 5: FranoSelak (12967, 0.90€ bounty)
Seat 6: M.Mathers42 (33991, 0.90€ bounty)
*** ANTE/BLINDS ***
FranoSelak posts ante 35
M.Mathers42 posts ante 35
_Guichouns_ posts ante 35
JIR80STARS posts ante 35
_SKR posts ante 35
Pashok posts ante 35
FranoSelak posts small blind 150
M.Mathers42 posts big blind 300
Dealt to _SKR [9h 9s]
*** PRE-FLOP *** 
_Guichouns_ folds
JIR80STARS folds
_SKR raises 450 to 750
Pashok folds
FranoSelak folds
M.Mathers42 calls 450
*** FLOP *** [5s Tc 5h]
M.Mathers42 checks
_SKR bets 651
M.Mathers42 folds
_SKR collected 2511 from pot
*** SUMMARY ***
Total pot 2511 | No rake
Board: [5s Tc 5h]
Seat 3: _SKR won 2511


Winamax Poker - Tournament "Kill The Fish" buyIn: 1.80€ + 0.20€ level: 3 - HandId: #2678092016646094915-28-1676578242 - Holdem no limit (35/150/300) - 2023/02/16 20:10:42 UTC
Table: 'Kill The Fish(623541888)#066' 6-max (real money) Seat #5 is the button
Seat 1: _Guichouns_ (22862, 1.35€ bounty)
Seat 2: JIR80STARS (21514, 0.90€ bounty)
Seat 3: _SKR (21075, 0.90€ bounty)
Seat 4: Pashok (44901, 1.35€ bounty)
Seat 5: FranoSelak (12782, 0.90€ bounty)
Seat 6: M.Mathers42 (33206, 0.90€ bounty)
*** ANTE/BLINDS ***
M.Mathers42 posts ante 35
_Guichouns_ posts ante 35
JIR80STARS posts ante 35
_SKR posts ante 35
Pashok posts ante 35
FranoSelak posts ante 35
M.Mathers42 posts small blind 150
_Guichouns_ posts big blind 300
Dealt to _SKR [6s 4d]
*** PRE-FLOP *** 
JIR80STARS folds
_SKR folds
Pashok folds
FranoSelak raises 300 to 600
M.Mathers42 calls 450
_Guichouns_ calls 300
*** FLOP *** [5d Qh 3c]
M.Mathers42 checks
_Guichouns_ checks
FranoSelak checks
*** TURN *** [5d Qh 3c][4s]
M.Mathers42 checks
_Guichouns_ checks
FranoSelak checks
*** RIVER *** [5d Qh 3c 4s][Qd]
M.Mathers42 checks
_Guichouns_ checks
FranoSelak checks
*** SHOW DOWN ***
_Guichouns_ shows [8d Ks] (One pair : Queens)
FranoSelak shows [8c As] (One pair : Queens)
M.Mathers42 shows [Js 3s] (Two pairs : Queens and 3)
M.Mathers42 collected 2010 from pot
*** SUMMARY ***
Total pot 2010 | No rake
Board: [5d Qh 3c 4s Qd]
Seat 1: _Guichouns_ (big blind) showed [8d Ks] and lost with One pair : Queens
Seat 5: FranoSelak (button) showed [8c As] and lost with One pair : Queens
Seat 6: M.Mathers42 (small blind) showed [Js 3s] and won 2010 with Two pairs : Queens and 3


Winamax Poker - Tournament "Kill The Fish" buyIn: 1.80€ + 0.20€ level: 4 - HandId: #2678092016646094915-29-1676578307 - Holdem no limit (40/175/350) - 2023/02/16 20:11:47 UTC
Table: 'Kill The Fish(623541888)#066' 6-max (real money) Seat #6 is the button
Seat 1: _Guichouns_ (22227, 1.35€ bounty)
Seat 2: JIR80STARS (21479, 0.90€ bounty)
Seat 3: _SKR (21040, 0.90€ bounty)
Seat 4: Pashok (44866, 1.35€ bounty)
Seat 5: FranoSelak (12147, 0.90€ bounty)
Seat 6: M.Mathers42 (34581, 0.90€ bounty)
*** ANTE/BLINDS ***
_Guichouns_ posts ante 40
JIR80STARS posts ante 40
_SKR posts ante 40
Pashok posts ante 40
FranoSelak posts ante 40
M.Mathers42 posts ante 40
_Guichouns_ posts small blind 175
JIR80STARS posts big blind 350
Dealt to _SKR [3h Qd]
*** PRE-FLOP *** 
_SKR folds
Pashok raises 350 to 700
FranoSelak folds
M.Mathers42 folds
_Guichouns_ folds
JIR80STARS folds
Pashok collected 1465 from pot
*** SUMMARY ***
Total pot 1465 | No rake
Seat 4: Pashok won 1465


Winamax Poker - Tournament "Kill The Fish" buyIn: 1.80€ + 0.20€ level: 4 - HandId: #2678092016646094915-30-1676578325 - Holdem no limit (40/175/350) - 2023/02/16 20:12:05 UTC
Table: 'Kill The Fish(623541888)#066' 6-max (real money) Seat #1 is the button
Seat 1: _Guichouns_ (22012, 1.35€ bounty)
Seat 2: JIR80STARS (21089, 0.90€ bounty)
Seat 3: _SKR (21000, 0.90€ bounty)
Seat 4: Pashok (45591, 1.35€ bounty)
Seat 5: FranoSelak (12107, 0.90€ bounty)
Seat 6: M.Mathers42 (34541, 0.90€ bounty)
*** ANTE/BLINDS ***
JIR80STARS posts ante 40
_SKR posts ante 40
_Guichouns_ posts ante 40
Pashok posts ante 40
FranoSelak posts ante 40
M.Mathers42 posts ante 40
JIR80STARS posts small blind 175
_SKR posts big blind 350
Dealt to _SKR [8s Ad]
*** PRE-FLOP *** 
Pashok raises 700 to 1050
FranoSelak folds
M.Mathers42 folds
_Guichouns_ folds
JIR80STARS folds
_SKR calls 700
*** FLOP *** [Ks 7h 7s]
_SKR checks
Pashok bets 880
_SKR calls 880
*** TURN *** [Ks 7h 7s][6h]
_SKR checks
Pashok bets 3206
_SKR folds
Pashok collected 7481 from pot
*** SUMMARY ***
Total pot 7481 | No rake
Board: [Ks 7h 7s 6h]
Seat 4: Pashok won 7481


Winamax Poker - Tournament "Kill The Fish" buyIn: 1.80€ + 0.20€ level: 4 - HandId: #2678092016646094915-31-1676578372 - Holdem no limit (40/175/350) - 2023/02/16 20:12:52 UTC
Table: 'Kill The Fish(623541888)#066' 6-max (real money) Seat #2 is the button
Seat 1: _Guichouns_ (21972, 1.35€ bounty)
Seat 2: JIR80STARS (20874, 0.90€ bounty)
Seat 3: _SKR (19030, 0.90€ bounty)
Seat 4: Pashok (47896, 1.35€ bounty)
Seat 5: FranoSelak (12067, 0.90€ bounty)
Seat 6: M.Mathers42 (34501, 0.90€ bounty)
*** ANTE/BLINDS ***
_SKR posts ante 40
Pashok posts ante 40
_Guichouns_ posts ante 40
JIR80STARS posts ante 40
FranoSelak posts ante 40
M.Mathers42 posts ante 40
_SKR posts small blind 175
Pashok posts big blind 350
Dealt to _SKR [3h As]
*** PRE-FLOP *** 
FranoSelak folds
M.Mathers42 folds
_Guichouns_ calls 350
JIR80STARS folds
_SKR calls 175
Pashok checks
*** FLOP *** [Td Jd 8c]
_SKR checks
Pashok bets 700
_Guichouns_ calls 700
_SKR folds
*** TURN *** [Td Jd 8c][Qd]
Pashok checks
_Guichouns_ bets 3390
Pashok folds
_Guichouns_ collected 6080 from pot
*** SUMMARY ***
Total pot 6080 | No rake
Board: [Td Jd 8c Qd]
Seat 1: _Guichouns_ won 6080


Winamax Poker - Tournament "Kill The Fish" buyIn: 1.80€ + 0.20€ level: 4 - HandId: #2678092016646094915-32-1676578433 - Holdem no limit (40/175/350) - 2023/02/16 20:13:53 UTC
Table: 'Kill The Fish(623541888)#066' 6-max (real money) Seat #3 is the button
Seat 1: _Guichouns_ (23572, 1.35€ bounty)
Seat 2: JIR80STARS (20834, 0.90€ bounty)
Seat 3: _SKR (18640, 0.90€ bounty)
Seat 4: Pashok (46806, 1.35€ bounty)
Seat 5: FranoSelak (12027, 0.90€ bounty)
Seat 6: M.Mathers42 (34461, 0.90€ bounty)
*** ANTE/BLINDS ***
Pashok posts ante 40
FranoSelak posts ante 40
_Guichouns_ posts ante 40
JIR80STARS posts ante 40
_SKR posts ante 40
M.Mathers42 posts ante 40
Pashok posts small blind 175
FranoSelak posts big blind 350
Dealt to _SKR [Qc 8s]
*** PRE-FLOP *** 
M.Mathers42 raises 700 to 1050
_Guichouns_ folds
JIR80STARS folds
_SKR folds
Pashok folds
FranoSelak folds
M.Mathers42 collected 1815 from pot
*** SUMMARY ***
Total pot 1815 | No rake
Seat 6: M.Mathers42 won 1815


Winamax Poker - Tournament "Kill The Fish" buyIn: 1.80€ + 0.20€ level: 4 - HandId: #2678092016646094915-33-1676578447 - Holdem no limit (40/175/350) - 2023/02/16 20:14:07 UTC
Table: 'Kill The Fish(623541888)#066' 6-max (real money) Seat #4 is the button
Seat 1: _Guichouns_ (23532, 1.35€ bounty)
Seat 2: JIR80STARS (20794, 0.90€ bounty)
Seat 3: _SKR (18600, 0.90€ bounty)
Seat 4: Pashok (46591, 1.35€ bounty)
Seat 5: FranoSelak (11637, 0.90€ bounty)
Seat 6: M.Mathers42 (35186, 0.90€ bounty)
*** ANTE/BLINDS ***
FranoSelak posts ante 40
M.Mathers42 posts ante 40
_Guichouns_ posts ante 40
JIR80STARS posts ante 40
_SKR posts ante 40
Pashok posts ante 40
FranoSelak posts small blind 175
M.Mathers42 posts big blind 350
Dealt to _SKR [4h 9h]
*** PRE-FLOP *** 
_Guichouns_ calls 350
JIR80STARS folds
_SKR folds
Pashok folds
FranoSelak folds
M.Mathers42 checks
*** FLOP *** [5c Th 3d]
M.Mathers42 bets 558
_Guichouns_ folds
M.Mathers42 collected 1673 from pot
*** SUMMARY ***
Total pot 1673 | No rake
Board: [5c Th 3d]
Seat 6: M.Mathers42 (big blind) won 1673


Winamax Poker - Tournament "Kill The Fish" buyIn: 1.80€ + 0.20€ level: 4 - HandId: #2678092016646094915-34-1676578474 - Holdem no limit (40/175/350) - 2023/02/16 20:14:34 UTC
Table: 'Kill The Fish(623541888)#066' 6-max (real money) Seat #5 is the button
Seat 1: _Guichouns_ (23142, 1.35€ bounty)
Seat 2: JIR80STARS (20754, 0.90€ bounty)
Seat 3: _SKR (18560, 0.90€ bounty)
Seat 4: Pashok (46551, 1.35€ bounty)
Seat 5: FranoSelak (11422, 0.90€ bounty)
Seat 6: M.Mathers42 (35911, 0.90€ bounty)
*** ANTE/BLINDS ***
M.Mathers42 posts ante 40
_Guichouns_ posts ante 40
JIR80STARS posts ante 40
_SKR posts ante 40
Pashok posts ante 40
FranoSelak posts ante 40
M.Mathers42 posts small blind 175
_Guichouns_ posts big blind 350
Dealt to _SKR [Qd 9s]
*** PRE-FLOP *** 
JIR80STARS folds
_SKR folds
Pashok folds
FranoSelak raises 350 to 700
M.Mathers42 calls 525
_Guichouns_ calls 350
*** FLOP *** [3c Td Ah]
M.Mathers42 checks
_Guichouns_ bets 350
FranoSelak raises 1345 to 1695
M.Mathers42 folds
_Guichouns_ calls 1345
*** TURN *** [3c Td Ah][Ac]
_Guichouns_ bets 5730
FranoSelak raises 3257 to 8987 and is all-in
_Guichouns_ calls 3257
*** RIVER *** [3c Td Ah Ac][Th]
*** SHOW DOWN ***
_Guichouns_ shows [6s 6h] (Two pairs : Aces and Tens)
FranoSelak shows [As Kd] (Full of Aces and Tens)
FranoSelak collected 23704 from pot
*** SUMMARY ***
Total pot 23704 | No rake
Board: [3c Td Ah Ac Th]
Seat 1: _Guichouns_ (big blind) showed [6s 6h] and lost with Two pairs : Aces and Tens
Seat 5: FranoSelak (button) showed [As Kd] and won 23704 with Full of Aces and Tens


Winamax Poker - Tournament "Kill The Fish" buyIn: 1.80€ + 0.20€ level: 4 - HandId: #2678092016646094915-35-1676578547 - Holdem no limit (40/175/350) - 2023/02/16 20:15:47 UTC
Table: 'Kill The Fish(623541888)#066' 6-max (real money) Seat #6 is the button
Seat 1: _Guichouns_ (11720, 1.35€ bounty)
Seat 2: JIR80STARS (20714, 0.90€ bounty)
Seat 3: _SKR (18520, 0.90€ bounty)
Seat 4: Pashok (46511, 1.35€ bounty)
Seat 5: FranoSelak (23704, 0.90€ bounty)
Seat 6: M.Mathers42 (35171, 0.90€ bounty)
*** ANTE/BLINDS ***
_Guichouns_ posts ante 40
JIR80STARS posts ante 40
_SKR posts ante 40
Pashok posts ante 40
FranoSelak posts ante 40
M.Mathers42 posts ante 40
_Guichouns_ posts small blind 175
JIR80STARS posts big blind 350
Dealt to _SKR [6s 6h]
*** PRE-FLOP *** 
_SKR raises 525 to 875
Pashok folds
FranoSelak folds
M.Mathers42 calls 875
_Guichouns_ folds
JIR80STARS folds
*** FLOP *** [4s Th 9d]
_SKR checks
M.Mathers42 checks
*** TURN *** [4s Th 9d][Ad]
_SKR checks
M.Mathers42 checks
*** RIVER *** [4s Th 9d Ad][3d]
_SKR checks
M.Mathers42 checks
*** SHOW DOWN ***
M.Mathers42 shows [8d Qh] (High card : Ace)
_SKR shows [6s 6h] (One pair : 6)
_SKR collected 2515 from pot
*** SUMMARY ***
Total pot 2515 | No rake
Board: [4s Th 9d Ad 3d]
Seat 3: _SKR showed [6s 6h] and won 2515 with One pair : 6
Seat 6: M.Mathers42 (button) showed [8d Qh] and lost with High card : Ace


Winamax Poker - Tournament "Kill The Fish" buyIn: 1.80€ + 0.20€ level: 5 - HandId: #2678092016646094915-36-1676578667 - Holdem no limit (50/200/400) - 2023/02/16 20:17:47 UTC
Table: 'Kill The Fish(623541888)#066' 6-max (real money) Seat #1 is the button
Seat 1: _Guichouns_ (11505, 1.35€ bounty)
Seat 2: JIR80STARS (20324, 0.90€ bounty)
Seat 3: _SKR (20120, 0.90€ bounty)
Seat 4: Pashok (46471, 1.35€ bounty)
Seat 5: FranoSelak (23664, 0.90€ bounty)
Seat 6: M.Mathers42 (34256, 0.90€ bounty)
*** ANTE/BLINDS ***
JIR80STARS posts ante 50
_SKR posts ante 50
_Guichouns_ posts ante 50
Pashok posts ante 50
FranoSelak posts ante 50
M.Mathers42 posts ante 50
JIR80STARS posts small blind 200
_SKR posts big blind 400
Dealt to _SKR [Jh 4c]
*** PRE-FLOP *** 
Pashok raises 400 to 800
FranoSelak folds
M.Mathers42 folds
_Guichouns_ calls 800
JIR80STARS folds
_SKR folds
*** FLOP *** [9h Qs Ad]
Pashok bets 400
_Guichouns_ raises 1450 to 1850
Pashok raises 43771 to 45621 and is all-in
_Guichouns_ calls 8805 and is all-in
*** TURN *** [9h Qs Ad][9s]
*** RIVER *** [9h Qs Ad 9s][9d]
*** SHOW DOWN ***
_Guichouns_ shows [Qd 8d] (Full of 9 and Queens)
Pashok shows [8s As] (Full of 9 and Aces)
Pashok collected 58776 from pot
*** SUMMARY ***
Total pot 58776 | No rake
Board: [9h Qs Ad 9s 9d]
Seat 1: _Guichouns_ (button) showed [Qd 8d] and lost with Full of 9 and Queens
Seat 4: Pashok showed [8s As] and won 58776 with Full of 9 and Aces


Winamax Poker - Tournament "Kill The Fish" buyIn: 1.80€ + 0.20€ level: 5 - HandId: #2678092016646094915-37-1676578753 - Holdem no limit (50/200/400) - 2023/02/16 20:19:13 UTC
Table: 'Kill The Fish(623541888)#066' 6-max (real money) Seat #2 is the button
Seat 2: JIR80STARS (20074, 0.90€ bounty)
Seat 3: _SKR (19670, 0.90€ bounty)
Seat 4: Pashok (58776, 2.02€ bounty)
Seat 5: FranoSelak (23614, 0.90€ bounty)
Seat 6: M.Mathers42 (34206, 0.90€ bounty)
*** ANTE/BLINDS ***
_SKR posts ante 50
Pashok posts ante 50
JIR80STARS posts ante 50
FranoSelak posts ante 50
M.Mathers42 posts ante 50
_SKR posts small blind 200
Pashok posts big blind 400
Dealt to _SKR [9c 3c]
*** PRE-FLOP *** 
FranoSelak folds
M.Mathers42 folds
JIR80STARS folds
_SKR calls 200
Pashok raises 800 to 1200
_SKR folds
Pashok collected 1850 from pot
*** SUMMARY ***
Total pot 1850 | No rake
Seat 4: Pashok (big blind) won 1850


Winamax Poker - Tournament "Kill The Fish" buyIn: 1.80€ + 0.20€ level: 5 - HandId: #2678092016646094915-38-1676578774 - Holdem no limit (50/200/400) - 2023/02/16 20:19:34 UTC
Table: 'Kill The Fish(623541888)#066' 6-max (real money) Seat #3 is the button
Seat 1: MagicTiTManu (20000, 0.90€ bounty)
Seat 2: JIR80STARS (20024, 0.90€ bounty)
Seat 3: _SKR (19220, 0.90€ bounty)
Seat 4: Pashok (59376, 2.02€ bounty)
Seat 5: FranoSelak (23564, 0.90€ bounty)
Seat 6: M.Mathers42 (34156, 0.90€ bounty)
*** ANTE/BLINDS ***
Pashok posts ante 50
FranoSelak posts ante 50
MagicTiTManu posts ante 50
JIR80STARS posts ante 50
_SKR posts ante 50
M.Mathers42 posts ante 50
Pashok posts small blind 200
FranoSelak posts big blind 400
Dealt to _SKR [3c 9c]
*** PRE-FLOP *** 
M.Mathers42 folds
MagicTiTManu folds
JIR80STARS folds
_SKR folds
Pashok raises 800 to 1200
FranoSelak folds
Pashok collected 1900 from pot
*** SUMMARY ***
Total pot 1900 | No rake
Seat 4: Pashok (small blind) won 1900


Winamax Poker - Tournament "Kill The Fish" buyIn: 1.80€ + 0.20€ level: 5 - HandId: #2678092016646094915-39-1676578798 - Holdem no limit (50/200/400) - 2023/02/16 20:19:58 UTC
Table: 'Kill The Fish(623541888)#066' 6-max (real money) Seat #4 is the button
Seat 1: MagicTiTManu (19950, 0.90€ bounty)
Seat 2: JIR80STARS (19974, 0.90€ bounty)
Seat 3: _SKR (19170, 0.90€ bounty)
Seat 4: Pashok (60026, 2.02€ bounty)
Seat 5: FranoSelak (23114, 0.90€ bounty)
Seat 6: M.Mathers42 (34106, 0.90€ bounty)
*** ANTE/BLINDS ***
FranoSelak posts ante 50
M.Mathers42 posts ante 50
MagicTiTManu posts ante 50
JIR80STARS posts ante 50
_SKR posts ante 50
Pashok posts ante 50
FranoSelak posts small blind 200
M.Mathers42 posts big blind 400
Dealt to _SKR [Kc Th]
*** PRE-FLOP *** 
MagicTiTManu folds
JIR80STARS folds
_SKR raises 600 to 1000
Pashok folds
FranoSelak folds
M.Mathers42 folds
_SKR collected 1900 from pot
*** SUMMARY ***
Total pot 1900 | No rake
Seat 3: _SKR won 1900


Winamax Poker - Tournament "Kill The Fish" buyIn: 1.80€ + 0.20€ level: 5 - HandId: #2678092016646094915-40-1676578832 - Holdem no limit (50/200/400) - 2023/02/16 20:20:32 UTC
Table: 'Kill The Fish(623541888)#066' 6-max (real money) Seat #5 is the button
Seat 1: MagicTiTManu (19900, 0.90€ bounty)
Seat 2: JIR80STARS (19924, 0.90€ bounty)
Seat 3: _SKR (20020, 0.90€ bounty)
Seat 4: Pashok (59976, 2.02€ bounty)
Seat 5: FranoSelak (22864, 0.90€ bounty)
Seat 6: M.Mathers42 (33656, 0.90€ bounty)
*** ANTE/BLINDS ***
M.Mathers42 posts ante 50
MagicTiTManu posts ante 50
JIR80STARS posts ante 50
_SKR posts ante 50
Pashok posts ante 50
FranoSelak posts ante 50
M.Mathers42 posts small blind 200
MagicTiTManu posts big blind 400
Dealt to _SKR [Kd Th]
*** PRE-FLOP *** 
JIR80STARS folds
_SKR raises 600 to 1000
Pashok folds
FranoSelak folds
M.Mathers42 calls 800
MagicTiTManu folds
*** FLOP *** [2d 9h As]
M.Mathers42 checks
_SKR checks
*** TURN *** [2d 9h As][4c]
M.Mathers42 checks
_SKR checks
*** RIVER *** [2d 9h As 4c][2s]
M.Mathers42 checks
_SKR checks
*** SHOW DOWN ***
M.Mathers42 shows [8h Jc] (One pair : 2)
_SKR shows [Kd Th] (One pair : 2)
_SKR collected 2700 from pot
*** SUMMARY ***
Total pot 2700 | No rake
Board: [2d 9h As 4c 2s]
Seat 3: _SKR showed [Kd Th] and won 2700 with One pair : 2
Seat 6: M.Mathers42 (small blind) showed [8h Jc] and lost with One pair : 2


Winamax Poker - Tournament "Kill The Fish" buyIn: 1.80€ + 0.20€ level: 6 - HandId: #2678092016646094915-41-1676578873 - Holdem no limit (60/250/500) - 2023/02/16 20:21:13 UTC
Table: 'Kill The Fish(623541888)#066' 6-max (real money) Seat #6 is the button
Seat 1: MagicTiTManu (19450, 0.90€ bounty)
Seat 2: JIR80STARS (19874, 0.90€ bounty)
Seat 3: _SKR (21670, 0.90€ bounty)
Seat 4: Pashok (59926, 2.02€ bounty)
Seat 5: FranoSelak (22814, 0.90€ bounty)
Seat 6: M.Mathers42 (32606, 0.90€ bounty)
*** ANTE/BLINDS ***
MagicTiTManu posts ante 60
JIR80STARS posts ante 60
_SKR posts ante 60
Pashok posts ante 60
FranoSelak posts ante 60
M.Mathers42 posts ante 60
MagicTiTManu posts small blind 250
JIR80STARS posts big blind 500
Dealt to _SKR [5c Qd]
*** PRE-FLOP *** 
_SKR folds
Pashok folds
FranoSelak raises 550 to 1050
M.Mathers42 folds
MagicTiTManu folds
JIR80STARS folds
FranoSelak collected 2160 from pot
*** SUMMARY ***
Total pot 2160 | No rake
Seat 5: FranoSelak won 2160


Winamax Poker - Tournament "Kill The Fish" buyIn: 1.80€ + 0.20€ level: 6 - HandId: #2678092016646094915-42-1676578906 - Holdem no limit (60/250/500) - 2023/02/16 20:21:46 UTC
Table: 'Kill The Fish(623541888)#066' 6-max (real money) Seat #1 is the button
Seat 1: MagicTiTManu (19140, 0.90€ bounty)
Seat 2: JIR80STARS (19314, 0.90€ bounty)
Seat 3: _SKR (21610, 0.90€ bounty)
Seat 4: Pashok (59866, 2.02€ bounty)
Seat 5: FranoSelak (23864, 0.90€ bounty)
Seat 6: M.Mathers42 (32546, 0.90€ bounty)
*** ANTE/BLINDS ***
JIR80STARS posts ante 60
_SKR posts ante 60
MagicTiTManu posts ante 60
Pashok posts ante 60
FranoSelak posts ante 60
M.Mathers42 posts ante 60
JIR80STARS posts small blind 250
_SKR posts big blind 500
Dealt to _SKR [2s 8s]
*** PRE-FLOP *** 
Pashok folds
FranoSelak folds
M.Mathers42 folds
MagicTiTManu folds
JIR80STARS folds
_SKR collected 1110 from pot
*** SUMMARY ***
Total pot 1110 | No rake
Seat 3: _SKR (big blind) won 1110


Winamax Poker - Tournament "Kill The Fish" buyIn: 1.80€ + 0.20€ level: 6 - HandId: #2678092016646094915-43-1676578957 - Holdem no limit (60/250/500) - 2023/02/16 20:22:37 UTC
Table: 'Kill The Fish(623541888)#066' 6-max (real money) Seat #2 is the button
Seat 1: MagicTiTManu (19080, 0.90€ bounty)
Seat 2: JIR80STARS (19004, 0.90€ bounty)
Seat 3: _SKR (22160, 0.90€ bounty)
Seat 4: Pashok (59806, 2.02€ bounty)
Seat 5: FranoSelak (23804, 0.90€ bounty)
Seat 6: M.Mathers42 (32486, 0.90€ bounty)
*** ANTE/BLINDS ***
_SKR posts ante 60
Pashok posts ante 60
MagicTiTManu posts ante 60
JIR80STARS posts ante 60
FranoSelak posts ante 60
M.Mathers42 posts ante 60
_SKR posts small blind 250
Pashok posts big blind 500
Dealt to _SKR [9d Jh]
*** PRE-FLOP *** 
FranoSelak folds
M.Mathers42 calls 500
MagicTiTManu folds
JIR80STARS folds
_SKR calls 250
Pashok checks
*** FLOP *** [4c 9c 8h]
_SKR checks
Pashok checks
M.Mathers42 checks
*** TURN *** [4c 9c 8h][Kd]
_SKR checks
Pashok checks
M.Mathers42 bets 1209
_SKR calls 1209
Pashok folds
*** RIVER *** [4c 9c 8h Kd][Qh]
_SKR checks
M.Mathers42 bets 2781
_SKR folds
M.Mathers42 collected 7059 from pot
*** SUMMARY ***
Total pot 7059 | No rake
Board: [4c 9c 8h Kd Qh]
Seat 6: M.Mathers42 won 7059


Winamax Poker - Tournament "Kill The Fish" buyIn: 1.80€ + 0.20€ level: 6 - HandId: #2678092016646094915-44-1676579030 - Holdem no limit (60/250/500) - 2023/02/16 20:23:50 UTC
Table: 'Kill The Fish(623541888)#066' 6-max (real money) Seat #3 is the button
Seat 1: MagicTiTManu (19020, 0.90€ bounty)
Seat 2: JIR80STARS (18944, 0.90€ bounty)
Seat 3: _SKR (20391, 0.90€ bounty)
Seat 4: Pashok (59246, 2.02€ bounty)
Seat 5: FranoSelak (23744, 0.90€ bounty)
Seat 6: M.Mathers42 (34995, 0.90€ bounty)
*** ANTE/BLINDS ***
Pashok posts ante 60
FranoSelak posts ante 60
MagicTiTManu posts ante 60
JIR80STARS posts ante 60
_SKR posts ante 60
M.Mathers42 posts ante 60
Pashok posts small blind 250
FranoSelak posts big blind 500
Dealt to _SKR [Ks 3h]
*** PRE-FLOP *** 
M.Mathers42 calls 500
MagicTiTManu folds
JIR80STARS folds
_SKR folds
Pashok folds
FranoSelak checks
*** FLOP *** [5h Qc 6d]
FranoSelak checks
M.Mathers42 checks
*** TURN *** [5h Qc 6d][4c]
FranoSelak bets 564
M.Mathers42 calls 564
*** RIVER *** [5h Qc 6d 4c][2c]
FranoSelak bets 685
M.Mathers42 raises 2430 to 3115
FranoSelak calls 2430
*** SHOW DOWN ***
FranoSelak shows [Kh Qs] (One pair : Queens)
M.Mathers42 shows [Ah 3d] (Straight 6 high)
M.Mathers42 collected 8968 from pot
*** SUMMARY ***
Total pot 8968 | No rake
Board: [5h Qc 6d 4c 2c]
Seat 5: FranoSelak (big blind) showed [Kh Qs] and lost with One pair : Queens
Seat 6: M.Mathers42 showed [Ah 3d] and won 8968 with Straight 6 high


Winamax Poker - Tournament "Kill The Fish" buyIn: 1.80€ + 0.20€ level: 6 - HandId: #2678092016646094915-45-1676579097 - Holdem no limit (60/250/500) - 2023/02/16 20:24:57 UTC
Table: 'Kill The Fish(623541888)#066' 6-max (real money) Seat #4 is the button
Seat 1: MagicTiTManu (18960, 0.90€ bounty)
Seat 2: JIR80STARS (18884, 0.90€ bounty)
Seat 3: _SKR (20331, 0.90€ bounty)
Seat 4: Pashok (58936, 2.02€ bounty)
Seat 5: FranoSelak (19505, 0.90€ bounty)
Seat 6: M.Mathers42 (39724, 0.90€ bounty)
*** ANTE/BLINDS ***
FranoSelak posts ante 60
M.Mathers42 posts ante 60
MagicTiTManu posts ante 60
JIR80STARS posts ante 60
_SKR posts ante 60
Pashok posts ante 60
FranoSelak posts small blind 250
M.Mathers42 posts big blind 500
Dealt to _SKR [Ad 2s]
*** PRE-FLOP *** 
MagicTiTManu raises 500 to 1000
JIR80STARS raises 2000 to 3000
_SKR folds
Pashok folds
FranoSelak folds
M.Mathers42 folds
MagicTiTManu calls 2000
*** FLOP *** [Ks 7s Kd]
MagicTiTManu bets 1778
JIR80STARS calls 1778
*** TURN *** [Ks 7s Kd][6c]
MagicTiTManu bets 14122 and is all-in
JIR80STARS calls 14046 and is all-in
*** RIVER *** [Ks 7s Kd 6c][Ah]
*** SHOW DOWN ***
MagicTiTManu shows [Ts As] (Two pairs : Aces and Kings)
JIR80STARS shows [Ac Qs] (Two pairs : Aces and Kings)
JIR80STARS collected 38758 from main pot
MagicTiTManu collected 76 from side pot 1
*** SUMMARY ***
Total pot 38834 | No rake
Board: [Ks 7s Kd 6c Ah]
Seat 1: MagicTiTManu showed [Ts As] and won 76 with Two pairs : Aces and Kings
Seat 2: JIR80STARS showed [Ac Qs] and won 38758 with Two pairs : Aces and Kings


Winamax Poker - Tournament "Kill The Fish" buyIn: 1.80€ + 0.20€ level: 6 - HandId: #2678092016646094915-46-1676579148 - Holdem no limit (60/250/500) - 2023/02/16 20:25:48 UTC
Table: 'Kill The Fish(623541888)#066' 6-max (real money) Seat #5 is the button
Seat 1: MagicTiTManu (76, 0.90€ bounty)
Seat 2: JIR80STARS (38758, 0.90€ bounty)
Seat 3: _SKR (20271, 0.90€ bounty)
Seat 4: Pashok (58876, 2.02€ bounty)
Seat 5: FranoSelak (19195, 0.90€ bounty)
Seat 6: M.Mathers42 (39164, 0.90€ bounty)
*** ANTE/BLINDS ***
M.Mathers42 posts ante 60
MagicTiTManu posts ante 60
JIR80STARS posts ante 60
_SKR posts ante 60
Pashok posts ante 60
FranoSelak posts ante 60
M.Mathers42 posts small blind 250
MagicTiTManu posts big blind 16 and is all-in
Dealt to _SKR [3c 2c]
*** PRE-FLOP *** 
JIR80STARS raises 750 to 1000
_SKR folds
Pashok calls 1000
FranoSelak folds
M.Mathers42 calls 750
*** FLOP *** [Js Jd 8h]
M.Mathers42 checks
JIR80STARS checks
Pashok checks
*** TURN *** [Js Jd 8h][Ac]
M.Mathers42 checks
JIR80STARS checks
Pashok checks
*** RIVER *** [Js Jd 8h Ac][Kc]
M.Mathers42 checks
JIR80STARS checks
Pashok checks
*** SHOW DOWN ***
M.Mathers42 shows [4h 5d] (One pair : Jacks)
MagicTiTManu shows [6h Kh] (Two pairs : Kings and Jacks)
JIR80STARS shows [9h Qd] (One pair : Jacks)
Pashok shows [7h Qh] (One pair : Jacks)
Pashok collected 1476 from side pot 1
JIR80STARS collected 1476 from side pot 1
MagicTiTManu collected 424 from main pot
*** SUMMARY ***
Total pot 3376 | No rake
Board: [Js Jd 8h Ac Kc]
Seat 1: MagicTiTManu (big blind) showed [6h Kh] and won 424 with Two pairs : Kings and Jacks
Seat 2: JIR80STARS showed [9h Qd] and won 1476 with One pair : Jacks
Seat 4: Pashok showed [7h Qh] and won 1476 with One pair : Jacks
Seat 6: M.Mathers42 (small blind) showed [4h 5d] and lost with One pair : Jacks


Winamax Poker - Tournament "Kill The Fish" buyIn: 1.80€ + 0.20€ level: 7 - HandId: #2678092016646094915-47-1676579180 - Holdem no limit (70/300/600) - 2023/02/16 20:26:20 UTC
Table: 'Kill The Fish(623541888)#066' 6-max (real money) Seat #6 is the button
Seat 1: MagicTiTManu (424, 0.90€ bounty)
Seat 2: JIR80STARS (39174, 0.90€ bounty)
Seat 3: _SKR (20211, 0.90€ bounty)
Seat 4: Pashok (59292, 2.02€ bounty)
Seat 5: FranoSelak (19135, 0.90€ bounty)
Seat 6: M.Mathers42 (38104, 0.90€ bounty)
*** ANTE/BLINDS ***
MagicTiTManu posts ante 70
JIR80STARS posts ante 70
_SKR posts ante 70
Pashok posts ante 70
FranoSelak posts ante 70
M.Mathers42 posts ante 70
MagicTiTManu posts small blind 300
JIR80STARS posts big blind 600
Dealt to _SKR [9c Ks]
*** PRE-FLOP *** 
_SKR folds
Pashok folds
FranoSelak folds
M.Mathers42 calls 600
MagicTiTManu calls 54 and is all-in
JIR80STARS checks
*** FLOP *** [2h Kh 3h]
JIR80STARS checks
M.Mathers42 checks
*** TURN *** [2h Kh 3h][Ts]
JIR80STARS checks
M.Mathers42 checks
*** RIVER *** [2h Kh 3h Ts][Ah]
JIR80STARS checks
M.Mathers42 checks
*** SHOW DOWN ***
M.Mathers42 shows [7c Jc] (High card : Ace)
MagicTiTManu shows [2c Kc] (Two pairs : Kings and 2)
JIR80STARS shows [Qs 7s] (High card : Ace)
JIR80STARS collected 492 from side pot 1
MagicTiTManu collected 1482 from main pot
*** SUMMARY ***
Total pot 1974 | No rake
Board: [2h Kh 3h Ts Ah]
Seat 1: MagicTiTManu (small blind) showed [2c Kc] and won 1482 with Two pairs : Kings and 2
Seat 2: JIR80STARS (big blind) showed [Qs 7s] and won 492 with High card : Ace
Seat 6: M.Mathers42 (button) showed [7c Jc] and lost with High card : Ace


Winamax Poker - Tournament "Kill The Fish" buyIn: 1.80€ + 0.20€ level: 7 - HandId: #2678092016646094915-48-1676579210 - Holdem no limit (70/300/600) - 2023/02/16 20:26:50 UTC
Table: 'Kill The Fish(623541888)#066' 6-max (real money) Seat #1 is the button
Seat 1: MagicTiTManu (1482, 0.90€ bounty)
Seat 2: JIR80STARS (38996, 0.90€ bounty)
Seat 3: _SKR (20141, 0.90€ bounty)
Seat 4: Pashok (59222, 2.02€ bounty)
Seat 5: FranoSelak (19065, 0.90€ bounty)
Seat 6: M.Mathers42 (37434, 0.90€ bounty)
*** ANTE/BLINDS ***
JIR80STARS posts ante 70
_SKR posts ante 70
MagicTiTManu posts ante 70
Pashok posts ante 70
FranoSelak posts ante 70
M.Mathers42 posts ante 70
JIR80STARS posts small blind 300
_SKR posts big blind 600
Dealt to _SKR [As 5c]
*** PRE-FLOP *** 
Pashok folds
FranoSelak raises 660 to 1260
M.Mathers42 calls 1260
MagicTiTManu folds
JIR80STARS raises 2520 to 3780
_SKR folds
FranoSelak calls 2520
M.Mathers42 calls 2520
*** FLOP *** [9h 7s Ts]
JIR80STARS bets 4326
FranoSelak calls 4326
M.Mathers42 folds
*** TURN *** [9h 7s Ts][Qh]
JIR80STARS bets 7354
FranoSelak raises 3535 to 10889 and is all-in
JIR80STARS calls 3535
*** RIVER *** [9h 7s Ts Qh][Js]
*** SHOW DOWN ***
JIR80STARS shows [Ah Qd] (One pair : Queens)
FranoSelak shows [Kc Jc] (Straight King high)
FranoSelak collected 42790 from pot
*** SUMMARY ***
Total pot 42790 | No rake
Board: [9h 7s Ts Qh Js]
Seat 2: JIR80STARS (small blind) showed [Ah Qd] and lost with One pair : Queens
Seat 5: FranoSelak showed [Kc Jc] and won 42790 with Straight King high


Winamax Poker - Tournament "Kill The Fish" buyIn: 1.80€ + 0.20€ level: 7 - HandId: #2678092016646094915-49-1676579318 - Holdem no limit (70/300/600) - 2023/02/16 20:28:38 UTC
Table: 'Kill The Fish(623541888)#066' 6-max (real money) Seat #2 is the button
Seat 1: MagicTiTManu (1412, 0.90€ bounty)
Seat 2: JIR80STARS (19931, 0.90€ bounty)
Seat 3: _SKR (19471, 0.90€ bounty)
Seat 4: Pashok (59152, 2.02€ bounty)
Seat 5: FranoSelak (42790, 0.90€ bounty)
Seat 6: M.Mathers42 (33584, 0.90€ bounty)
*** ANTE/BLINDS ***
_SKR posts ante 70
Pashok posts ante 70
MagicTiTManu posts ante 70
JIR80STARS posts ante 70
FranoSelak posts ante 70
M.Mathers42 posts ante 70
_SKR posts small blind 300
Pashok posts big blind 600
Dealt to _SKR [Jd Tc]
*** PRE-FLOP *** 
FranoSelak folds
M.Mathers42 folds
MagicTiTManu raises 742 to 1342 and is all-in
JIR80STARS raises 2013 to 3355
_SKR folds
Pashok folds
*** FLOP *** [Jh 7h Qc]
*** TURN *** [Jh 7h Qc][Ts]
*** RIVER *** [Jh 7h Qc Ts][6h]
*** SHOW DOWN ***
MagicTiTManu shows [Qd 9h] (One pair : Queens)
JIR80STARS shows [Js Qs] (Two pairs : Queens and Jacks)
JIR80STARS collected 6017 from pot
*** SUMMARY ***
Total pot 6017 | No rake
Board: [Jh 7h Qc Ts 6h]
Seat 1: MagicTiTManu showed [Qd 9h] and lost with One pair : Queens
Seat 2: JIR80STARS (button) showed [Js Qs] and won 6017 with Two pairs : Queens and Jacks


Winamax Poker - Tournament "Kill The Fish" buyIn: 1.80€ + 0.20€ level: 7 - HandId: #2678092016646094915-50-1676579365 - Holdem no limit (70/300/600) - 2023/02/16 20:29:25 UTC
Table: 'Kill The Fish(623541888)#066' 6-max (real money) Seat #3 is the button
Seat 2: JIR80STARS (22523, 1.35€ bounty)
Seat 3: _SKR (19101, 0.90€ bounty)
Seat 4: Pashok (58482, 2.02€ bounty)
Seat 5: FranoSelak (42720, 0.90€ bounty)
Seat 6: M.Mathers42 (33514, 0.90€ bounty)
*** ANTE/BLINDS ***
Pashok posts ante 70
FranoSelak posts ante 70
JIR80STARS posts ante 70
_SKR posts ante 70
M.Mathers42 posts ante 70
Pashok posts small blind 300
FranoSelak posts big blind 600
Dealt to _SKR [As Qd]
*** PRE-FLOP *** 
M.Mathers42 folds
JIR80STARS folds
_SKR raises 750 to 1350
Pashok folds
FranoSelak calls 750
*** FLOP *** [9c Kh Jd]
FranoSelak checks
_SKR bets 1473
FranoSelak calls 1473
*** TURN *** [9c Kh Jd][Ks]
FranoSelak checks
_SKR checks
*** RIVER *** [9c Kh Jd Ks][8s]
FranoSelak bets 1574
_SKR calls 1574
*** SHOW DOWN ***
_SKR shows [As Qd] (One pair : Kings)
FranoSelak shows [Kc Td] (Trips of Kings)
FranoSelak collected 9444 from pot
*** SUMMARY ***
Total pot 9444 | No rake
Board: [9c Kh Jd Ks 8s]
Seat 3: _SKR (button) showed [As Qd] and lost with One pair : Kings
Seat 5: FranoSelak (big blind) showed [Kc Td] and won 9444 with Trips of Kings


Winamax Poker - Tournament "Kill The Fish" buyIn: 1.80€ + 0.20€ level: 7 - HandId: #2678092016646094915-51-1676579457 - Holdem no limit (70/300/600) - 2023/02/16 20:30:57 UTC
Table: 'Kill The Fish(623541888)#066' 6-max (real money) Seat #4 is the button
Seat 1: ClemsX7X (20000, 0.90€ bounty)
Seat 2: JIR80STARS (22453, 1.35€ bounty)
Seat 3: _SKR (14634, 0.90€ bounty)
Seat 4: Pashok (58112, 2.02€ bounty)
Seat 5: FranoSelak (47697, 0.90€ bounty)
Seat 6: M.Mathers42 (33444, 0.90€ bounty)
*** ANTE/BLINDS ***
FranoSelak posts ante 70
M.Mathers42 posts ante 70
ClemsX7X posts ante 70
JIR80STARS posts ante 70
_SKR posts ante 70
Pashok posts ante 70
FranoSelak posts small blind 300
M.Mathers42 posts big blind 600
Dealt to _SKR [5d 8h]
*** PRE-FLOP *** 
ClemsX7X raises 600 to 1200
JIR80STARS folds
_SKR folds
Pashok folds
FranoSelak folds
M.Mathers42 calls 600
*** FLOP *** [7s 9h 6c]
M.Mathers42 checks
ClemsX7X checks
*** TURN *** [7s 9h 6c][7d]
M.Mathers42 checks
ClemsX7X checks
*** RIVER *** [7s 9h 6c 7d][Td]
M.Mathers42 checks
ClemsX7X bets 1800
M.Mathers42 folds
ClemsX7X collected 4920 from pot
*** SUMMARY ***
Total pot 4920 | No rake
Board: [7s 9h 6c 7d Td]
Seat 1: ClemsX7X won 4920


Winamax Poker - Tournament "Kill The Fish" buyIn: 1.80€ + 0.20€ level: 8 - HandId: #2678092016646094915-52-1676579566 - Holdem no limit (80/350/700) - 2023/02/16 20:32:46 UTC
Table: 'Kill The Fish(623541888)#066' 6-max (real money) Seat #5 is the button
Seat 1: ClemsX7X (21850, 0.90€ bounty)
Seat 2: JIR80STARS (22383, 1.35€ bounty)
Seat 3: _SKR (14564, 0.90€ bounty)
Seat 4: Pashok (58042, 2.02€ bounty)
Seat 5: FranoSelak (47327, 0.90€ bounty)
Seat 6: M.Mathers42 (32174, 0.90€ bounty)
*** ANTE/BLINDS ***
M.Mathers42 posts ante 80
ClemsX7X posts ante 80
JIR80STARS posts ante 80
_SKR posts ante 80
Pashok posts ante 80
FranoSelak posts ante 80
M.Mathers42 posts small blind 350
ClemsX7X posts big blind 700
Dealt to _SKR [8h Jc]
*** PRE-FLOP *** 
JIR80STARS folds
_SKR folds
Pashok raises 700 to 1400
FranoSelak folds
M.Mathers42 calls 1050
ClemsX7X folds
*** FLOP *** [9c 8c 6s]
M.Mathers42 checks
Pashok bets 1393
M.Mathers42 calls 1393
*** TURN *** [9c 8c 6s][Ac]
M.Mathers42 checks
Pashok bets 5075
M.Mathers42 folds
Pashok collected 11841 from pot
*** SUMMARY ***
Total pot 11841 | No rake
Board: [9c 8c 6s Ac]
Seat 4: Pashok won 11841


Winamax Poker - Tournament "Kill The Fish" buyIn: 1.80€ + 0.20€ level: 8 - HandId: #2678092016646094915-53-1676579647 - Holdem no limit (80/350/700) - 2023/02/16 20:34:07 UTC
Table: 'Kill The Fish(623541888)#066' 6-max (real money) Seat #6 is the button
Seat 1: ClemsX7X (21070, 0.90€ bounty)
Seat 2: JIR80STARS (22303, 1.35€ bounty)
Seat 3: _SKR (14484, 0.90€ bounty)
Seat 4: Pashok (61935, 2.02€ bounty)
Seat 5: FranoSelak (47247, 0.90€ bounty)
Seat 6: M.Mathers42 (29301, 0.90€ bounty)
*** ANTE/BLINDS ***
ClemsX7X posts ante 80
JIR80STARS posts ante 80
_SKR posts ante 80
Pashok posts ante 80
FranoSelak posts ante 80
M.Mathers42 posts ante 80
ClemsX7X posts small blind 350
JIR80STARS posts big blind 700
Dealt to _SKR [3c 7s]
*** PRE-FLOP *** 
_SKR folds
Pashok folds
FranoSelak folds
M.Mathers42 raises 1050 to 1750
ClemsX7X folds
JIR80STARS folds
M.Mathers42 collected 3280 from pot
*** SUMMARY ***
Total pot 3280 | No rake
Seat 6: M.Mathers42 (button) won 3280


Winamax Poker - Tournament "Kill The Fish" buyIn: 1.80€ + 0.20€ level: 8 - HandId: #2678092016646094915-54-1676579700 - Holdem no limit (80/350/700) - 2023/02/16 20:35:00 UTC
Table: 'Kill The Fish(623541888)#066' 6-max (real money) Seat #1 is the button
Seat 1: ClemsX7X (20640, 0.90€ bounty)
Seat 2: JIR80STARS (21523, 1.35€ bounty)
Seat 3: _SKR (14404, 0.90€ bounty)
Seat 4: Pashok (61855, 2.02€ bounty)
Seat 5: FranoSelak (47167, 0.90€ bounty)
Seat 6: M.Mathers42 (30751, 0.90€ bounty)
*** ANTE/BLINDS ***
JIR80STARS posts ante 80
_SKR posts ante 80
ClemsX7X posts ante 80
Pashok posts ante 80
FranoSelak posts ante 80
M.Mathers42 posts ante 80
JIR80STARS posts small blind 350
_SKR posts big blind 700
Dealt to _SKR [8c As]
*** PRE-FLOP *** 
Pashok folds
FranoSelak folds
M.Mathers42 folds
ClemsX7X folds
JIR80STARS folds
_SKR collected 1530 from pot
*** SUMMARY ***
Total pot 1530 | No rake
Seat 3: _SKR (big blind) won 1530


Winamax Poker - Tournament "Kill The Fish" buyIn: 1.80€ + 0.20€ level: 8 - HandId: #2678092016646094915-55-1676579719 - Holdem no limit (80/350/700) - 2023/02/16 20:35:19 UTC
Table: 'Kill The Fish(623541888)#066' 6-max (real money) Seat #2 is the button
Seat 1: ClemsX7X (20560, 0.90€ bounty)
Seat 2: JIR80STARS (21093, 1.35€ bounty)
Seat 3: _SKR (15154, 0.90€ bounty)
Seat 4: Pashok (61775, 2.02€ bounty)
Seat 6: M.Mathers42 (30671, 0.90€ bounty)
*** ANTE/BLINDS ***
_SKR posts ante 80
Pashok posts ante 80
ClemsX7X posts ante 80
JIR80STARS posts ante 80
M.Mathers42 posts ante 80
_SKR posts small blind 350
Pashok posts big blind 700
Dealt to _SKR [7c Kc]
*** PRE-FLOP *** 
M.Mathers42 calls 700
ClemsX7X folds
JIR80STARS folds
_SKR calls 350
Pashok checks
*** FLOP *** [9s Jh Kh]
_SKR checks
Pashok checks
M.Mathers42 checks
*** TURN *** [9s Jh Kh][6s]
_SKR bets 1625
Pashok folds
M.Mathers42 folds
_SKR collected 4125 from pot
*** SUMMARY ***
Total pot 4125 | No rake
Board: [9s Jh Kh 6s]
Seat 3: _SKR (small blind) won 4125


Winamax Poker - Tournament "Kill The Fish" buyIn: 1.80€ + 0.20€ level: 9 - HandId: #2678092016646094915-56-1676579776 - Holdem no limit (100/400/800) - 2023/02/16 20:36:16 UTC
Table: 'Kill The Fish(623541888)#066' 6-max (real money) Seat #3 is the button
Seat 1: ClemsX7X (20480, 0.90€ bounty)
Seat 2: JIR80STARS (21013, 1.35€ bounty)
Seat 3: _SKR (16874, 0.90€ bounty)
Seat 4: Pashok (60995, 2.02€ bounty)
Seat 6: M.Mathers42 (29891, 0.90€ bounty)
*** ANTE/BLINDS ***
Pashok posts ante 100
M.Mathers42 posts ante 100
ClemsX7X posts ante 100
JIR80STARS posts ante 100
_SKR posts ante 100
Pashok posts small blind 400
M.Mathers42 posts big blind 800
Dealt to _SKR [3h 3d]
*** PRE-FLOP *** 
ClemsX7X raises 800 to 1600
JIR80STARS folds
_SKR raises 15174 to 16774 and is all-in
Pashok folds
M.Mathers42 calls 15974
ClemsX7X folds
*** FLOP *** [4s Jd Jh]
*** TURN *** [4s Jd Jh][2s]
*** RIVER *** [4s Jd Jh 2s][Kh]
*** SHOW DOWN ***
_SKR shows [3h 3d] (Two pairs : Jacks and 3)
M.Mathers42 shows [Jc Ks] (Full of Jacks and Kings)
M.Mathers42 collected 36048 from pot
*** SUMMARY ***
Total pot 36048 | No rake
Board: [4s Jd Jh 2s Kh]
Seat 3: _SKR (button) showed [3h 3d] and lost with Two pairs : Jacks and 3
Seat 6: M.Mathers42 (big blind) showed [Jc Ks] and won 36048 with Full of Jacks and Kings


