Winamax Poker - Tournament "Expresso Nitro" buyIn: 0.93€ + 0.07€ level: 1 - HandId: #2730598545890476033-1-1676987835 - Holdem no limit (10/20) - 2023/02/21 13:57:15 UTC
Table: 'Expresso Nitro(635767017)#0' 3-max (real money) Seat #3 is the button
Seat 1: _SKR (300)
Seat 2: Faboulous54 (300)
Seat 3: Digavi (300)
*** ANTE/BLINDS ***
_SKR posts small blind 10
Faboulous54 posts big blind 20
Dealt to _SKR [7h Qd]
*** PRE-FLOP *** 
Digavi raises 30 to 50
_SKR folds
Faboulous54 raises 250 to 300 and is all-in
Digavi calls 250 and is all-in
*** FLOP *** [Qh Ts 9s]
*** TURN *** [Qh Ts 9s][Qs]
*** RIVER *** [Qh Ts 9s Qs][Jd]
*** SHOW DOWN ***
Digavi shows [5h 4s] (One pair : Queens)
Faboulous54 shows [9d 9c] (Full of 9 and Queens)
Faboulous54 collected 610 from pot
*** SUMMARY ***
Total pot 610 | No rake
Board: [Qh Ts 9s Qs Jd]
Seat 2: Faboulous54 (big blind) showed [9d 9c] and won 610 with Full of 9 and Queens
Seat 3: Digavi (button) showed [5h 4s] and lost with One pair : Queens


Winamax Poker - Tournament "Expresso Nitro" buyIn: 0.93€ + 0.07€ level: 1 - HandId: #2730598545890476033-2-1676987858 - Holdem no limit (10/20) - 2023/02/21 13:57:38 UTC
Table: 'Expresso Nitro(635767017)#0' 3-max (real money) Seat #2 is the button
Seat 1: _SKR (290)
Seat 2: Faboulous54 (610)
*** ANTE/BLINDS ***
Faboulous54 posts small blind 10
_SKR posts big blind 20
Dealt to _SKR [Ks 7s]
*** PRE-FLOP *** 
Faboulous54 raises 590 to 610 and is all-in
_SKR folds
Faboulous54 collected 630 from pot
*** SUMMARY ***
Total pot 630 | No rake
Seat 2: Faboulous54 (small blind) (button) won 630


Winamax Poker - Tournament "Expresso Nitro" buyIn: 0.93€ + 0.07€ level: 1 - HandId: #2730598545890476033-3-1676987866 - Holdem no limit (10/20) - 2023/02/21 13:57:46 UTC
Table: 'Expresso Nitro(635767017)#0' 3-max (real money) Seat #1 is the button
Seat 1: _SKR (270)
Seat 2: Faboulous54 (630)
*** ANTE/BLINDS ***
_SKR posts small blind 10
Faboulous54 posts big blind 20
Dealt to _SKR [Ks 3h]
*** PRE-FLOP *** 
_SKR calls 10
Faboulous54 raises 40 to 60
_SKR folds
Faboulous54 collected 80 from pot
*** SUMMARY ***
Total pot 80 | No rake
Seat 2: Faboulous54 (big blind) won 80


Winamax Poker - Tournament "Expresso Nitro" buyIn: 0.93€ + 0.07€ level: 1 - HandId: #2730598545890476033-4-1676987879 - Holdem no limit (10/20) - 2023/02/21 13:57:59 UTC
Table: 'Expresso Nitro(635767017)#0' 3-max (real money) Seat #2 is the button
Seat 1: _SKR (250)
Seat 2: Faboulous54 (650)
*** ANTE/BLINDS ***
Faboulous54 posts small blind 10
_SKR posts big blind 20
Dealt to _SKR [As 6s]
*** PRE-FLOP *** 
Faboulous54 raises 630 to 650 and is all-in
_SKR calls 230 and is all-in
*** FLOP *** [2s Qd 6h]
*** TURN *** [2s Qd 6h][3c]
*** RIVER *** [2s Qd 6h 3c][2h]
*** SHOW DOWN ***
_SKR shows [As 6s] (Two pairs : 6 and 2)
Faboulous54 shows [Kc 3s] (Two pairs : 3 and 2)
Faboulous54 collected 400 from side pot 1
_SKR collected 500 from main pot
*** SUMMARY ***
Total pot 900 | No rake
Board: [2s Qd 6h 3c 2h]
Seat 1: _SKR (big blind) showed [As 6s] and won 500 with Two pairs : 6 and 2
Seat 2: Faboulous54 (small blind) (button) showed [Kc 3s] and won 400 with Two pairs : 3 and 2


Winamax Poker - Tournament "Expresso Nitro" buyIn: 0.93€ + 0.07€ level: 2 - HandId: #2730598545890476033-5-1676987895 - Holdem no limit (15/30) - 2023/02/21 13:58:15 UTC
Table: 'Expresso Nitro(635767017)#0' 3-max (real money) Seat #1 is the button
Seat 1: _SKR (500)
Seat 2: Faboulous54 (400)
*** ANTE/BLINDS ***
_SKR posts small blind 15
Faboulous54 posts big blind 30
Dealt to _SKR [Qh 5d]
*** PRE-FLOP *** 
_SKR folds
Faboulous54 collected 45 from pot
*** SUMMARY ***
Total pot 45 | No rake
Seat 2: Faboulous54 (big blind) won 45


Winamax Poker - Tournament "Expresso Nitro" buyIn: 0.93€ + 0.07€ level: 2 - HandId: #2730598545890476033-6-1676987899 - Holdem no limit (15/30) - 2023/02/21 13:58:19 UTC
Table: 'Expresso Nitro(635767017)#0' 3-max (real money) Seat #2 is the button
Seat 1: _SKR (485)
Seat 2: Faboulous54 (415)
*** ANTE/BLINDS ***
Faboulous54 posts small blind 15
_SKR posts big blind 30
Dealt to _SKR [6s 2h]
*** PRE-FLOP *** 
Faboulous54 folds
_SKR collected 45 from pot
*** SUMMARY ***
Total pot 45 | No rake
Seat 1: _SKR (big blind) won 45


Winamax Poker - Tournament "Expresso Nitro" buyIn: 0.93€ + 0.07€ level: 2 - HandId: #2730598545890476033-7-1676987903 - Holdem no limit (15/30) - 2023/02/21 13:58:23 UTC
Table: 'Expresso Nitro(635767017)#0' 3-max (real money) Seat #1 is the button
Seat 1: _SKR (500)
Seat 2: Faboulous54 (400)
*** ANTE/BLINDS ***
_SKR posts small blind 15
Faboulous54 posts big blind 30
Dealt to _SKR [8c Ac]
*** PRE-FLOP *** 
_SKR raises 470 to 500 and is all-in
Faboulous54 folds
_SKR collected 530 from pot
*** SUMMARY ***
Total pot 530 | No rake
Seat 1: _SKR (small blind) (button) won 530


Winamax Poker - Tournament "Expresso Nitro" buyIn: 0.93€ + 0.07€ level: 2 - HandId: #2730598545890476033-8-1676987908 - Holdem no limit (15/30) - 2023/02/21 13:58:28 UTC
Table: 'Expresso Nitro(635767017)#0' 3-max (real money) Seat #2 is the button
Seat 1: _SKR (530)
Seat 2: Faboulous54 (370)
*** ANTE/BLINDS ***
Faboulous54 posts small blind 15
_SKR posts big blind 30
Dealt to _SKR [8s 5h]
*** PRE-FLOP *** 
Faboulous54 raises 60 to 90
_SKR folds
Faboulous54 collected 120 from pot
*** SUMMARY ***
Total pot 120 | No rake
Seat 2: Faboulous54 (small blind) (button) won 120


Winamax Poker - Tournament "Expresso Nitro" buyIn: 0.93€ + 0.07€ level: 2 - HandId: #2730598545890476033-9-1676987915 - Holdem no limit (15/30) - 2023/02/21 13:58:35 UTC
Table: 'Expresso Nitro(635767017)#0' 3-max (real money) Seat #1 is the button
Seat 1: _SKR (500)
Seat 2: Faboulous54 (400)
*** ANTE/BLINDS ***
_SKR posts small blind 15
Faboulous54 posts big blind 30
Dealt to _SKR [6s Kd]
*** PRE-FLOP *** 
_SKR raises 470 to 500 and is all-in
Faboulous54 calls 370 and is all-in
*** FLOP *** [Js Qc Qh]
*** TURN *** [Js Qc Qh][As]
*** RIVER *** [Js Qc Qh As][3s]
*** SHOW DOWN ***
_SKR shows [6s Kd] (One pair : Queens)
Faboulous54 shows [7c Ac] (Two pairs : Aces and Queens)
Faboulous54 collected 800 from main pot
_SKR collected 100 from side pot 1
*** SUMMARY ***
Total pot 900 | No rake
Board: [Js Qc Qh As 3s]
Seat 1: _SKR (small blind) (button) showed [6s Kd] and won 100 with One pair : Queens
Seat 2: Faboulous54 (big blind) showed [7c Ac] and won 800 with Two pairs : Aces and Queens


Winamax Poker - Tournament "Expresso Nitro" buyIn: 0.93€ + 0.07€ level: 2 - HandId: #2730598545890476033-10-1676987930 - Holdem no limit (15/30) - 2023/02/21 13:58:50 UTC
Table: 'Expresso Nitro(635767017)#0' 3-max (real money) Seat #2 is the button
Seat 1: _SKR (100)
Seat 2: Faboulous54 (800)
*** ANTE/BLINDS ***
Faboulous54 posts small blind 15
_SKR posts big blind 30
Dealt to _SKR [7h 2c]
*** PRE-FLOP *** 
Faboulous54 raises 30 to 60
_SKR raises 40 to 100 and is all-in
Faboulous54 calls 40
*** FLOP *** [3h 8h Tc]
*** TURN *** [3h 8h Tc][Qs]
*** RIVER *** [3h 8h Tc Qs][Ts]
*** SHOW DOWN ***
_SKR shows [7h 2c] (One pair : Tens)
Faboulous54 shows [9c 5s] (One pair : Tens)
Faboulous54 collected 200 from pot
*** SUMMARY ***
Total pot 200 | No rake
Board: [3h 8h Tc Qs Ts]
Seat 1: _SKR (big blind) showed [7h 2c] and lost with One pair : Tens
Seat 2: Faboulous54 (small blind) (button) showed [9c 5s] and won 200 with One pair : Tens


