Winamax Poker - Tournament "Expresso Nitro" buyIn: 0.93€ + 0.07€ level: 1 - HandId: #2717915138098200577-1-1676239789 - Holdem no limit (10/20) - 2023/02/12 22:09:49 UTC
Table: 'Expresso Nitro(632813931)#0' 3-max (real money) Seat #2 is the button
Seat 1: AKON3124 (300)
Seat 2: Vivaespana91 (300)
Seat 3: _SKR (300)
*** ANTE/BLINDS ***
_SKR posts small blind 10
AKON3124 posts big blind 20
Dealt to _SKR [6d Qh]
*** PRE-FLOP *** 
Vivaespana91 raises 280 to 300 and is all-in
_SKR folds
AKON3124 calls 280 and is all-in
*** FLOP *** [4s 2d Ks]
*** TURN *** [4s 2d Ks][Jd]
*** RIVER *** [4s 2d Ks Jd][2s]
*** SHOW DOWN ***
AKON3124 shows [8c 5d] (One pair : 2)
Vivaespana91 shows [Kc Ac] (Two pairs : Kings and 2)
Vivaespana91 collected 610 from pot
*** SUMMARY ***
Total pot 610 | No rake
Board: [4s 2d Ks Jd 2s]
Seat 1: AKON3124 (big blind) showed [8c 5d] and lost with One pair : 2
Seat 2: Vivaespana91 (button) showed [Kc Ac] and won 610 with Two pairs : Kings and 2


Winamax Poker - Tournament "Expresso Nitro" buyIn: 0.93€ + 0.07€ level: 1 - HandId: #2717915138098200577-2-1676239804 - Holdem no limit (10/20) - 2023/02/12 22:10:04 UTC
Table: 'Expresso Nitro(632813931)#0' 3-max (real money) Seat #2 is the button
Seat 2: Vivaespana91 (610)
Seat 3: _SKR (290)
*** ANTE/BLINDS ***
Vivaespana91 posts small blind 10
_SKR posts big blind 20
Dealt to _SKR [4d 6h]
*** PRE-FLOP *** 
Vivaespana91 folds
_SKR collected 30 from pot
*** SUMMARY ***
Total pot 30 | No rake
Seat 3: _SKR (big blind) won 30


Winamax Poker - Tournament "Expresso Nitro" buyIn: 0.93€ + 0.07€ level: 1 - HandId: #2717915138098200577-3-1676239809 - Holdem no limit (10/20) - 2023/02/12 22:10:09 UTC
Table: 'Expresso Nitro(632813931)#0' 3-max (real money) Seat #3 is the button
Seat 2: Vivaespana91 (600)
Seat 3: _SKR (300)
*** ANTE/BLINDS ***
_SKR posts small blind 10
Vivaespana91 posts big blind 20
Dealt to _SKR [Tc Jh]
*** PRE-FLOP *** 
_SKR raises 20 to 40
Vivaespana91 calls 20
*** FLOP *** [Ac Qs 6c]
Vivaespana91 checks
_SKR checks
*** TURN *** [Ac Qs 6c][6d]
Vivaespana91 checks
_SKR checks
*** RIVER *** [Ac Qs 6c 6d][7s]
Vivaespana91 checks
_SKR checks
*** SHOW DOWN ***
Vivaespana91 shows [9s 4s] (One pair : 6)
_SKR shows [Tc Jh] (One pair : 6)
_SKR collected 80 from pot
*** SUMMARY ***
Total pot 80 | No rake
Board: [Ac Qs 6c 6d 7s]
Seat 2: Vivaespana91 (big blind) showed [9s 4s] and lost with One pair : 6
Seat 3: _SKR (small blind) (button) showed [Tc Jh] and won 80 with One pair : 6


Winamax Poker - Tournament "Expresso Nitro" buyIn: 0.93€ + 0.07€ level: 1 - HandId: #2717915138098200577-4-1676239833 - Holdem no limit (10/20) - 2023/02/12 22:10:33 UTC
Table: 'Expresso Nitro(632813931)#0' 3-max (real money) Seat #2 is the button
Seat 2: Vivaespana91 (560)
Seat 3: _SKR (340)
*** ANTE/BLINDS ***
Vivaespana91 posts small blind 10
_SKR posts big blind 20
Dealt to _SKR [7h Ad]
*** PRE-FLOP *** 
Vivaespana91 folds
_SKR collected 30 from pot
*** SUMMARY ***
Total pot 30 | No rake
Seat 3: _SKR (big blind) won 30


Winamax Poker - Tournament "Expresso Nitro" buyIn: 0.93€ + 0.07€ level: 1 - HandId: #2717915138098200577-5-1676239837 - Holdem no limit (10/20) - 2023/02/12 22:10:37 UTC
Table: 'Expresso Nitro(632813931)#0' 3-max (real money) Seat #3 is the button
Seat 2: Vivaespana91 (550)
Seat 3: _SKR (350)
*** ANTE/BLINDS ***
_SKR posts small blind 10
Vivaespana91 posts big blind 20
Dealt to _SKR [3d 6d]
*** PRE-FLOP *** 
_SKR folds
Vivaespana91 collected 30 from pot
*** SUMMARY ***
Total pot 30 | No rake
Seat 2: Vivaespana91 (big blind) won 30


Winamax Poker - Tournament "Expresso Nitro" buyIn: 0.93€ + 0.07€ level: 1 - HandId: #2717915138098200577-6-1676239841 - Holdem no limit (10/20) - 2023/02/12 22:10:41 UTC
Table: 'Expresso Nitro(632813931)#0' 3-max (real money) Seat #2 is the button
Seat 2: Vivaespana91 (560)
Seat 3: _SKR (340)
*** ANTE/BLINDS ***
Vivaespana91 posts small blind 10
_SKR posts big blind 20
Dealt to _SKR [6d Kc]
*** PRE-FLOP *** 
Vivaespana91 folds
_SKR collected 30 from pot
*** SUMMARY ***
Total pot 30 | No rake
Seat 3: _SKR (big blind) won 30


Winamax Poker - Tournament "Expresso Nitro" buyIn: 0.93€ + 0.07€ level: 2 - HandId: #2717915138098200577-7-1676239844 - Holdem no limit (15/30) - 2023/02/12 22:10:44 UTC
Table: 'Expresso Nitro(632813931)#0' 3-max (real money) Seat #3 is the button
Seat 2: Vivaespana91 (550)
Seat 3: _SKR (350)
*** ANTE/BLINDS ***
_SKR posts small blind 15
Vivaespana91 posts big blind 30
Dealt to _SKR [4h 8h]
*** PRE-FLOP *** 
_SKR folds
Vivaespana91 collected 45 from pot
*** SUMMARY ***
Total pot 45 | No rake
Seat 2: Vivaespana91 (big blind) won 45


Winamax Poker - Tournament "Expresso Nitro" buyIn: 0.93€ + 0.07€ level: 2 - HandId: #2717915138098200577-8-1676239857 - Holdem no limit (15/30) - 2023/02/12 22:10:57 UTC
Table: 'Expresso Nitro(632813931)#0' 3-max (real money) Seat #2 is the button
Seat 2: Vivaespana91 (565)
Seat 3: _SKR (335)
*** ANTE/BLINDS ***
Vivaespana91 posts small blind 15
_SKR posts big blind 30
Dealt to _SKR [Td Kd]
*** PRE-FLOP *** 
Vivaespana91 folds
_SKR collected 45 from pot
*** SUMMARY ***
Total pot 45 | No rake
Seat 3: _SKR (big blind) won 45


Winamax Poker - Tournament "Expresso Nitro" buyIn: 0.93€ + 0.07€ level: 2 - HandId: #2717915138098200577-9-1676239861 - Holdem no limit (15/30) - 2023/02/12 22:11:01 UTC
Table: 'Expresso Nitro(632813931)#0' 3-max (real money) Seat #3 is the button
Seat 2: Vivaespana91 (550)
Seat 3: _SKR (350)
*** ANTE/BLINDS ***
_SKR posts small blind 15
Vivaespana91 posts big blind 30
Dealt to _SKR [5h As]
*** PRE-FLOP *** 
_SKR raises 320 to 350 and is all-in
Vivaespana91 folds
_SKR collected 380 from pot
*** SUMMARY ***
Total pot 380 | No rake
Seat 3: _SKR (small blind) (button) won 380


Winamax Poker - Tournament "Expresso Nitro" buyIn: 0.93€ + 0.07€ level: 2 - HandId: #2717915138098200577-10-1676239871 - Holdem no limit (15/30) - 2023/02/12 22:11:11 UTC
Table: 'Expresso Nitro(632813931)#0' 3-max (real money) Seat #2 is the button
Seat 2: Vivaespana91 (520)
Seat 3: _SKR (380)
*** ANTE/BLINDS ***
Vivaespana91 posts small blind 15
_SKR posts big blind 30
Dealt to _SKR [8c 8h]
*** PRE-FLOP *** 
Vivaespana91 folds
_SKR collected 45 from pot
*** SUMMARY ***
Total pot 45 | No rake
Seat 3: _SKR (big blind) won 45


Winamax Poker - Tournament "Expresso Nitro" buyIn: 0.93€ + 0.07€ level: 2 - HandId: #2717915138098200577-11-1676239874 - Holdem no limit (15/30) - 2023/02/12 22:11:14 UTC
Table: 'Expresso Nitro(632813931)#0' 3-max (real money) Seat #3 is the button
Seat 2: Vivaespana91 (505)
Seat 3: _SKR (395)
*** ANTE/BLINDS ***
_SKR posts small blind 15
Vivaespana91 posts big blind 30
Dealt to _SKR [9c 6c]
*** PRE-FLOP *** 
_SKR folds
Vivaespana91 collected 45 from pot
*** SUMMARY ***
Total pot 45 | No rake
Seat 2: Vivaespana91 (big blind) won 45


Winamax Poker - Tournament "Expresso Nitro" buyIn: 0.93€ + 0.07€ level: 2 - HandId: #2717915138098200577-12-1676239878 - Holdem no limit (15/30) - 2023/02/12 22:11:18 UTC
Table: 'Expresso Nitro(632813931)#0' 3-max (real money) Seat #2 is the button
Seat 2: Vivaespana91 (520)
Seat 3: _SKR (380)
*** ANTE/BLINDS ***
Vivaespana91 posts small blind 15
_SKR posts big blind 30
Dealt to _SKR [5h 9d]
*** PRE-FLOP *** 
Vivaespana91 folds
_SKR collected 45 from pot
*** SUMMARY ***
Total pot 45 | No rake
Seat 3: _SKR (big blind) won 45


Winamax Poker - Tournament "Expresso Nitro" buyIn: 0.93€ + 0.07€ level: 2 - HandId: #2717915138098200577-13-1676239882 - Holdem no limit (15/30) - 2023/02/12 22:11:22 UTC
Table: 'Expresso Nitro(632813931)#0' 3-max (real money) Seat #3 is the button
Seat 2: Vivaespana91 (505)
Seat 3: _SKR (395)
*** ANTE/BLINDS ***
_SKR posts small blind 15
Vivaespana91 posts big blind 30
Dealt to _SKR [9d 9s]
*** PRE-FLOP *** 
_SKR raises 365 to 395 and is all-in
Vivaespana91 folds
_SKR collected 425 from pot
*** SUMMARY ***
Total pot 425 | No rake
Seat 3: _SKR (small blind) (button) won 425


Winamax Poker - Tournament "Expresso Nitro" buyIn: 0.93€ + 0.07€ level: 2 - HandId: #2717915138098200577-14-1676239887 - Holdem no limit (15/30) - 2023/02/12 22:11:27 UTC
Table: 'Expresso Nitro(632813931)#0' 3-max (real money) Seat #2 is the button
Seat 2: Vivaespana91 (475)
Seat 3: _SKR (425)
*** ANTE/BLINDS ***
Vivaespana91 posts small blind 15
_SKR posts big blind 30
Dealt to _SKR [3s 4h]
*** PRE-FLOP *** 
Vivaespana91 folds
_SKR collected 45 from pot
*** SUMMARY ***
Total pot 45 | No rake
Seat 3: _SKR (big blind) won 45


Winamax Poker - Tournament "Expresso Nitro" buyIn: 0.93€ + 0.07€ level: 2 - HandId: #2717915138098200577-15-1676239891 - Holdem no limit (15/30) - 2023/02/12 22:11:31 UTC
Table: 'Expresso Nitro(632813931)#0' 3-max (real money) Seat #3 is the button
Seat 2: Vivaespana91 (460)
Seat 3: _SKR (440)
*** ANTE/BLINDS ***
_SKR posts small blind 15
Vivaespana91 posts big blind 30
Dealt to _SKR [8d Jd]
*** PRE-FLOP *** 
_SKR raises 30 to 60
Vivaespana91 folds
_SKR collected 90 from pot
*** SUMMARY ***
Total pot 90 | No rake
Seat 3: _SKR (small blind) (button) won 90


Winamax Poker - Tournament "Expresso Nitro" buyIn: 0.93€ + 0.07€ level: 2 - HandId: #2717915138098200577-16-1676239901 - Holdem no limit (15/30) - 2023/02/12 22:11:41 UTC
Table: 'Expresso Nitro(632813931)#0' 3-max (real money) Seat #2 is the button
Seat 2: Vivaespana91 (430)
Seat 3: _SKR (470)
*** ANTE/BLINDS ***
Vivaespana91 posts small blind 15
_SKR posts big blind 30
Dealt to _SKR [Ac 6c]
*** PRE-FLOP *** 
Vivaespana91 folds
_SKR collected 45 from pot
*** SUMMARY ***
Total pot 45 | No rake
Seat 3: _SKR (big blind) won 45


Winamax Poker - Tournament "Expresso Nitro" buyIn: 0.93€ + 0.07€ level: 3 - HandId: #2717915138098200577-17-1676239905 - Holdem no limit (20/40) - 2023/02/12 22:11:45 UTC
Table: 'Expresso Nitro(632813931)#0' 3-max (real money) Seat #3 is the button
Seat 2: Vivaespana91 (415)
Seat 3: _SKR (485)
*** ANTE/BLINDS ***
_SKR posts small blind 20
Vivaespana91 posts big blind 40
Dealt to _SKR [Jh Ks]
*** PRE-FLOP *** 
_SKR raises 445 to 485 and is all-in
Vivaespana91 folds
_SKR collected 525 from pot
*** SUMMARY ***
Total pot 525 | No rake
Seat 3: _SKR (small blind) (button) won 525


Winamax Poker - Tournament "Expresso Nitro" buyIn: 0.93€ + 0.07€ level: 3 - HandId: #2717915138098200577-18-1676239909 - Holdem no limit (20/40) - 2023/02/12 22:11:49 UTC
Table: 'Expresso Nitro(632813931)#0' 3-max (real money) Seat #2 is the button
Seat 2: Vivaespana91 (375)
Seat 3: _SKR (525)
*** ANTE/BLINDS ***
Vivaespana91 posts small blind 20
_SKR posts big blind 40
Dealt to _SKR [Tc 7h]
*** PRE-FLOP *** 
Vivaespana91 folds
_SKR collected 60 from pot
*** SUMMARY ***
Total pot 60 | No rake
Seat 3: _SKR (big blind) won 60


Winamax Poker - Tournament "Expresso Nitro" buyIn: 0.93€ + 0.07€ level: 3 - HandId: #2717915138098200577-19-1676239913 - Holdem no limit (20/40) - 2023/02/12 22:11:53 UTC
Table: 'Expresso Nitro(632813931)#0' 3-max (real money) Seat #3 is the button
Seat 2: Vivaespana91 (355)
Seat 3: _SKR (545)
*** ANTE/BLINDS ***
_SKR posts small blind 20
Vivaespana91 posts big blind 40
Dealt to _SKR [4h 5d]
*** PRE-FLOP *** 
_SKR folds
Vivaespana91 collected 60 from pot
*** SUMMARY ***
Total pot 60 | No rake
Seat 2: Vivaespana91 (big blind) won 60


Winamax Poker - Tournament "Expresso Nitro" buyIn: 0.93€ + 0.07€ level: 3 - HandId: #2717915138098200577-20-1676239918 - Holdem no limit (20/40) - 2023/02/12 22:11:58 UTC
Table: 'Expresso Nitro(632813931)#0' 3-max (real money) Seat #2 is the button
Seat 2: Vivaespana91 (375)
Seat 3: _SKR (525)
*** ANTE/BLINDS ***
Vivaespana91 posts small blind 20
_SKR posts big blind 40
Dealt to _SKR [7h Qh]
*** PRE-FLOP *** 
Vivaespana91 raises 40 to 80
_SKR calls 40
*** FLOP *** [Kh Kd 2s]
_SKR checks
Vivaespana91 bets 295 and is all-in
_SKR folds
Vivaespana91 collected 455 from pot
*** SUMMARY ***
Total pot 455 | No rake
Board: [Kh Kd 2s]
Seat 2: Vivaespana91 (small blind) (button) won 455


Winamax Poker - Tournament "Expresso Nitro" buyIn: 0.93€ + 0.07€ level: 3 - HandId: #2717915138098200577-21-1676239930 - Holdem no limit (20/40) - 2023/02/12 22:12:10 UTC
Table: 'Expresso Nitro(632813931)#0' 3-max (real money) Seat #3 is the button
Seat 2: Vivaespana91 (455)
Seat 3: _SKR (445)
*** ANTE/BLINDS ***
_SKR posts small blind 20
Vivaespana91 posts big blind 40
Dealt to _SKR [5c 6s]
*** PRE-FLOP *** 
_SKR folds
Vivaespana91 collected 60 from pot
*** SUMMARY ***
Total pot 60 | No rake
Seat 2: Vivaespana91 (big blind) won 60


Winamax Poker - Tournament "Expresso Nitro" buyIn: 0.93€ + 0.07€ level: 3 - HandId: #2717915138098200577-22-1676239936 - Holdem no limit (20/40) - 2023/02/12 22:12:16 UTC
Table: 'Expresso Nitro(632813931)#0' 3-max (real money) Seat #2 is the button
Seat 2: Vivaespana91 (475)
Seat 3: _SKR (425)
*** ANTE/BLINDS ***
Vivaespana91 posts small blind 20
_SKR posts big blind 40
Dealt to _SKR [5c 4d]
*** PRE-FLOP *** 
Vivaespana91 raises 40 to 80
_SKR folds
Vivaespana91 collected 120 from pot
*** SUMMARY ***
Total pot 120 | No rake
Seat 2: Vivaespana91 (small blind) (button) won 120


Winamax Poker - Tournament "Expresso Nitro" buyIn: 0.93€ + 0.07€ level: 3 - HandId: #2717915138098200577-23-1676239947 - Holdem no limit (20/40) - 2023/02/12 22:12:27 UTC
Table: 'Expresso Nitro(632813931)#0' 3-max (real money) Seat #3 is the button
Seat 2: Vivaespana91 (515)
Seat 3: _SKR (385)
*** ANTE/BLINDS ***
_SKR posts small blind 20
Vivaespana91 posts big blind 40
Dealt to _SKR [3c 9d]
*** PRE-FLOP *** 
_SKR folds
Vivaespana91 collected 60 from pot
*** SUMMARY ***
Total pot 60 | No rake
Seat 2: Vivaespana91 (big blind) won 60


Winamax Poker - Tournament "Expresso Nitro" buyIn: 0.93€ + 0.07€ level: 3 - HandId: #2717915138098200577-24-1676239955 - Holdem no limit (20/40) - 2023/02/12 22:12:35 UTC
Table: 'Expresso Nitro(632813931)#0' 3-max (real money) Seat #2 is the button
Seat 2: Vivaespana91 (535)
Seat 3: _SKR (365)
*** ANTE/BLINDS ***
Vivaespana91 posts small blind 20
_SKR posts big blind 40
Dealt to _SKR [9c Th]
*** PRE-FLOP *** 
Vivaespana91 raises 495 to 535 and is all-in
_SKR folds
Vivaespana91 collected 575 from pot
*** SUMMARY ***
Total pot 575 | No rake
Seat 2: Vivaespana91 (small blind) (button) won 575


Winamax Poker - Tournament "Expresso Nitro" buyIn: 0.93€ + 0.07€ level: 3 - HandId: #2717915138098200577-25-1676239962 - Holdem no limit (20/40) - 2023/02/12 22:12:42 UTC
Table: 'Expresso Nitro(632813931)#0' 3-max (real money) Seat #3 is the button
Seat 2: Vivaespana91 (575)
Seat 3: _SKR (325)
*** ANTE/BLINDS ***
_SKR posts small blind 20
Vivaespana91 posts big blind 40
Dealt to _SKR [7s 4h]
*** PRE-FLOP *** 
_SKR folds
Vivaespana91 collected 60 from pot
*** SUMMARY ***
Total pot 60 | No rake
Seat 2: Vivaespana91 (big blind) won 60


Winamax Poker - Tournament "Expresso Nitro" buyIn: 0.93€ + 0.07€ level: 4 - HandId: #2717915138098200577-26-1676239966 - Holdem no limit (30/60) - 2023/02/12 22:12:46 UTC
Table: 'Expresso Nitro(632813931)#0' 3-max (real money) Seat #2 is the button
Seat 2: Vivaespana91 (595)
Seat 3: _SKR (305)
*** ANTE/BLINDS ***
Vivaespana91 posts small blind 30
_SKR posts big blind 60
Dealt to _SKR [2d Jc]
*** PRE-FLOP *** 
Vivaespana91 raises 60 to 120
_SKR folds
Vivaespana91 collected 180 from pot
*** SUMMARY ***
Total pot 180 | No rake
Seat 2: Vivaespana91 (small blind) (button) won 180


Winamax Poker - Tournament "Expresso Nitro" buyIn: 0.93€ + 0.07€ level: 4 - HandId: #2717915138098200577-27-1676239973 - Holdem no limit (30/60) - 2023/02/12 22:12:53 UTC
Table: 'Expresso Nitro(632813931)#0' 3-max (real money) Seat #3 is the button
Seat 2: Vivaespana91 (655)
Seat 3: _SKR (245)
*** ANTE/BLINDS ***
_SKR posts small blind 30
Vivaespana91 posts big blind 60
Dealt to _SKR [8c 4d]
*** PRE-FLOP *** 
_SKR folds
Vivaespana91 collected 90 from pot
*** SUMMARY ***
Total pot 90 | No rake
Seat 2: Vivaespana91 (big blind) won 90


Winamax Poker - Tournament "Expresso Nitro" buyIn: 0.93€ + 0.07€ level: 4 - HandId: #2717915138098200577-28-1676239976 - Holdem no limit (30/60) - 2023/02/12 22:12:56 UTC
Table: 'Expresso Nitro(632813931)#0' 3-max (real money) Seat #2 is the button
Seat 2: Vivaespana91 (685)
Seat 3: _SKR (215)
*** ANTE/BLINDS ***
Vivaespana91 posts small blind 30
_SKR posts big blind 60
Dealt to _SKR [8s 3s]
*** PRE-FLOP *** 
Vivaespana91 raises 625 to 685 and is all-in
_SKR folds
Vivaespana91 collected 745 from pot
*** SUMMARY ***
Total pot 745 | No rake
Seat 2: Vivaespana91 (small blind) (button) won 745


Winamax Poker - Tournament "Expresso Nitro" buyIn: 0.93€ + 0.07€ level: 4 - HandId: #2717915138098200577-29-1676239981 - Holdem no limit (30/60) - 2023/02/12 22:13:01 UTC
Table: 'Expresso Nitro(632813931)#0' 3-max (real money) Seat #3 is the button
Seat 2: Vivaespana91 (745)
Seat 3: _SKR (155)
*** ANTE/BLINDS ***
_SKR posts small blind 30
Vivaespana91 posts big blind 60
Dealt to _SKR [2s Tc]
*** PRE-FLOP *** 
_SKR folds
Vivaespana91 collected 90 from pot
*** SUMMARY ***
Total pot 90 | No rake
Seat 2: Vivaespana91 (big blind) won 90


Winamax Poker - Tournament "Expresso Nitro" buyIn: 0.93€ + 0.07€ level: 4 - HandId: #2717915138098200577-30-1676239984 - Holdem no limit (30/60) - 2023/02/12 22:13:04 UTC
Table: 'Expresso Nitro(632813931)#0' 3-max (real money) Seat #2 is the button
Seat 2: Vivaespana91 (775)
Seat 3: _SKR (125)
*** ANTE/BLINDS ***
Vivaespana91 posts small blind 30
_SKR posts big blind 60
Dealt to _SKR [7s 4h]
*** PRE-FLOP *** 
Vivaespana91 raises 715 to 775 and is all-in
_SKR calls 65 and is all-in
*** FLOP *** [8c 8s Ts]
*** TURN *** [8c 8s Ts][6h]
*** RIVER *** [8c 8s Ts 6h][7d]
*** SHOW DOWN ***
Vivaespana91 shows [3c Qs] (One pair : 8)
_SKR shows [7s 4h] (Two pairs : 8 and 7)
_SKR collected 250 from main pot
Vivaespana91 collected 650 from side pot 1
*** SUMMARY ***
Total pot 900 | No rake
Board: [8c 8s Ts 6h 7d]
Seat 2: Vivaespana91 (small blind) (button) showed [3c Qs] and won 650 with One pair : 8
Seat 3: _SKR (big blind) showed [7s 4h] and won 250 with Two pairs : 8 and 7


Winamax Poker - Tournament "Expresso Nitro" buyIn: 0.93€ + 0.07€ level: 4 - HandId: #2717915138098200577-31-1676239996 - Holdem no limit (30/60) - 2023/02/12 22:13:16 UTC
Table: 'Expresso Nitro(632813931)#0' 3-max (real money) Seat #3 is the button
Seat 2: Vivaespana91 (650)
Seat 3: _SKR (250)
*** ANTE/BLINDS ***
_SKR posts small blind 30
Vivaespana91 posts big blind 60
Dealt to _SKR [3d Kc]
*** PRE-FLOP *** 
_SKR raises 190 to 250 and is all-in
Vivaespana91 raises 400 to 650 and is all-in
*** FLOP *** [7c 6d 4c]
*** TURN *** [7c 6d 4c][As]
*** RIVER *** [7c 6d 4c As][2h]
*** SHOW DOWN ***
_SKR shows [3d Kc] (High card : Ace)
Vivaespana91 shows [9c 9d] (One pair : 9)
Vivaespana91 collected 900 from pot
*** SUMMARY ***
Total pot 900 | No rake
Board: [7c 6d 4c As 2h]
Seat 2: Vivaespana91 (big blind) showed [9c 9d] and won 900 with One pair : 9
Seat 3: _SKR (small blind) (button) showed [3d Kc] and lost with High card : Ace


