Winamax Poker - Tournament "Expresso Nitro" buyIn: 1.86€ + 0.14€ level: 1 - HandId: #2696938268716433409-1-1675104146 - Holdem no limit (10/20) - 2023/01/30 18:42:26 UTC
Table: 'Expresso Nitro(627929873)#0' 3-max (real money) Seat #1 is the button
Seat 1: totoyeu (300)
Seat 2: KB-35 (300)
Seat 3: _SKR (300)
*** ANTE/BLINDS ***
KB-35 posts small blind 10
_SKR posts big blind 20
Dealt to _SKR [3d 9h]
*** PRE-FLOP *** 
totoyeu folds
KB-35 raises 20 to 40
_SKR folds
KB-35 collected 60 from pot
*** SUMMARY ***
Total pot 60 | No rake
Seat 2: KB-35 (small blind) won 60


Winamax Poker - Tournament "Expresso Nitro" buyIn: 1.86€ + 0.14€ level: 1 - HandId: #2696938268716433409-2-1675104158 - Holdem no limit (10/20) - 2023/01/30 18:42:38 UTC
Table: 'Expresso Nitro(627929873)#0' 3-max (real money) Seat #2 is the button
Seat 1: totoyeu (300)
Seat 2: KB-35 (320)
Seat 3: _SKR (280)
*** ANTE/BLINDS ***
_SKR posts small blind 10
totoyeu posts big blind 20
Dealt to _SKR [Kc 6h]
*** PRE-FLOP *** 
KB-35 raises 20 to 40
_SKR folds
totoyeu raises 260 to 300 and is all-in
KB-35 calls 260
*** FLOP *** [Qc 7d 4c]
*** TURN *** [Qc 7d 4c][Td]
*** RIVER *** [Qc 7d 4c Td][Ac]
*** SHOW DOWN ***
totoyeu shows [As 4s] (Two pairs : Aces and 4)
KB-35 shows [Qd Qh] (Trips of Queens)
KB-35 collected 610 from pot
*** SUMMARY ***
Total pot 610 | No rake
Board: [Qc 7d 4c Td Ac]
Seat 1: totoyeu (big blind) showed [As 4s] and lost with Two pairs : Aces and 4
Seat 2: KB-35 (button) showed [Qd Qh] and won 610 with Trips of Queens


Winamax Poker - Tournament "Expresso Nitro" buyIn: 1.86€ + 0.14€ level: 1 - HandId: #2696938268716433409-3-1675104179 - Holdem no limit (10/20) - 2023/01/30 18:42:59 UTC
Table: 'Expresso Nitro(627929873)#0' 3-max (real money) Seat #2 is the button
Seat 2: KB-35 (630)
Seat 3: _SKR (270)
*** ANTE/BLINDS ***
KB-35 posts small blind 10
_SKR posts big blind 20
Dealt to _SKR [4c 3h]
*** PRE-FLOP *** 
KB-35 raises 20 to 40
_SKR folds
KB-35 collected 60 from pot
*** SUMMARY ***
Total pot 60 | No rake
Seat 2: KB-35 (small blind) (button) won 60


Winamax Poker - Tournament "Expresso Nitro" buyIn: 1.86€ + 0.14€ level: 1 - HandId: #2696938268716433409-4-1675104186 - Holdem no limit (10/20) - 2023/01/30 18:43:06 UTC
Table: 'Expresso Nitro(627929873)#0' 3-max (real money) Seat #3 is the button
Seat 2: KB-35 (650)
Seat 3: _SKR (250)
*** ANTE/BLINDS ***
_SKR posts small blind 10
KB-35 posts big blind 20
Dealt to _SKR [3d Jh]
*** PRE-FLOP *** 
_SKR folds
KB-35 collected 30 from pot
*** SUMMARY ***
Total pot 30 | No rake
Seat 2: KB-35 (big blind) won 30


Winamax Poker - Tournament "Expresso Nitro" buyIn: 1.86€ + 0.14€ level: 1 - HandId: #2696938268716433409-5-1675104190 - Holdem no limit (10/20) - 2023/01/30 18:43:10 UTC
Table: 'Expresso Nitro(627929873)#0' 3-max (real money) Seat #2 is the button
Seat 2: KB-35 (660)
Seat 3: _SKR (240)
*** ANTE/BLINDS ***
KB-35 posts small blind 10
_SKR posts big blind 20
Dealt to _SKR [Qh 9d]
*** PRE-FLOP *** 
KB-35 calls 10
_SKR checks
*** FLOP *** [2d Js 8s]
_SKR checks
KB-35 bets 26
_SKR folds
KB-35 collected 66 from pot
*** SUMMARY ***
Total pot 66 | No rake
Board: [2d Js 8s]
Seat 2: KB-35 (small blind) (button) won 66


Winamax Poker - Tournament "Expresso Nitro" buyIn: 1.86€ + 0.14€ level: 2 - HandId: #2696938268716433409-6-1675104212 - Holdem no limit (15/30) - 2023/01/30 18:43:32 UTC
Table: 'Expresso Nitro(627929873)#0' 3-max (real money) Seat #3 is the button
Seat 2: KB-35 (680)
Seat 3: _SKR (220)
*** ANTE/BLINDS ***
_SKR posts small blind 15
KB-35 posts big blind 30
Dealt to _SKR [Ad Qh]
*** PRE-FLOP *** 
_SKR raises 190 to 220 and is all-in
KB-35 folds
_SKR collected 250 from pot
*** SUMMARY ***
Total pot 250 | No rake
Seat 3: _SKR (small blind) (button) won 250


Winamax Poker - Tournament "Expresso Nitro" buyIn: 1.86€ + 0.14€ level: 2 - HandId: #2696938268716433409-7-1675104223 - Holdem no limit (15/30) - 2023/01/30 18:43:43 UTC
Table: 'Expresso Nitro(627929873)#0' 3-max (real money) Seat #2 is the button
Seat 2: KB-35 (650)
Seat 3: _SKR (250)
*** ANTE/BLINDS ***
KB-35 posts small blind 15
_SKR posts big blind 30
Dealt to _SKR [2d Ac]
*** PRE-FLOP *** 
KB-35 raises 30 to 60
_SKR raises 190 to 250 and is all-in
KB-35 folds
_SKR collected 310 from pot
*** SUMMARY ***
Total pot 310 | No rake
Seat 3: _SKR (big blind) won 310


Winamax Poker - Tournament "Expresso Nitro" buyIn: 1.86€ + 0.14€ level: 2 - HandId: #2696938268716433409-8-1675104236 - Holdem no limit (15/30) - 2023/01/30 18:43:56 UTC
Table: 'Expresso Nitro(627929873)#0' 3-max (real money) Seat #3 is the button
Seat 2: KB-35 (590)
Seat 3: _SKR (310)
*** ANTE/BLINDS ***
_SKR posts small blind 15
KB-35 posts big blind 30
Dealt to _SKR [5h 5c]
*** PRE-FLOP *** 
_SKR raises 280 to 310 and is all-in
KB-35 folds
_SKR collected 340 from pot
*** SUMMARY ***
Total pot 340 | No rake
Seat 3: _SKR (small blind) (button) won 340


Winamax Poker - Tournament "Expresso Nitro" buyIn: 1.86€ + 0.14€ level: 2 - HandId: #2696938268716433409-9-1675104241 - Holdem no limit (15/30) - 2023/01/30 18:44:01 UTC
Table: 'Expresso Nitro(627929873)#0' 3-max (real money) Seat #2 is the button
Seat 2: KB-35 (560)
Seat 3: _SKR (340)
*** ANTE/BLINDS ***
KB-35 posts small blind 15
_SKR posts big blind 30
Dealt to _SKR [4c 6s]
*** PRE-FLOP *** 
KB-35 calls 15
_SKR checks
*** FLOP *** [Ks 7d 3s]
_SKR checks
KB-35 bets 30
_SKR folds
KB-35 collected 90 from pot
*** SUMMARY ***
Total pot 90 | No rake
Board: [Ks 7d 3s]
Seat 2: KB-35 (small blind) (button) won 90


Winamax Poker - Tournament "Expresso Nitro" buyIn: 1.86€ + 0.14€ level: 3 - HandId: #2696938268716433409-10-1675104264 - Holdem no limit (20/40) - 2023/01/30 18:44:24 UTC
Table: 'Expresso Nitro(627929873)#0' 3-max (real money) Seat #3 is the button
Seat 2: KB-35 (590)
Seat 3: _SKR (310)
*** ANTE/BLINDS ***
_SKR posts small blind 20
KB-35 posts big blind 40
Dealt to _SKR [6c 4d]
*** PRE-FLOP *** 
_SKR folds
KB-35 collected 60 from pot
*** SUMMARY ***
Total pot 60 | No rake
Seat 2: KB-35 (big blind) won 60


Winamax Poker - Tournament "Expresso Nitro" buyIn: 1.86€ + 0.14€ level: 3 - HandId: #2696938268716433409-11-1675104268 - Holdem no limit (20/40) - 2023/01/30 18:44:28 UTC
Table: 'Expresso Nitro(627929873)#0' 3-max (real money) Seat #2 is the button
Seat 2: KB-35 (610)
Seat 3: _SKR (290)
*** ANTE/BLINDS ***
KB-35 posts small blind 20
_SKR posts big blind 40
Dealt to _SKR [Ks 4h]
*** PRE-FLOP *** 
KB-35 calls 20
_SKR raises 250 to 290 and is all-in
KB-35 folds
_SKR collected 330 from pot
*** SUMMARY ***
Total pot 330 | No rake
Seat 3: _SKR (big blind) won 330


Winamax Poker - Tournament "Expresso Nitro" buyIn: 1.86€ + 0.14€ level: 3 - HandId: #2696938268716433409-12-1675104283 - Holdem no limit (20/40) - 2023/01/30 18:44:43 UTC
Table: 'Expresso Nitro(627929873)#0' 3-max (real money) Seat #3 is the button
Seat 2: KB-35 (570)
Seat 3: _SKR (330)
*** ANTE/BLINDS ***
_SKR posts small blind 20
KB-35 posts big blind 40
Dealt to _SKR [6h 3s]
*** PRE-FLOP *** 
_SKR folds
KB-35 collected 60 from pot
*** SUMMARY ***
Total pot 60 | No rake
Seat 2: KB-35 (big blind) won 60


Winamax Poker - Tournament "Expresso Nitro" buyIn: 1.86€ + 0.14€ level: 3 - HandId: #2696938268716433409-13-1675104288 - Holdem no limit (20/40) - 2023/01/30 18:44:48 UTC
Table: 'Expresso Nitro(627929873)#0' 3-max (real money) Seat #2 is the button
Seat 2: KB-35 (590)
Seat 3: _SKR (310)
*** ANTE/BLINDS ***
KB-35 posts small blind 20
_SKR posts big blind 40
Dealt to _SKR [7s 3c]
*** PRE-FLOP *** 
KB-35 raises 40 to 80
_SKR folds
KB-35 collected 120 from pot
*** SUMMARY ***
Total pot 120 | No rake
Seat 2: KB-35 (small blind) (button) won 120


Winamax Poker - Tournament "Expresso Nitro" buyIn: 1.86€ + 0.14€ level: 3 - HandId: #2696938268716433409-14-1675104299 - Holdem no limit (20/40) - 2023/01/30 18:44:59 UTC
Table: 'Expresso Nitro(627929873)#0' 3-max (real money) Seat #3 is the button
Seat 2: KB-35 (630)
Seat 3: _SKR (270)
*** ANTE/BLINDS ***
_SKR posts small blind 20
KB-35 posts big blind 40
Dealt to _SKR [Jh Ah]
*** PRE-FLOP *** 
_SKR raises 230 to 270 and is all-in
KB-35 folds
_SKR collected 310 from pot
*** SUMMARY ***
Total pot 310 | No rake
Seat 3: _SKR (small blind) (button) won 310


Winamax Poker - Tournament "Expresso Nitro" buyIn: 1.86€ + 0.14€ level: 3 - HandId: #2696938268716433409-15-1675104310 - Holdem no limit (20/40) - 2023/01/30 18:45:10 UTC
Table: 'Expresso Nitro(627929873)#0' 3-max (real money) Seat #2 is the button
Seat 2: KB-35 (590)
Seat 3: _SKR (310)
*** ANTE/BLINDS ***
KB-35 posts small blind 20
_SKR posts big blind 40
Dealt to _SKR [Ah 4s]
*** PRE-FLOP *** 
KB-35 raises 40 to 80
_SKR raises 230 to 310 and is all-in
KB-35 calls 230
*** FLOP *** [9h Kh Jd]
*** TURN *** [9h Kh Jd][3c]
*** RIVER *** [9h Kh Jd 3c][Kd]
*** SHOW DOWN ***
_SKR shows [Ah 4s] (One pair : Kings)
KB-35 shows [Jc 6s] (Two pairs : Kings and Jacks)
KB-35 collected 620 from pot
*** SUMMARY ***
Total pot 620 | No rake
Board: [9h Kh Jd 3c Kd]
Seat 2: KB-35 (small blind) (button) showed [Jc 6s] and won 620 with Two pairs : Kings and Jacks
Seat 3: _SKR (big blind) showed [Ah 4s] and lost with One pair : Kings


