Winamax Poker - Tournament "Expresso Nitro" buyIn: 0.93€ + 0.07€ level: 1 - HandId: #2689741265032970241-1-1674649089 - Holdem no limit (10/20) - 2023/01/25 12:18:09 UTC
Table: 'Expresso Nitro(626254190)#0' 3-max (real money) Seat #1 is the button
Seat 1: ABAGNALE62 (300)
Seat 2: _SKR (300)
Seat 3: liza67 (300)
*** ANTE/BLINDS ***
_SKR posts small blind 10
liza67 posts big blind 20
Dealt to _SKR [Th Qc]
*** PRE-FLOP *** 
ABAGNALE62 folds
_SKR raises 20 to 40
liza67 folds
_SKR collected 60 from pot
*** SUMMARY ***
Total pot 60 | No rake
Seat 2: _SKR (small blind) won 60


Winamax Poker - Tournament "Expresso Nitro" buyIn: 0.93€ + 0.07€ level: 1 - HandId: #2689741265032970241-2-1674649102 - Holdem no limit (10/20) - 2023/01/25 12:18:22 UTC
Table: 'Expresso Nitro(626254190)#0' 3-max (real money) Seat #2 is the button
Seat 1: ABAGNALE62 (300)
Seat 2: _SKR (320)
Seat 3: liza67 (280)
*** ANTE/BLINDS ***
liza67 posts small blind 10
ABAGNALE62 posts big blind 20
Dealt to _SKR [8c 4h]
*** PRE-FLOP *** 
_SKR folds
liza67 folds
ABAGNALE62 collected 30 from pot
*** SUMMARY ***
Total pot 30 | No rake
Seat 1: ABAGNALE62 (big blind) won 30


Winamax Poker - Tournament "Expresso Nitro" buyIn: 0.93€ + 0.07€ level: 1 - HandId: #2689741265032970241-3-1674649113 - Holdem no limit (10/20) - 2023/01/25 12:18:33 UTC
Table: 'Expresso Nitro(626254190)#0' 3-max (real money) Seat #3 is the button
Seat 1: ABAGNALE62 (310)
Seat 2: _SKR (320)
Seat 3: liza67 (270)
*** ANTE/BLINDS ***
ABAGNALE62 posts small blind 10
_SKR posts big blind 20
Dealt to _SKR [6c 4d]
*** PRE-FLOP *** 
liza67 folds
ABAGNALE62 calls 10
_SKR checks
*** FLOP *** [5d 7c 8h]
ABAGNALE62 checks
_SKR bets 32
ABAGNALE62 calls 32
*** TURN *** [5d 7c 8h][Th]
ABAGNALE62 checks
_SKR bets 68
ABAGNALE62 calls 68
*** RIVER *** [5d 7c 8h Th][Jc]
ABAGNALE62 bets 190 and is all-in
_SKR folds
ABAGNALE62 collected 430 from pot
*** SUMMARY ***
Total pot 430 | No rake
Board: [5d 7c 8h Th Jc]
Seat 1: ABAGNALE62 (small blind) won 430


Winamax Poker - Tournament "Expresso Nitro" buyIn: 0.93€ + 0.07€ level: 2 - HandId: #2689741265032970241-4-1674649156 - Holdem no limit (15/30) - 2023/01/25 12:19:16 UTC
Table: 'Expresso Nitro(626254190)#0' 3-max (real money) Seat #1 is the button
Seat 1: ABAGNALE62 (430)
Seat 2: _SKR (200)
Seat 3: liza67 (270)
*** ANTE/BLINDS ***
_SKR posts small blind 15
liza67 posts big blind 30
Dealt to _SKR [Ts Kh]
*** PRE-FLOP *** 
ABAGNALE62 folds
_SKR raises 170 to 200 and is all-in
liza67 folds
_SKR collected 230 from pot
*** SUMMARY ***
Total pot 230 | No rake
Seat 2: _SKR (small blind) won 230


Winamax Poker - Tournament "Expresso Nitro" buyIn: 0.93€ + 0.07€ level: 2 - HandId: #2689741265032970241-5-1674649166 - Holdem no limit (15/30) - 2023/01/25 12:19:26 UTC
Table: 'Expresso Nitro(626254190)#0' 3-max (real money) Seat #2 is the button
Seat 1: ABAGNALE62 (430)
Seat 2: _SKR (230)
Seat 3: liza67 (240)
*** ANTE/BLINDS ***
liza67 posts small blind 15
ABAGNALE62 posts big blind 30
Dealt to _SKR [Td 8d]
*** PRE-FLOP *** 
_SKR folds
liza67 raises 210 to 240 and is all-in
ABAGNALE62 folds
liza67 collected 270 from pot
*** SUMMARY ***
Total pot 270 | No rake
Seat 3: liza67 (small blind) won 270


Winamax Poker - Tournament "Expresso Nitro" buyIn: 0.93€ + 0.07€ level: 2 - HandId: #2689741265032970241-6-1674649173 - Holdem no limit (15/30) - 2023/01/25 12:19:33 UTC
Table: 'Expresso Nitro(626254190)#0' 3-max (real money) Seat #3 is the button
Seat 1: ABAGNALE62 (400)
Seat 2: _SKR (230)
Seat 3: liza67 (270)
*** ANTE/BLINDS ***
ABAGNALE62 posts small blind 15
_SKR posts big blind 30
Dealt to _SKR [Tc 4c]
*** PRE-FLOP *** 
liza67 calls 30
ABAGNALE62 folds
_SKR checks
*** FLOP *** [Jh Ah Qd]
_SKR checks
liza67 checks
*** TURN *** [Jh Ah Qd][Ts]
_SKR checks
liza67 checks
*** RIVER *** [Jh Ah Qd Ts][5h]
_SKR checks
liza67 checks
*** SHOW DOWN ***
_SKR shows [Tc 4c] (One pair : Tens)
liza67 shows [Qc 8h] (One pair : Queens)
liza67 collected 75 from pot
*** SUMMARY ***
Total pot 75 | No rake
Board: [Jh Ah Qd Ts 5h]
Seat 2: _SKR (big blind) showed [Tc 4c] and lost with One pair : Tens
Seat 3: liza67 (button) showed [Qc 8h] and won 75 with One pair : Queens


Winamax Poker - Tournament "Expresso Nitro" buyIn: 0.93€ + 0.07€ level: 3 - HandId: #2689741265032970241-7-1674649205 - Holdem no limit (20/40) - 2023/01/25 12:20:05 UTC
Table: 'Expresso Nitro(626254190)#0' 3-max (real money) Seat #1 is the button
Seat 1: ABAGNALE62 (385)
Seat 2: _SKR (200)
Seat 3: liza67 (315)
*** ANTE/BLINDS ***
_SKR posts small blind 20
liza67 posts big blind 40
Dealt to _SKR [2h 3c]
*** PRE-FLOP *** 
ABAGNALE62 folds
_SKR folds
liza67 collected 60 from pot
*** SUMMARY ***
Total pot 60 | No rake
Seat 3: liza67 (big blind) won 60


Winamax Poker - Tournament "Expresso Nitro" buyIn: 0.93€ + 0.07€ level: 3 - HandId: #2689741265032970241-8-1674649212 - Holdem no limit (20/40) - 2023/01/25 12:20:12 UTC
Table: 'Expresso Nitro(626254190)#0' 3-max (real money) Seat #2 is the button
Seat 1: ABAGNALE62 (385)
Seat 2: _SKR (180)
Seat 3: liza67 (335)
*** ANTE/BLINDS ***
liza67 posts small blind 20
ABAGNALE62 posts big blind 40
Dealt to _SKR [Tc Qh]
*** PRE-FLOP *** 
_SKR raises 140 to 180 and is all-in
liza67 folds
ABAGNALE62 folds
_SKR collected 240 from pot
*** SUMMARY ***
Total pot 240 | No rake
Seat 2: _SKR (button) won 240


Winamax Poker - Tournament "Expresso Nitro" buyIn: 0.93€ + 0.07€ level: 3 - HandId: #2689741265032970241-9-1674649224 - Holdem no limit (20/40) - 2023/01/25 12:20:24 UTC
Table: 'Expresso Nitro(626254190)#0' 3-max (real money) Seat #3 is the button
Seat 1: ABAGNALE62 (345)
Seat 2: _SKR (240)
Seat 3: liza67 (315)
*** ANTE/BLINDS ***
ABAGNALE62 posts small blind 20
_SKR posts big blind 40
Dealt to _SKR [Jh 8c]
*** PRE-FLOP *** 
liza67 folds
ABAGNALE62 raises 305 to 345 and is all-in
_SKR calls 200 and is all-in
*** FLOP *** [2h 2d Ah]
*** TURN *** [2h 2d Ah][6h]
*** RIVER *** [2h 2d Ah 6h][7d]
*** SHOW DOWN ***
_SKR shows [Jh 8c] (One pair : 2)
ABAGNALE62 shows [Qs 9d] (One pair : 2)
ABAGNALE62 collected 585 from pot
*** SUMMARY ***
Total pot 585 | No rake
Board: [2h 2d Ah 6h 7d]
Seat 1: ABAGNALE62 (small blind) showed [Qs 9d] and won 585 with One pair : 2
Seat 2: _SKR (big blind) showed [Jh 8c] and lost with One pair : 2


