Winamax Poker - Tournament "Expresso Nitro" buyIn: 0.93€ + 0.07€ level: 1 - HandId: #2717596468704706561-1-1676228272 - Holdem no limit (10/20) - 2023/02/12 18:57:52 UTC
Table: 'Expresso Nitro(632739735)#0' 3-max (real money) Seat #1 is the button
Seat 1: OmaGD5 (300)
Seat 2: _SKR (300)
Seat 3: lniglo33380 (300)
*** ANTE/BLINDS ***
_SKR posts small blind 10
lniglo33380 posts big blind 20
Dealt to _SKR [As Jc]
*** PRE-FLOP *** 
OmaGD5 folds
_SKR raises 20 to 40
lniglo33380 calls 20
*** FLOP *** [6h Kc 5d]
_SKR bets 28
lniglo33380 calls 28
*** TURN *** [6h Kc 5d][Js]
_SKR checks
lniglo33380 checks
*** RIVER *** [6h Kc 5d Js][Qs]
_SKR bets 48
lniglo33380 folds
_SKR collected 184 from pot
*** SUMMARY ***
Total pot 184 | No rake
Board: [6h Kc 5d Js Qs]
Seat 2: _SKR (small blind) won 184


Winamax Poker - Tournament "Expresso Nitro" buyIn: 0.93€ + 0.07€ level: 1 - HandId: #2717596468704706561-2-1676228311 - Holdem no limit (10/20) - 2023/02/12 18:58:31 UTC
Table: 'Expresso Nitro(632739735)#0' 3-max (real money) Seat #2 is the button
Seat 1: OmaGD5 (300)
Seat 2: _SKR (368)
Seat 3: lniglo33380 (232)
*** ANTE/BLINDS ***
lniglo33380 posts small blind 10
OmaGD5 posts big blind 20
Dealt to _SKR [Ad 3h]
*** PRE-FLOP *** 
_SKR raises 348 to 368 and is all-in
lniglo33380 folds
OmaGD5 folds
_SKR collected 398 from pot
*** SUMMARY ***
Total pot 398 | No rake
Seat 2: _SKR (button) won 398


Winamax Poker - Tournament "Expresso Nitro" buyIn: 0.93€ + 0.07€ level: 2 - HandId: #2717596468704706561-3-1676228336 - Holdem no limit (15/30) - 2023/02/12 18:58:56 UTC
Table: 'Expresso Nitro(632739735)#0' 3-max (real money) Seat #3 is the button
Seat 1: OmaGD5 (280)
Seat 2: _SKR (398)
Seat 3: lniglo33380 (222)
*** ANTE/BLINDS ***
OmaGD5 posts small blind 15
_SKR posts big blind 30
Dealt to _SKR [As Qh]
*** PRE-FLOP *** 
lniglo33380 folds
OmaGD5 folds
_SKR collected 45 from pot
*** SUMMARY ***
Total pot 45 | No rake
Seat 2: _SKR (big blind) won 45


Winamax Poker - Tournament "Expresso Nitro" buyIn: 0.93€ + 0.07€ level: 2 - HandId: #2717596468704706561-4-1676228346 - Holdem no limit (15/30) - 2023/02/12 18:59:06 UTC
Table: 'Expresso Nitro(632739735)#0' 3-max (real money) Seat #1 is the button
Seat 1: OmaGD5 (265)
Seat 2: _SKR (413)
Seat 3: lniglo33380 (222)
*** ANTE/BLINDS ***
_SKR posts small blind 15
lniglo33380 posts big blind 30
Dealt to _SKR [2c 8s]
*** PRE-FLOP *** 
OmaGD5 raises 235 to 265 and is all-in
_SKR folds
lniglo33380 folds
OmaGD5 collected 310 from pot
*** SUMMARY ***
Total pot 310 | No rake
Seat 1: OmaGD5 (button) won 310


Winamax Poker - Tournament "Expresso Nitro" buyIn: 0.93€ + 0.07€ level: 2 - HandId: #2717596468704706561-5-1676228369 - Holdem no limit (15/30) - 2023/02/12 18:59:29 UTC
Table: 'Expresso Nitro(632739735)#0' 3-max (real money) Seat #2 is the button
Seat 1: OmaGD5 (310)
Seat 2: _SKR (398)
Seat 3: lniglo33380 (192)
*** ANTE/BLINDS ***
lniglo33380 posts small blind 15
OmaGD5 posts big blind 30
Dealt to _SKR [5c 6h]
*** PRE-FLOP *** 
_SKR folds
lniglo33380 calls 15
OmaGD5 raises 280 to 310 and is all-in
lniglo33380 folds
OmaGD5 collected 340 from pot
*** SUMMARY ***
Total pot 340 | No rake
Seat 1: OmaGD5 (big blind) won 340


Winamax Poker - Tournament "Expresso Nitro" buyIn: 0.93€ + 0.07€ level: 3 - HandId: #2717596468704706561-6-1676228397 - Holdem no limit (20/40) - 2023/02/12 18:59:57 UTC
Table: 'Expresso Nitro(632739735)#0' 3-max (real money) Seat #3 is the button
Seat 1: OmaGD5 (340)
Seat 2: _SKR (398)
Seat 3: lniglo33380 (162)
*** ANTE/BLINDS ***
OmaGD5 posts small blind 20
_SKR posts big blind 40
Dealt to _SKR [6s 5d]
*** PRE-FLOP *** 
lniglo33380 folds
OmaGD5 raises 300 to 340 and is all-in
_SKR folds
OmaGD5 collected 380 from pot
*** SUMMARY ***
Total pot 380 | No rake
Seat 1: OmaGD5 (small blind) won 380


Winamax Poker - Tournament "Expresso Nitro" buyIn: 0.93€ + 0.07€ level: 3 - HandId: #2717596468704706561-7-1676228415 - Holdem no limit (20/40) - 2023/02/12 19:00:15 UTC
Table: 'Expresso Nitro(632739735)#0' 3-max (real money) Seat #1 is the button
Seat 1: OmaGD5 (380)
Seat 2: _SKR (358)
Seat 3: lniglo33380 (162)
*** ANTE/BLINDS ***
_SKR posts small blind 20
lniglo33380 posts big blind 40
Dealt to _SKR [Ts Kd]
*** PRE-FLOP *** 
OmaGD5 raises 340 to 380 and is all-in
_SKR folds
lniglo33380 folds
OmaGD5 collected 440 from pot
*** SUMMARY ***
Total pot 440 | No rake
Seat 1: OmaGD5 (button) won 440


Winamax Poker - Tournament "Expresso Nitro" buyIn: 0.93€ + 0.07€ level: 3 - HandId: #2717596468704706561-8-1676228425 - Holdem no limit (20/40) - 2023/02/12 19:00:25 UTC
Table: 'Expresso Nitro(632739735)#0' 3-max (real money) Seat #2 is the button
Seat 1: OmaGD5 (440)
Seat 2: _SKR (338)
Seat 3: lniglo33380 (122)
*** ANTE/BLINDS ***
lniglo33380 posts small blind 20
OmaGD5 posts big blind 40
Dealt to _SKR [3s 6d]
*** PRE-FLOP *** 
_SKR folds
lniglo33380 raises 40 to 80
OmaGD5 folds
lniglo33380 collected 120 from pot
*** SUMMARY ***
Total pot 120 | No rake
Seat 3: lniglo33380 (small blind) won 120


Winamax Poker - Tournament "Expresso Nitro" buyIn: 0.93€ + 0.07€ level: 3 - HandId: #2717596468704706561-9-1676228446 - Holdem no limit (20/40) - 2023/02/12 19:00:46 UTC
Table: 'Expresso Nitro(632739735)#0' 3-max (real money) Seat #3 is the button
Seat 1: OmaGD5 (400)
Seat 2: _SKR (338)
Seat 3: lniglo33380 (162)
*** ANTE/BLINDS ***
OmaGD5 posts small blind 20
_SKR posts big blind 40
Dealt to _SKR [Td Qs]
*** PRE-FLOP *** 
lniglo33380 folds
OmaGD5 calls 20
_SKR checks
*** FLOP *** [Jh 7s 9d]
OmaGD5 checks
_SKR checks
*** TURN *** [Jh 7s 9d][Qd]
OmaGD5 checks
_SKR bets 52
OmaGD5 folds
_SKR collected 132 from pot
*** SUMMARY ***
Total pot 132 | No rake
Board: [Jh 7s 9d Qd]
Seat 2: _SKR (big blind) won 132


Winamax Poker - Tournament "Expresso Nitro" buyIn: 0.93€ + 0.07€ level: 4 - HandId: #2717596468704706561-10-1676228489 - Holdem no limit (30/60) - 2023/02/12 19:01:29 UTC
Table: 'Expresso Nitro(632739735)#0' 3-max (real money) Seat #1 is the button
Seat 1: OmaGD5 (360)
Seat 2: _SKR (378)
Seat 3: lniglo33380 (162)
*** ANTE/BLINDS ***
_SKR posts small blind 30
lniglo33380 posts big blind 60
Dealt to _SKR [3h 6d]
*** PRE-FLOP *** 
OmaGD5 raises 300 to 360 and is all-in
_SKR folds
lniglo33380 calls 102 and is all-in
*** FLOP *** [Ah Jh 7h]
*** TURN *** [Ah Jh 7h][2s]
*** RIVER *** [Ah Jh 7h 2s][8d]
*** SHOW DOWN ***
OmaGD5 shows [Th Tc] (One pair : Tens)
lniglo33380 shows [4d Ad] (One pair : Aces)
lniglo33380 collected 354 from main pot
OmaGD5 collected 198 from side pot 1
*** SUMMARY ***
Total pot 552 | No rake
Board: [Ah Jh 7h 2s 8d]
Seat 1: OmaGD5 (button) showed [Th Tc] and won 198 with One pair : Tens
Seat 3: lniglo33380 (big blind) showed [4d Ad] and won 354 with One pair : Aces


Winamax Poker - Tournament "Expresso Nitro" buyIn: 0.93€ + 0.07€ level: 5 - HandId: #2717596468704706561-11-1676228512 - Holdem no limit (40/80) - 2023/02/12 19:01:52 UTC
Table: 'Expresso Nitro(632739735)#0' 3-max (real money) Seat #2 is the button
Seat 1: OmaGD5 (198)
Seat 2: _SKR (348)
Seat 3: lniglo33380 (354)
*** ANTE/BLINDS ***
lniglo33380 posts small blind 40
OmaGD5 posts big blind 80
Dealt to _SKR [6s 9s]
*** PRE-FLOP *** 
_SKR folds
lniglo33380 folds
OmaGD5 collected 120 from pot
*** SUMMARY ***
Total pot 120 | No rake
Seat 1: OmaGD5 (big blind) won 120


Winamax Poker - Tournament "Expresso Nitro" buyIn: 0.93€ + 0.07€ level: 5 - HandId: #2717596468704706561-12-1676228530 - Holdem no limit (40/80) - 2023/02/12 19:02:10 UTC
Table: 'Expresso Nitro(632739735)#0' 3-max (real money) Seat #3 is the button
Seat 1: OmaGD5 (238)
Seat 2: _SKR (348)
Seat 3: lniglo33380 (314)
*** ANTE/BLINDS ***
OmaGD5 posts small blind 40
_SKR posts big blind 80
Dealt to _SKR [7h 7s]
*** PRE-FLOP *** 
lniglo33380 raises 234 to 314 and is all-in
OmaGD5 folds
_SKR calls 234
*** FLOP *** [2c 2s 9s]
*** TURN *** [2c 2s 9s][3h]
*** RIVER *** [2c 2s 9s 3h][9h]
*** SHOW DOWN ***
lniglo33380 shows [4c Jh] (Two pairs : 9 and 2)
_SKR shows [7h 7s] (Two pairs : 9 and 7)
_SKR collected 668 from pot
*** SUMMARY ***
Total pot 668 | No rake
Board: [2c 2s 9s 3h 9h]
Seat 2: _SKR (big blind) showed [7h 7s] and won 668 with Two pairs : 9 and 7
Seat 3: lniglo33380 (button) showed [4c Jh] and lost with Two pairs : 9 and 2


Winamax Poker - Tournament "Expresso Nitro" buyIn: 0.93€ + 0.07€ level: 5 - HandId: #2717596468704706561-13-1676228547 - Holdem no limit (40/80) - 2023/02/12 19:02:27 UTC
Table: 'Expresso Nitro(632739735)#0' 3-max (real money) Seat #2 is the button
Seat 1: OmaGD5 (198)
Seat 2: _SKR (702)
*** ANTE/BLINDS ***
_SKR posts small blind 40
OmaGD5 posts big blind 80
Dealt to _SKR [8s Qd]
*** PRE-FLOP *** 
_SKR raises 622 to 702 and is all-in
OmaGD5 calls 118 and is all-in
*** FLOP *** [7c 2s 5c]
*** TURN *** [7c 2s 5c][9h]
*** RIVER *** [7c 2s 5c 9h][Kd]
*** SHOW DOWN ***
OmaGD5 shows [Jh 3c] (High card : King)
_SKR shows [8s Qd] (High card : King)
_SKR collected 900 from pot
*** SUMMARY ***
Total pot 900 | No rake
Board: [7c 2s 5c 9h Kd]
Seat 1: OmaGD5 (big blind) showed [Jh 3c] and lost with High card : King
Seat 2: _SKR (small blind) (button) showed [8s Qd] and won 900 with High card : King


