Winamax Poker - Tournament "Expresso Nitro" buyIn: 0.93€ + 0.07€ level: 1 - HandId: #2717224009140797441-1-1676212709 - Holdem no limit (10/20) - 2023/02/12 14:38:29 UTC
Table: 'Expresso Nitro(632653015)#0' 3-max (real money) Seat #1 is the button
Seat 1: CORIDA13 (300)
Seat 2: Odin1969 (300)
Seat 3: _SKR (300)
*** ANTE/BLINDS ***
Odin1969 posts small blind 10
_SKR posts big blind 20
Dealt to _SKR [9d 5h]
*** PRE-FLOP *** 
CORIDA13 calls 20
Odin1969 calls 10
_SKR checks
*** FLOP *** [7h Qd 7s]
Odin1969 bets 20
_SKR folds
CORIDA13 folds
Odin1969 collected 80 from pot
*** SUMMARY ***
Total pot 80 | No rake
Board: [7h Qd 7s]
Seat 2: Odin1969 (small blind) won 80


Winamax Poker - Tournament "Expresso Nitro" buyIn: 0.93€ + 0.07€ level: 1 - HandId: #2717224009140797441-2-1676212733 - Holdem no limit (10/20) - 2023/02/12 14:38:53 UTC
Table: 'Expresso Nitro(632653015)#0' 3-max (real money) Seat #2 is the button
Seat 1: CORIDA13 (280)
Seat 2: Odin1969 (340)
Seat 3: _SKR (280)
*** ANTE/BLINDS ***
_SKR posts small blind 10
CORIDA13 posts big blind 20
Dealt to _SKR [9h Ts]
*** PRE-FLOP *** 
Odin1969 calls 20
_SKR folds
CORIDA13 checks
*** FLOP *** [5d Jc 7h]
CORIDA13 checks
Odin1969 bets 20
CORIDA13 folds
Odin1969 collected 70 from pot
*** SUMMARY ***
Total pot 70 | No rake
Board: [5d Jc 7h]
Seat 2: Odin1969 (button) won 70


Winamax Poker - Tournament "Expresso Nitro" buyIn: 0.93€ + 0.07€ level: 1 - HandId: #2717224009140797441-3-1676212748 - Holdem no limit (10/20) - 2023/02/12 14:39:08 UTC
Table: 'Expresso Nitro(632653015)#0' 3-max (real money) Seat #3 is the button
Seat 1: CORIDA13 (260)
Seat 2: Odin1969 (370)
Seat 3: _SKR (270)
*** ANTE/BLINDS ***
CORIDA13 posts small blind 10
Odin1969 posts big blind 20
Dealt to _SKR [Ts As]
*** PRE-FLOP *** 
_SKR raises 250 to 270 and is all-in
CORIDA13 folds
Odin1969 folds
_SKR collected 300 from pot
*** SUMMARY ***
Total pot 300 | No rake
Seat 3: _SKR (button) won 300


Winamax Poker - Tournament "Expresso Nitro" buyIn: 0.93€ + 0.07€ level: 1 - HandId: #2717224009140797441-4-1676212761 - Holdem no limit (10/20) - 2023/02/12 14:39:21 UTC
Table: 'Expresso Nitro(632653015)#0' 3-max (real money) Seat #1 is the button
Seat 1: CORIDA13 (250)
Seat 2: Odin1969 (350)
Seat 3: _SKR (300)
*** ANTE/BLINDS ***
Odin1969 posts small blind 10
_SKR posts big blind 20
Dealt to _SKR [Kh Ts]
*** PRE-FLOP *** 
CORIDA13 folds
Odin1969 calls 10
_SKR raises 280 to 300 and is all-in
Odin1969 folds
_SKR collected 320 from pot
*** SUMMARY ***
Total pot 320 | No rake
Seat 3: _SKR (big blind) won 320


Winamax Poker - Tournament "Expresso Nitro" buyIn: 0.93€ + 0.07€ level: 2 - HandId: #2717224009140797441-5-1676212775 - Holdem no limit (15/30) - 2023/02/12 14:39:35 UTC
Table: 'Expresso Nitro(632653015)#0' 3-max (real money) Seat #2 is the button
Seat 1: CORIDA13 (250)
Seat 2: Odin1969 (330)
Seat 3: _SKR (320)
*** ANTE/BLINDS ***
_SKR posts small blind 15
CORIDA13 posts big blind 30
Dealt to _SKR [3h Qc]
*** PRE-FLOP *** 
Odin1969 calls 30
_SKR folds
CORIDA13 checks
*** FLOP *** [7c Tc Qd]
CORIDA13 checks
Odin1969 checks
*** TURN *** [7c Tc Qd][Kh]
CORIDA13 checks
Odin1969 checks
*** RIVER *** [7c Tc Qd Kh][2d]
CORIDA13 checks
Odin1969 bets 30
CORIDA13 folds
Odin1969 collected 105 from pot
*** SUMMARY ***
Total pot 105 | No rake
Board: [7c Tc Qd Kh 2d]
Seat 2: Odin1969 (button) won 105


Winamax Poker - Tournament "Expresso Nitro" buyIn: 0.93€ + 0.07€ level: 2 - HandId: #2717224009140797441-6-1676212802 - Holdem no limit (15/30) - 2023/02/12 14:40:02 UTC
Table: 'Expresso Nitro(632653015)#0' 3-max (real money) Seat #3 is the button
Seat 1: CORIDA13 (220)
Seat 2: Odin1969 (375)
Seat 3: _SKR (305)
*** ANTE/BLINDS ***
CORIDA13 posts small blind 15
Odin1969 posts big blind 30
Dealt to _SKR [Ah Ts]
*** PRE-FLOP *** 
_SKR raises 275 to 305 and is all-in
CORIDA13 calls 205 and is all-in
Odin1969 folds
*** FLOP *** [7d 7h 9h]
*** TURN *** [7d 7h 9h][Tc]
*** RIVER *** [7d 7h 9h Tc][3d]
*** SHOW DOWN ***
CORIDA13 shows [8s Kc] (One pair : 7)
_SKR shows [Ah Ts] (Two pairs : Tens and 7)
_SKR collected 555 from pot
*** SUMMARY ***
Total pot 555 | No rake
Board: [7d 7h 9h Tc 3d]
Seat 1: CORIDA13 (small blind) showed [8s Kc] and lost with One pair : 7
Seat 3: _SKR (button) showed [Ah Ts] and won 555 with Two pairs : Tens and 7


Winamax Poker - Tournament "Expresso Nitro" buyIn: 0.93€ + 0.07€ level: 2 - HandId: #2717224009140797441-7-1676212820 - Holdem no limit (15/30) - 2023/02/12 14:40:20 UTC
Table: 'Expresso Nitro(632653015)#0' 3-max (real money) Seat #2 is the button
Seat 2: Odin1969 (345)
Seat 3: _SKR (555)
*** ANTE/BLINDS ***
Odin1969 posts small blind 15
_SKR posts big blind 30
Dealt to _SKR [Jh 9c]
*** PRE-FLOP *** 
Odin1969 calls 15
_SKR checks
*** FLOP *** [4s 5s 6s]
_SKR checks
Odin1969 bets 30
_SKR folds
Odin1969 collected 90 from pot
*** SUMMARY ***
Total pot 90 | No rake
Board: [4s 5s 6s]
Seat 2: Odin1969 (small blind) (button) won 90


Winamax Poker - Tournament "Expresso Nitro" buyIn: 0.93€ + 0.07€ level: 3 - HandId: #2717224009140797441-8-1676212834 - Holdem no limit (20/40) - 2023/02/12 14:40:34 UTC
Table: 'Expresso Nitro(632653015)#0' 3-max (real money) Seat #3 is the button
Seat 2: Odin1969 (375)
Seat 3: _SKR (525)
*** ANTE/BLINDS ***
_SKR posts small blind 20
Odin1969 posts big blind 40
Dealt to _SKR [6d 6h]
*** PRE-FLOP *** 
_SKR raises 485 to 525 and is all-in
Odin1969 folds
_SKR collected 565 from pot
*** SUMMARY ***
Total pot 565 | No rake
Seat 3: _SKR (small blind) (button) won 565


Winamax Poker - Tournament "Expresso Nitro" buyIn: 0.93€ + 0.07€ level: 3 - HandId: #2717224009140797441-9-1676212848 - Holdem no limit (20/40) - 2023/02/12 14:40:48 UTC
Table: 'Expresso Nitro(632653015)#0' 3-max (real money) Seat #2 is the button
Seat 2: Odin1969 (335)
Seat 3: _SKR (565)
*** ANTE/BLINDS ***
Odin1969 posts small blind 20
_SKR posts big blind 40
Dealt to _SKR [3s 5d]
*** PRE-FLOP *** 
Odin1969 calls 20
_SKR checks
*** FLOP *** [6d 9s 6s]
_SKR checks
Odin1969 checks
*** TURN *** [6d 9s 6s][3d]
_SKR checks
Odin1969 checks
*** RIVER *** [6d 9s 6s 3d][Qs]
_SKR checks
Odin1969 checks
*** SHOW DOWN ***
Odin1969 shows [4s Kd] (One pair : 6)
_SKR shows [3s 5d] (Two pairs : 6 and 3)
_SKR collected 80 from pot
*** SUMMARY ***
Total pot 80 | No rake
Board: [6d 9s 6s 3d Qs]
Seat 2: Odin1969 (small blind) (button) showed [4s Kd] and lost with One pair : 6
Seat 3: _SKR (big blind) showed [3s 5d] and won 80 with Two pairs : 6 and 3


Winamax Poker - Tournament "Expresso Nitro" buyIn: 0.93€ + 0.07€ level: 4 - HandId: #2717224009140797441-10-1676212893 - Holdem no limit (30/60) - 2023/02/12 14:41:33 UTC
Table: 'Expresso Nitro(632653015)#0' 3-max (real money) Seat #3 is the button
Seat 2: Odin1969 (295)
Seat 3: _SKR (605)
*** ANTE/BLINDS ***
_SKR posts small blind 30
Odin1969 posts big blind 60
Dealt to _SKR [4d 8s]
*** PRE-FLOP *** 
_SKR folds
Odin1969 collected 90 from pot
*** SUMMARY ***
Total pot 90 | No rake
Seat 2: Odin1969 (big blind) won 90


Winamax Poker - Tournament "Expresso Nitro" buyIn: 0.93€ + 0.07€ level: 4 - HandId: #2717224009140797441-11-1676212896 - Holdem no limit (30/60) - 2023/02/12 14:41:36 UTC
Table: 'Expresso Nitro(632653015)#0' 3-max (real money) Seat #2 is the button
Seat 2: Odin1969 (325)
Seat 3: _SKR (575)
*** ANTE/BLINDS ***
Odin1969 posts small blind 30
_SKR posts big blind 60
Dealt to _SKR [6h Qc]
*** PRE-FLOP *** 
Odin1969 calls 30
_SKR raises 515 to 575 and is all-in
Odin1969 folds
_SKR collected 635 from pot
*** SUMMARY ***
Total pot 635 | No rake
Seat 3: _SKR (big blind) won 635


Winamax Poker - Tournament "Expresso Nitro" buyIn: 0.93€ + 0.07€ level: 4 - HandId: #2717224009140797441-12-1676212909 - Holdem no limit (30/60) - 2023/02/12 14:41:49 UTC
Table: 'Expresso Nitro(632653015)#0' 3-max (real money) Seat #3 is the button
Seat 2: Odin1969 (265)
Seat 3: _SKR (635)
*** ANTE/BLINDS ***
_SKR posts small blind 30
Odin1969 posts big blind 60
Dealt to _SKR [4d 6s]
*** PRE-FLOP *** 
_SKR folds
Odin1969 collected 90 from pot
*** SUMMARY ***
Total pot 90 | No rake
Seat 2: Odin1969 (big blind) won 90


Winamax Poker - Tournament "Expresso Nitro" buyIn: 0.93€ + 0.07€ level: 4 - HandId: #2717224009140797441-13-1676212912 - Holdem no limit (30/60) - 2023/02/12 14:41:52 UTC
Table: 'Expresso Nitro(632653015)#0' 3-max (real money) Seat #2 is the button
Seat 2: Odin1969 (295)
Seat 3: _SKR (605)
*** ANTE/BLINDS ***
Odin1969 posts small blind 30
_SKR posts big blind 60
Dealt to _SKR [2s 9h]
*** PRE-FLOP *** 
Odin1969 calls 30
_SKR checks
*** FLOP *** [7d 9s Kd]
_SKR checks
Odin1969 bets 60
_SKR calls 60
*** TURN *** [7d 9s Kd][Td]
_SKR checks
Odin1969 bets 175 and is all-in
_SKR folds
Odin1969 collected 415 from pot
*** SUMMARY ***
Total pot 415 | No rake
Board: [7d 9s Kd Td]
Seat 2: Odin1969 (small blind) (button) won 415


Winamax Poker - Tournament "Expresso Nitro" buyIn: 0.93€ + 0.07€ level: 5 - HandId: #2717224009140797441-14-1676212946 - Holdem no limit (40/80) - 2023/02/12 14:42:26 UTC
Table: 'Expresso Nitro(632653015)#0' 3-max (real money) Seat #3 is the button
Seat 2: Odin1969 (415)
Seat 3: _SKR (485)
*** ANTE/BLINDS ***
_SKR posts small blind 40
Odin1969 posts big blind 80
Dealt to _SKR [9s Jc]
*** PRE-FLOP *** 
_SKR raises 405 to 485 and is all-in
Odin1969 folds
_SKR collected 565 from pot
*** SUMMARY ***
Total pot 565 | No rake
Seat 3: _SKR (small blind) (button) won 565


Winamax Poker - Tournament "Expresso Nitro" buyIn: 0.93€ + 0.07€ level: 5 - HandId: #2717224009140797441-15-1676212954 - Holdem no limit (40/80) - 2023/02/12 14:42:34 UTC
Table: 'Expresso Nitro(632653015)#0' 3-max (real money) Seat #2 is the button
Seat 2: Odin1969 (335)
Seat 3: _SKR (565)
*** ANTE/BLINDS ***
Odin1969 posts small blind 40
_SKR posts big blind 80
Dealt to _SKR [6s Kh]
*** PRE-FLOP *** 
Odin1969 raises 80 to 160
_SKR raises 405 to 565 and is all-in
Odin1969 calls 175 and is all-in
*** FLOP *** [8h Ts 9d]
*** TURN *** [8h Ts 9d][3s]
*** RIVER *** [8h Ts 9d 3s][6d]
*** SHOW DOWN ***
Odin1969 shows [Ah Tc] (One pair : Tens)
_SKR shows [6s Kh] (One pair : 6)
_SKR collected 230 from side pot 1
Odin1969 collected 670 from main pot
*** SUMMARY ***
Total pot 900 | No rake
Board: [8h Ts 9d 3s 6d]
Seat 2: Odin1969 (small blind) (button) showed [Ah Tc] and won 670 with One pair : Tens
Seat 3: _SKR (big blind) showed [6s Kh] and won 230 with One pair : 6


Winamax Poker - Tournament "Expresso Nitro" buyIn: 0.93€ + 0.07€ level: 5 - HandId: #2717224009140797441-16-1676212971 - Holdem no limit (40/80) - 2023/02/12 14:42:51 UTC
Table: 'Expresso Nitro(632653015)#0' 3-max (real money) Seat #3 is the button
Seat 2: Odin1969 (670)
Seat 3: _SKR (230)
*** ANTE/BLINDS ***
_SKR posts small blind 40
Odin1969 posts big blind 80
Dealt to _SKR [2h Ad]
*** PRE-FLOP *** 
_SKR raises 150 to 230 and is all-in
Odin1969 calls 150
*** FLOP *** [4d 8c 8h]
*** TURN *** [4d 8c 8h][4h]
*** RIVER *** [4d 8c 8h 4h][Kc]
*** SHOW DOWN ***
Odin1969 shows [9s 2c] (Two pairs : 8 and 4)
_SKR shows [2h Ad] (Two pairs : 8 and 4)
_SKR collected 460 from pot
*** SUMMARY ***
Total pot 460 | No rake
Board: [4d 8c 8h 4h Kc]
Seat 2: Odin1969 (big blind) showed [9s 2c] and lost with Two pairs : 8 and 4
Seat 3: _SKR (small blind) (button) showed [2h Ad] and won 460 with Two pairs : 8 and 4


Winamax Poker - Tournament "Expresso Nitro" buyIn: 0.93€ + 0.07€ level: 5 - HandId: #2717224009140797441-17-1676212986 - Holdem no limit (40/80) - 2023/02/12 14:43:06 UTC
Table: 'Expresso Nitro(632653015)#0' 3-max (real money) Seat #2 is the button
Seat 2: Odin1969 (440)
Seat 3: _SKR (460)
*** ANTE/BLINDS ***
Odin1969 posts small blind 40
_SKR posts big blind 80
Dealt to _SKR [Jh Ah]
*** PRE-FLOP *** 
Odin1969 folds
_SKR collected 120 from pot
*** SUMMARY ***
Total pot 120 | No rake
Seat 3: _SKR (big blind) won 120


Winamax Poker - Tournament "Expresso Nitro" buyIn: 0.93€ + 0.07€ level: 5 - HandId: #2717224009140797441-18-1676212991 - Holdem no limit (40/80) - 2023/02/12 14:43:11 UTC
Table: 'Expresso Nitro(632653015)#0' 3-max (real money) Seat #3 is the button
Seat 2: Odin1969 (400)
Seat 3: _SKR (500)
*** ANTE/BLINDS ***
_SKR posts small blind 40
Odin1969 posts big blind 80
Dealt to _SKR [6d 3s]
*** PRE-FLOP *** 
_SKR folds
Odin1969 collected 120 from pot
*** SUMMARY ***
Total pot 120 | No rake
Seat 2: Odin1969 (big blind) won 120


Winamax Poker - Tournament "Expresso Nitro" buyIn: 0.93€ + 0.07€ level: 5 - HandId: #2717224009140797441-19-1676212994 - Holdem no limit (40/80) - 2023/02/12 14:43:14 UTC
Table: 'Expresso Nitro(632653015)#0' 3-max (real money) Seat #2 is the button
Seat 2: Odin1969 (440)
Seat 3: _SKR (460)
*** ANTE/BLINDS ***
Odin1969 posts small blind 40
_SKR posts big blind 80
Dealt to _SKR [5c 2h]
*** PRE-FLOP *** 
Odin1969 folds
_SKR collected 120 from pot
*** SUMMARY ***
Total pot 120 | No rake
Seat 3: _SKR (big blind) won 120


Winamax Poker - Tournament "Expresso Nitro" buyIn: 0.93€ + 0.07€ level: 5 - HandId: #2717224009140797441-20-1676212998 - Holdem no limit (40/80) - 2023/02/12 14:43:18 UTC
Table: 'Expresso Nitro(632653015)#0' 3-max (real money) Seat #3 is the button
Seat 2: Odin1969 (400)
Seat 3: _SKR (500)
*** ANTE/BLINDS ***
_SKR posts small blind 40
Odin1969 posts big blind 80
Dealt to _SKR [2d Ad]
*** PRE-FLOP *** 
_SKR raises 420 to 500 and is all-in
Odin1969 folds
_SKR collected 580 from pot
*** SUMMARY ***
Total pot 580 | No rake
Seat 3: _SKR (small blind) (button) won 580


Winamax Poker - Tournament "Expresso Nitro" buyIn: 0.93€ + 0.07€ level: 5 - HandId: #2717224009140797441-21-1676213004 - Holdem no limit (40/80) - 2023/02/12 14:43:24 UTC
Table: 'Expresso Nitro(632653015)#0' 3-max (real money) Seat #2 is the button
Seat 2: Odin1969 (320)
Seat 3: _SKR (580)
*** ANTE/BLINDS ***
Odin1969 posts small blind 40
_SKR posts big blind 80
Dealt to _SKR [Jd Td]
*** PRE-FLOP *** 
Odin1969 raises 80 to 160
_SKR calls 80
*** FLOP *** [5d Th 8c]
_SKR checks
Odin1969 bets 160 and is all-in
_SKR calls 160
*** TURN *** [5d Th 8c][4c]
*** RIVER *** [5d Th 8c 4c][4s]
*** SHOW DOWN ***
Odin1969 shows [Ad 9s] (One pair : 4)
_SKR shows [Jd Td] (Two pairs : Tens and 4)
_SKR collected 640 from pot
*** SUMMARY ***
Total pot 640 | No rake
Board: [5d Th 8c 4c 4s]
Seat 2: Odin1969 (small blind) (button) showed [Ad 9s] and lost with One pair : 4
Seat 3: _SKR (big blind) showed [Jd Td] and won 640 with Two pairs : Tens and 4


