Winamax Poker - Tournament "Expresso Nitro" buyIn: 0.93€ + 0.07€ level: 1 - HandId: #2675074497177976833-1-1673742931 - Holdem no limit (10/20) - 2023/01/15 00:35:31 UTC
Table: 'Expresso Nitro(622839317)#0' 3-max (real money) Seat #3 is the button
Seat 1: F. Fognini (300)
Seat 2: _SKR (300)
Seat 3: NiKOuMOuK 54 (300)
*** ANTE/BLINDS ***
F. Fognini posts small blind 10
_SKR posts big blind 20
Dealt to _SKR [7d 4s]
*** PRE-FLOP *** 
NiKOuMOuK 54 raises 30 to 50
F. Fognini raises 250 to 300 and is all-in
_SKR folds
NiKOuMOuK 54 calls 250 and is all-in
*** FLOP *** [4c 9d Qd]
*** TURN *** [4c 9d Qd][2c]
*** RIVER *** [4c 9d Qd 2c][Ks]
*** SHOW DOWN ***
F. Fognini shows [9s Ah] (One pair : 9)
NiKOuMOuK 54 shows [Kh Jd] (One pair : Kings)
NiKOuMOuK 54 collected 620 from pot
*** SUMMARY ***
Total pot 620 | No rake
Board: [4c 9d Qd 2c Ks]
Seat 1: F. Fognini (small blind) showed [9s Ah] and lost with One pair : 9
Seat 3: NiKOuMOuK 54 (button) showed [Kh Jd] and won 620 with One pair : Kings


Winamax Poker - Tournament "Expresso Nitro" buyIn: 0.93€ + 0.07€ level: 1 - HandId: #2675074497177976833-2-1673742963 - Holdem no limit (10/20) - 2023/01/15 00:36:03 UTC
Table: 'Expresso Nitro(622839317)#0' 3-max (real money) Seat #2 is the button
Seat 2: _SKR (280)
Seat 3: NiKOuMOuK 54 (620)
*** ANTE/BLINDS ***
_SKR posts small blind 10
NiKOuMOuK 54 posts big blind 20
Dealt to _SKR [Kc Ad]
*** PRE-FLOP *** 
_SKR raises 260 to 280 and is all-in
NiKOuMOuK 54 folds
_SKR collected 300 from pot
*** SUMMARY ***
Total pot 300 | No rake
Seat 2: _SKR (small blind) (button) won 300


Winamax Poker - Tournament "Expresso Nitro" buyIn: 0.93€ + 0.07€ level: 1 - HandId: #2675074497177976833-3-1673742972 - Holdem no limit (10/20) - 2023/01/15 00:36:12 UTC
Table: 'Expresso Nitro(622839317)#0' 3-max (real money) Seat #3 is the button
Seat 2: _SKR (300)
Seat 3: NiKOuMOuK 54 (600)
*** ANTE/BLINDS ***
NiKOuMOuK 54 posts small blind 10
_SKR posts big blind 20
Dealt to _SKR [3c 6d]
*** PRE-FLOP *** 
NiKOuMOuK 54 calls 10
_SKR checks
*** FLOP *** [2h 8s 8c]
_SKR checks
NiKOuMOuK 54 bets 20
_SKR folds
NiKOuMOuK 54 collected 60 from pot
*** SUMMARY ***
Total pot 60 | No rake
Board: [2h 8s 8c]
Seat 3: NiKOuMOuK 54 (small blind) (button) won 60


Winamax Poker - Tournament "Expresso Nitro" buyIn: 0.93€ + 0.07€ level: 2 - HandId: #2675074497177976833-4-1673742999 - Holdem no limit (15/30) - 2023/01/15 00:36:39 UTC
Table: 'Expresso Nitro(622839317)#0' 3-max (real money) Seat #2 is the button
Seat 2: _SKR (280)
Seat 3: NiKOuMOuK 54 (620)
*** ANTE/BLINDS ***
_SKR posts small blind 15
NiKOuMOuK 54 posts big blind 30
Dealt to _SKR [6d 6h]
*** PRE-FLOP *** 
_SKR raises 250 to 280 and is all-in
NiKOuMOuK 54 folds
_SKR collected 310 from pot
*** SUMMARY ***
Total pot 310 | No rake
Seat 2: _SKR (small blind) (button) won 310


Winamax Poker - Tournament "Expresso Nitro" buyIn: 0.93€ + 0.07€ level: 2 - HandId: #2675074497177976833-5-1673743010 - Holdem no limit (15/30) - 2023/01/15 00:36:50 UTC
Table: 'Expresso Nitro(622839317)#0' 3-max (real money) Seat #3 is the button
Seat 2: _SKR (310)
Seat 3: NiKOuMOuK 54 (590)
*** ANTE/BLINDS ***
NiKOuMOuK 54 posts small blind 15
_SKR posts big blind 30
Dealt to _SKR [Tc 7d]
*** PRE-FLOP *** 
NiKOuMOuK 54 folds
_SKR collected 45 from pot
*** SUMMARY ***
Total pot 45 | No rake
Seat 2: _SKR (big blind) won 45


Winamax Poker - Tournament "Expresso Nitro" buyIn: 0.93€ + 0.07€ level: 2 - HandId: #2675074497177976833-6-1673743016 - Holdem no limit (15/30) - 2023/01/15 00:36:56 UTC
Table: 'Expresso Nitro(622839317)#0' 3-max (real money) Seat #2 is the button
Seat 2: _SKR (325)
Seat 3: NiKOuMOuK 54 (575)
*** ANTE/BLINDS ***
_SKR posts small blind 15
NiKOuMOuK 54 posts big blind 30
Dealt to _SKR [Ks 8c]
*** PRE-FLOP *** 
_SKR raises 295 to 325 and is all-in
NiKOuMOuK 54 folds
_SKR collected 355 from pot
*** SUMMARY ***
Total pot 355 | No rake
Seat 2: _SKR (small blind) (button) won 355


Winamax Poker - Tournament "Expresso Nitro" buyIn: 0.93€ + 0.07€ level: 2 - HandId: #2675074497177976833-7-1673743022 - Holdem no limit (15/30) - 2023/01/15 00:37:02 UTC
Table: 'Expresso Nitro(622839317)#0' 3-max (real money) Seat #3 is the button
Seat 2: _SKR (355)
Seat 3: NiKOuMOuK 54 (545)
*** ANTE/BLINDS ***
NiKOuMOuK 54 posts small blind 15
_SKR posts big blind 30
Dealt to _SKR [4s 2c]
*** PRE-FLOP *** 
NiKOuMOuK 54 calls 15
_SKR checks
*** FLOP *** [7c 4h 3d]
_SKR checks
NiKOuMOuK 54 checks
*** TURN *** [7c 4h 3d][3h]
_SKR checks
NiKOuMOuK 54 checks
*** RIVER *** [7c 4h 3d 3h][Tc]
_SKR checks
NiKOuMOuK 54 bets 30
_SKR calls 30
*** SHOW DOWN ***
NiKOuMOuK 54 shows [Kh 5s] (One pair : 3)
_SKR shows [4s 2c] (Two pairs : 4 and 3)
_SKR collected 120 from pot
*** SUMMARY ***
Total pot 120 | No rake
Board: [7c 4h 3d 3h Tc]
Seat 2: _SKR (big blind) showed [4s 2c] and won 120 with Two pairs : 4 and 3
Seat 3: NiKOuMOuK 54 (small blind) (button) showed [Kh 5s] and lost with One pair : 3


Winamax Poker - Tournament "Expresso Nitro" buyIn: 0.93€ + 0.07€ level: 3 - HandId: #2675074497177976833-8-1673743063 - Holdem no limit (20/40) - 2023/01/15 00:37:43 UTC
Table: 'Expresso Nitro(622839317)#0' 3-max (real money) Seat #2 is the button
Seat 2: _SKR (415)
Seat 3: NiKOuMOuK 54 (485)
*** ANTE/BLINDS ***
_SKR posts small blind 20
NiKOuMOuK 54 posts big blind 40
Dealt to _SKR [Ts Tc]
*** PRE-FLOP *** 
_SKR raises 375 to 415 and is all-in
NiKOuMOuK 54 folds
_SKR collected 455 from pot
*** SUMMARY ***
Total pot 455 | No rake
Seat 2: _SKR (small blind) (button) won 455


Winamax Poker - Tournament "Expresso Nitro" buyIn: 0.93€ + 0.07€ level: 3 - HandId: #2675074497177976833-9-1673743074 - Holdem no limit (20/40) - 2023/01/15 00:37:54 UTC
Table: 'Expresso Nitro(622839317)#0' 3-max (real money) Seat #3 is the button
Seat 2: _SKR (455)
Seat 3: NiKOuMOuK 54 (445)
*** ANTE/BLINDS ***
NiKOuMOuK 54 posts small blind 20
_SKR posts big blind 40
Dealt to _SKR [5s 3s]
*** PRE-FLOP *** 
NiKOuMOuK 54 folds
_SKR collected 60 from pot
*** SUMMARY ***
Total pot 60 | No rake
Seat 2: _SKR (big blind) won 60


Winamax Poker - Tournament "Expresso Nitro" buyIn: 0.93€ + 0.07€ level: 3 - HandId: #2675074497177976833-10-1673743088 - Holdem no limit (20/40) - 2023/01/15 00:38:08 UTC
Table: 'Expresso Nitro(622839317)#0' 3-max (real money) Seat #2 is the button
Seat 2: _SKR (475)
Seat 3: NiKOuMOuK 54 (425)
*** ANTE/BLINDS ***
_SKR posts small blind 20
NiKOuMOuK 54 posts big blind 40
Dealt to _SKR [9d 5s]
*** PRE-FLOP *** 
_SKR folds
NiKOuMOuK 54 collected 60 from pot
*** SUMMARY ***
Total pot 60 | No rake
Seat 3: NiKOuMOuK 54 (big blind) won 60


Winamax Poker - Tournament "Expresso Nitro" buyIn: 0.93€ + 0.07€ level: 3 - HandId: #2675074497177976833-11-1673743095 - Holdem no limit (20/40) - 2023/01/15 00:38:15 UTC
Table: 'Expresso Nitro(622839317)#0' 3-max (real money) Seat #3 is the button
Seat 2: _SKR (455)
Seat 3: NiKOuMOuK 54 (445)
*** ANTE/BLINDS ***
NiKOuMOuK 54 posts small blind 20
_SKR posts big blind 40
Dealt to _SKR [Js 5c]
*** PRE-FLOP *** 
NiKOuMOuK 54 folds
_SKR collected 60 from pot
*** SUMMARY ***
Total pot 60 | No rake
Seat 2: _SKR (big blind) won 60


Winamax Poker - Tournament "Expresso Nitro" buyIn: 0.93€ + 0.07€ level: 3 - HandId: #2675074497177976833-12-1673743099 - Holdem no limit (20/40) - 2023/01/15 00:38:19 UTC
Table: 'Expresso Nitro(622839317)#0' 3-max (real money) Seat #2 is the button
Seat 2: _SKR (475)
Seat 3: NiKOuMOuK 54 (425)
*** ANTE/BLINDS ***
_SKR posts small blind 20
NiKOuMOuK 54 posts big blind 40
Dealt to _SKR [8c 9c]
*** PRE-FLOP *** 
_SKR calls 20
NiKOuMOuK 54 raises 385 to 425 and is all-in
_SKR folds
NiKOuMOuK 54 collected 465 from pot
*** SUMMARY ***
Total pot 465 | No rake
Seat 3: NiKOuMOuK 54 (big blind) won 465


Winamax Poker - Tournament "Expresso Nitro" buyIn: 0.93€ + 0.07€ level: 4 - HandId: #2675074497177976833-13-1673743115 - Holdem no limit (30/60) - 2023/01/15 00:38:35 UTC
Table: 'Expresso Nitro(622839317)#0' 3-max (real money) Seat #3 is the button
Seat 2: _SKR (435)
Seat 3: NiKOuMOuK 54 (465)
*** ANTE/BLINDS ***
NiKOuMOuK 54 posts small blind 30
_SKR posts big blind 60
Dealt to _SKR [Kh Jc]
*** PRE-FLOP *** 
NiKOuMOuK 54 calls 30
_SKR raises 375 to 435 and is all-in
NiKOuMOuK 54 folds
_SKR collected 495 from pot
*** SUMMARY ***
Total pot 495 | No rake
Seat 2: _SKR (big blind) won 495


Winamax Poker - Tournament "Expresso Nitro" buyIn: 0.93€ + 0.07€ level: 4 - HandId: #2675074497177976833-14-1673743132 - Holdem no limit (30/60) - 2023/01/15 00:38:52 UTC
Table: 'Expresso Nitro(622839317)#0' 3-max (real money) Seat #2 is the button
Seat 2: _SKR (495)
Seat 3: NiKOuMOuK 54 (405)
*** ANTE/BLINDS ***
_SKR posts small blind 30
NiKOuMOuK 54 posts big blind 60
Dealt to _SKR [3s 7h]
*** PRE-FLOP *** 
_SKR folds
NiKOuMOuK 54 collected 90 from pot
*** SUMMARY ***
Total pot 90 | No rake
Seat 3: NiKOuMOuK 54 (big blind) won 90


Winamax Poker - Tournament "Expresso Nitro" buyIn: 0.93€ + 0.07€ level: 4 - HandId: #2675074497177976833-15-1673743136 - Holdem no limit (30/60) - 2023/01/15 00:38:56 UTC
Table: 'Expresso Nitro(622839317)#0' 3-max (real money) Seat #3 is the button
Seat 2: _SKR (465)
Seat 3: NiKOuMOuK 54 (435)
*** ANTE/BLINDS ***
NiKOuMOuK 54 posts small blind 30
_SKR posts big blind 60
Dealt to _SKR [3h Kc]
*** PRE-FLOP *** 
NiKOuMOuK 54 calls 30
_SKR raises 405 to 465 and is all-in
NiKOuMOuK 54 folds
_SKR collected 525 from pot
*** SUMMARY ***
Total pot 525 | No rake
Seat 2: _SKR (big blind) won 525


Winamax Poker - Tournament "Expresso Nitro" buyIn: 0.93€ + 0.07€ level: 4 - HandId: #2675074497177976833-16-1673743150 - Holdem no limit (30/60) - 2023/01/15 00:39:10 UTC
Table: 'Expresso Nitro(622839317)#0' 3-max (real money) Seat #2 is the button
Seat 2: _SKR (525)
Seat 3: NiKOuMOuK 54 (375)
*** ANTE/BLINDS ***
_SKR posts small blind 30
NiKOuMOuK 54 posts big blind 60
Dealt to _SKR [7c 4c]
*** PRE-FLOP *** 
_SKR folds
NiKOuMOuK 54 collected 90 from pot
*** SUMMARY ***
Total pot 90 | No rake
Seat 3: NiKOuMOuK 54 (big blind) won 90


Winamax Poker - Tournament "Expresso Nitro" buyIn: 0.93€ + 0.07€ level: 4 - HandId: #2675074497177976833-17-1673743163 - Holdem no limit (30/60) - 2023/01/15 00:39:23 UTC
Table: 'Expresso Nitro(622839317)#0' 3-max (real money) Seat #3 is the button
Seat 2: _SKR (495)
Seat 3: NiKOuMOuK 54 (405)
*** ANTE/BLINDS ***
NiKOuMOuK 54 posts small blind 30
_SKR posts big blind 60
Dealt to _SKR [Qc Td]
*** PRE-FLOP *** 
NiKOuMOuK 54 raises 345 to 405 and is all-in
_SKR calls 345
*** FLOP *** [4c 3h Ad]
*** TURN *** [4c 3h Ad][2s]
*** RIVER *** [4c 3h Ad 2s][8h]
*** SHOW DOWN ***
_SKR shows [Qc Td] (High card : Ace)
NiKOuMOuK 54 shows [8c Ac] (Two pairs : Aces and 8)
NiKOuMOuK 54 collected 810 from pot
*** SUMMARY ***
Total pot 810 | No rake
Board: [4c 3h Ad 2s 8h]
Seat 2: _SKR (big blind) showed [Qc Td] and lost with High card : Ace
Seat 3: NiKOuMOuK 54 (small blind) (button) showed [8c Ac] and won 810 with Two pairs : Aces and 8


Winamax Poker - Tournament "Expresso Nitro" buyIn: 0.93€ + 0.07€ level: 5 - HandId: #2675074497177976833-18-1673743196 - Holdem no limit (40/80) - 2023/01/15 00:39:56 UTC
Table: 'Expresso Nitro(622839317)#0' 3-max (real money) Seat #2 is the button
Seat 2: _SKR (90)
Seat 3: NiKOuMOuK 54 (810)
*** ANTE/BLINDS ***
_SKR posts small blind 40
NiKOuMOuK 54 posts big blind 80
Dealt to _SKR [5d Js]
*** PRE-FLOP *** 
_SKR raises 10 to 90 and is all-in
NiKOuMOuK 54 calls 10
*** FLOP *** [3d Jc 2s]
*** TURN *** [3d Jc 2s][2c]
*** RIVER *** [3d Jc 2s 2c][5c]
*** SHOW DOWN ***
NiKOuMOuK 54 shows [3h 8s] (Two pairs : 3 and 2)
_SKR shows [5d Js] (Two pairs : Jacks and 5)
_SKR collected 180 from pot
*** SUMMARY ***
Total pot 180 | No rake
Board: [3d Jc 2s 2c 5c]
Seat 2: _SKR (small blind) (button) showed [5d Js] and won 180 with Two pairs : Jacks and 5
Seat 3: NiKOuMOuK 54 (big blind) showed [3h 8s] and lost with Two pairs : 3 and 2


Winamax Poker - Tournament "Expresso Nitro" buyIn: 0.93€ + 0.07€ level: 5 - HandId: #2675074497177976833-19-1673743211 - Holdem no limit (40/80) - 2023/01/15 00:40:11 UTC
Table: 'Expresso Nitro(622839317)#0' 3-max (real money) Seat #3 is the button
Seat 2: _SKR (180)
Seat 3: NiKOuMOuK 54 (720)
*** ANTE/BLINDS ***
NiKOuMOuK 54 posts small blind 40
_SKR posts big blind 80
Dealt to _SKR [5s 8c]
*** PRE-FLOP *** 
NiKOuMOuK 54 raises 120 to 200
_SKR calls 100 and is all-in
*** FLOP *** [8d 3h 2c]
*** TURN *** [8d 3h 2c][8h]
*** RIVER *** [8d 3h 2c 8h][7c]
*** SHOW DOWN ***
_SKR shows [5s 8c] (Trips of 8)
NiKOuMOuK 54 shows [9c Js] (One pair : 8)
NiKOuMOuK 54 collected 20 from side pot 1
_SKR collected 360 from main pot
*** SUMMARY ***
Total pot 380 | No rake
Board: [8d 3h 2c 8h 7c]
Seat 2: _SKR (big blind) showed [5s 8c] and won 360 with Trips of 8
Seat 3: NiKOuMOuK 54 (small blind) (button) showed [9c Js] and won 20 with One pair : 8


Winamax Poker - Tournament "Expresso Nitro" buyIn: 0.93€ + 0.07€ level: 5 - HandId: #2675074497177976833-20-1673743225 - Holdem no limit (40/80) - 2023/01/15 00:40:25 UTC
Table: 'Expresso Nitro(622839317)#0' 3-max (real money) Seat #2 is the button
Seat 2: _SKR (360)
Seat 3: NiKOuMOuK 54 (540)
*** ANTE/BLINDS ***
_SKR posts small blind 40
NiKOuMOuK 54 posts big blind 80
Dealt to _SKR [2c 6d]
*** PRE-FLOP *** 
_SKR folds
NiKOuMOuK 54 collected 120 from pot
*** SUMMARY ***
Total pot 120 | No rake
Seat 3: NiKOuMOuK 54 (big blind) won 120


Winamax Poker - Tournament "Expresso Nitro" buyIn: 0.93€ + 0.07€ level: 6 - HandId: #2675074497177976833-21-1673743231 - Holdem no limit (50/100) - 2023/01/15 00:40:31 UTC
Table: 'Expresso Nitro(622839317)#0' 3-max (real money) Seat #3 is the button
Seat 2: _SKR (320)
Seat 3: NiKOuMOuK 54 (580)
*** ANTE/BLINDS ***
NiKOuMOuK 54 posts small blind 50
_SKR posts big blind 100
Dealt to _SKR [9s 6c]
*** PRE-FLOP *** 
NiKOuMOuK 54 raises 480 to 580 and is all-in
_SKR calls 220 and is all-in
*** FLOP *** [6s 5c Js]
*** TURN *** [6s 5c Js][2h]
*** RIVER *** [6s 5c Js 2h][7s]
*** SHOW DOWN ***
_SKR shows [9s 6c] (One pair : 6)
NiKOuMOuK 54 shows [7h Ac] (One pair : 7)
NiKOuMOuK 54 collected 900 from pot
*** SUMMARY ***
Total pot 900 | No rake
Board: [6s 5c Js 2h 7s]
Seat 2: _SKR (big blind) showed [9s 6c] and lost with One pair : 6
Seat 3: NiKOuMOuK 54 (small blind) (button) showed [7h Ac] and won 900 with One pair : 7


