Winamax Poker - Tournament "Expresso Nitro" buyIn: 0.93€ + 0.07€ level: 1 - HandId: #2689849678597455873-1-1674655600 - Holdem no limit (10/20) - 2023/01/25 14:06:40 UTC
Table: 'Expresso Nitro(626279432)#0' 3-max (real money) Seat #2 is the button
Seat 1: _SKR (300)
Seat 2: vuesurmer (300)
Seat 3: TheHabz (300)
*** ANTE/BLINDS ***
TheHabz posts small blind 10
_SKR posts big blind 20
Dealt to _SKR [8d Qd]
*** PRE-FLOP *** 
vuesurmer folds
TheHabz raises 30 to 50
_SKR calls 30
*** FLOP *** [Kc Jc 9s]
TheHabz bets 65
_SKR folds
TheHabz collected 165 from pot
*** SUMMARY ***
Total pot 165 | No rake
Board: [Kc Jc 9s]
Seat 3: TheHabz (small blind) won 165


Winamax Poker - Tournament "Expresso Nitro" buyIn: 0.93€ + 0.07€ level: 1 - HandId: #2689849678597455873-2-1674655619 - Holdem no limit (10/20) - 2023/01/25 14:06:59 UTC
Table: 'Expresso Nitro(626279432)#0' 3-max (real money) Seat #3 is the button
Seat 1: _SKR (250)
Seat 2: vuesurmer (300)
Seat 3: TheHabz (350)
*** ANTE/BLINDS ***
_SKR posts small blind 10
vuesurmer posts big blind 20
Dealt to _SKR [9h 6s]
*** PRE-FLOP *** 
TheHabz folds
_SKR folds
vuesurmer collected 30 from pot
*** SUMMARY ***
Total pot 30 | No rake
Seat 2: vuesurmer (big blind) won 30


Winamax Poker - Tournament "Expresso Nitro" buyIn: 0.93€ + 0.07€ level: 1 - HandId: #2689849678597455873-3-1674655625 - Holdem no limit (10/20) - 2023/01/25 14:07:05 UTC
Table: 'Expresso Nitro(626279432)#0' 3-max (real money) Seat #1 is the button
Seat 1: _SKR (240)
Seat 2: vuesurmer (310)
Seat 3: TheHabz (350)
*** ANTE/BLINDS ***
vuesurmer posts small blind 10
TheHabz posts big blind 20
Dealt to _SKR [8h Jd]
*** PRE-FLOP *** 
_SKR folds
vuesurmer raises 30 to 50
TheHabz folds
vuesurmer collected 70 from pot
*** SUMMARY ***
Total pot 70 | No rake
Seat 2: vuesurmer (small blind) won 70


Winamax Poker - Tournament "Expresso Nitro" buyIn: 0.93€ + 0.07€ level: 1 - HandId: #2689849678597455873-4-1674655631 - Holdem no limit (10/20) - 2023/01/25 14:07:11 UTC
Table: 'Expresso Nitro(626279432)#0' 3-max (real money) Seat #2 is the button
Seat 1: _SKR (240)
Seat 2: vuesurmer (330)
Seat 3: TheHabz (330)
*** ANTE/BLINDS ***
TheHabz posts small blind 10
_SKR posts big blind 20
Dealt to _SKR [5s Td]
*** PRE-FLOP *** 
vuesurmer raises 20 to 40
TheHabz folds
_SKR folds
vuesurmer collected 70 from pot
*** SUMMARY ***
Total pot 70 | No rake
Seat 2: vuesurmer (button) won 70


Winamax Poker - Tournament "Expresso Nitro" buyIn: 0.93€ + 0.07€ level: 1 - HandId: #2689849678597455873-5-1674655642 - Holdem no limit (10/20) - 2023/01/25 14:07:22 UTC
Table: 'Expresso Nitro(626279432)#0' 3-max (real money) Seat #3 is the button
Seat 1: _SKR (220)
Seat 2: vuesurmer (360)
Seat 3: TheHabz (320)
*** ANTE/BLINDS ***
_SKR posts small blind 10
vuesurmer posts big blind 20
Dealt to _SKR [4h 6s]
*** PRE-FLOP *** 
TheHabz raises 300 to 320 and is all-in
_SKR folds
vuesurmer folds
TheHabz collected 350 from pot
*** SUMMARY ***
Total pot 350 | No rake
Seat 3: TheHabz (button) won 350


Winamax Poker - Tournament "Expresso Nitro" buyIn: 0.93€ + 0.07€ level: 1 - HandId: #2689849678597455873-6-1674655649 - Holdem no limit (10/20) - 2023/01/25 14:07:29 UTC
Table: 'Expresso Nitro(626279432)#0' 3-max (real money) Seat #1 is the button
Seat 1: _SKR (210)
Seat 2: vuesurmer (340)
Seat 3: TheHabz (350)
*** ANTE/BLINDS ***
vuesurmer posts small blind 10
TheHabz posts big blind 20
Dealt to _SKR [5c 3c]
*** PRE-FLOP *** 
_SKR folds
vuesurmer folds
TheHabz collected 30 from pot
*** SUMMARY ***
Total pot 30 | No rake
Seat 3: TheHabz (big blind) won 30


Winamax Poker - Tournament "Expresso Nitro" buyIn: 0.93€ + 0.07€ level: 1 - HandId: #2689849678597455873-7-1674655655 - Holdem no limit (10/20) - 2023/01/25 14:07:35 UTC
Table: 'Expresso Nitro(626279432)#0' 3-max (real money) Seat #2 is the button
Seat 1: _SKR (210)
Seat 2: vuesurmer (330)
Seat 3: TheHabz (360)
*** ANTE/BLINDS ***
TheHabz posts small blind 10
_SKR posts big blind 20
Dealt to _SKR [Kc Jd]
*** PRE-FLOP *** 
vuesurmer folds
TheHabz calls 10
_SKR raises 190 to 210 and is all-in
TheHabz folds
_SKR collected 230 from pot
*** SUMMARY ***
Total pot 230 | No rake
Seat 1: _SKR (big blind) won 230


Winamax Poker - Tournament "Expresso Nitro" buyIn: 0.93€ + 0.07€ level: 2 - HandId: #2689849678597455873-8-1674655669 - Holdem no limit (15/30) - 2023/01/25 14:07:49 UTC
Table: 'Expresso Nitro(626279432)#0' 3-max (real money) Seat #3 is the button
Seat 1: _SKR (230)
Seat 2: vuesurmer (330)
Seat 3: TheHabz (340)
*** ANTE/BLINDS ***
_SKR posts small blind 15
vuesurmer posts big blind 30
Dealt to _SKR [Kc 4c]
*** PRE-FLOP *** 
TheHabz folds
_SKR raises 200 to 230 and is all-in
vuesurmer folds
_SKR collected 260 from pot
*** SUMMARY ***
Total pot 260 | No rake
Seat 1: _SKR (small blind) won 260


Winamax Poker - Tournament "Expresso Nitro" buyIn: 0.93€ + 0.07€ level: 2 - HandId: #2689849678597455873-9-1674655680 - Holdem no limit (15/30) - 2023/01/25 14:08:00 UTC
Table: 'Expresso Nitro(626279432)#0' 3-max (real money) Seat #1 is the button
Seat 1: _SKR (260)
Seat 2: vuesurmer (300)
Seat 3: TheHabz (340)
*** ANTE/BLINDS ***
vuesurmer posts small blind 15
TheHabz posts big blind 30
Dealt to _SKR [8s 4d]
*** PRE-FLOP *** 
_SKR folds
vuesurmer calls 15
TheHabz raises 45 to 75
vuesurmer folds
TheHabz collected 105 from pot
*** SUMMARY ***
Total pot 105 | No rake
Seat 3: TheHabz (big blind) won 105


Winamax Poker - Tournament "Expresso Nitro" buyIn: 0.93€ + 0.07€ level: 2 - HandId: #2689849678597455873-10-1674655693 - Holdem no limit (15/30) - 2023/01/25 14:08:13 UTC
Table: 'Expresso Nitro(626279432)#0' 3-max (real money) Seat #2 is the button
Seat 1: _SKR (260)
Seat 2: vuesurmer (270)
Seat 3: TheHabz (370)
*** ANTE/BLINDS ***
TheHabz posts small blind 15
_SKR posts big blind 30
Dealt to _SKR [6s Kc]
*** PRE-FLOP *** 
vuesurmer folds
TheHabz calls 15
_SKR raises 230 to 260 and is all-in
TheHabz calls 230
*** FLOP *** [9d Kh 9s]
*** TURN *** [9d Kh 9s][2s]
*** RIVER *** [9d Kh 9s 2s][7s]
*** SHOW DOWN ***
TheHabz shows [4d Ad] (One pair : 9)
_SKR shows [6s Kc] (Two pairs : Kings and 9)
_SKR collected 520 from pot
*** SUMMARY ***
Total pot 520 | No rake
Board: [9d Kh 9s 2s 7s]
Seat 1: _SKR (big blind) showed [6s Kc] and won 520 with Two pairs : Kings and 9
Seat 3: TheHabz (small blind) showed [4d Ad] and lost with One pair : 9


Winamax Poker - Tournament "Expresso Nitro" buyIn: 0.93€ + 0.07€ level: 2 - HandId: #2689849678597455873-11-1674655712 - Holdem no limit (15/30) - 2023/01/25 14:08:32 UTC
Table: 'Expresso Nitro(626279432)#0' 3-max (real money) Seat #3 is the button
Seat 1: _SKR (520)
Seat 2: vuesurmer (270)
Seat 3: TheHabz (110)
*** ANTE/BLINDS ***
_SKR posts small blind 15
vuesurmer posts big blind 30
Dealt to _SKR [Kd 4c]
*** PRE-FLOP *** 
TheHabz folds
_SKR folds
vuesurmer collected 45 from pot
*** SUMMARY ***
Total pot 45 | No rake
Seat 2: vuesurmer (big blind) won 45


Winamax Poker - Tournament "Expresso Nitro" buyIn: 0.93€ + 0.07€ level: 3 - HandId: #2689849678597455873-12-1674655719 - Holdem no limit (20/40) - 2023/01/25 14:08:39 UTC
Table: 'Expresso Nitro(626279432)#0' 3-max (real money) Seat #1 is the button
Seat 1: _SKR (505)
Seat 2: vuesurmer (285)
Seat 3: TheHabz (110)
*** ANTE/BLINDS ***
vuesurmer posts small blind 20
TheHabz posts big blind 40
Dealt to _SKR [5h Th]
*** PRE-FLOP *** 
_SKR folds
vuesurmer raises 245 to 285 and is all-in
TheHabz folds
vuesurmer collected 325 from pot
*** SUMMARY ***
Total pot 325 | No rake
Seat 2: vuesurmer (small blind) won 325


Winamax Poker - Tournament "Expresso Nitro" buyIn: 0.93€ + 0.07€ level: 3 - HandId: #2689849678597455873-13-1674655737 - Holdem no limit (20/40) - 2023/01/25 14:08:57 UTC
Table: 'Expresso Nitro(626279432)#0' 3-max (real money) Seat #2 is the button
Seat 1: _SKR (505)
Seat 2: vuesurmer (325)
Seat 3: TheHabz (70)
*** ANTE/BLINDS ***
TheHabz posts small blind 20
_SKR posts big blind 40
Dealt to _SKR [4d Js]
*** PRE-FLOP *** 
vuesurmer folds
TheHabz folds
_SKR collected 60 from pot
*** SUMMARY ***
Total pot 60 | No rake
Seat 1: _SKR (big blind) won 60


Winamax Poker - Tournament "Expresso Nitro" buyIn: 0.93€ + 0.07€ level: 3 - HandId: #2689849678597455873-14-1674655745 - Holdem no limit (20/40) - 2023/01/25 14:09:05 UTC
Table: 'Expresso Nitro(626279432)#0' 3-max (real money) Seat #3 is the button
Seat 1: _SKR (525)
Seat 2: vuesurmer (325)
Seat 3: TheHabz (50)
*** ANTE/BLINDS ***
_SKR posts small blind 20
vuesurmer posts big blind 40
Dealt to _SKR [3h 4s]
*** PRE-FLOP *** 
TheHabz raises 10 to 50 and is all-in
_SKR folds
vuesurmer calls 10
*** FLOP *** [6c 3c 4h]
*** TURN *** [6c 3c 4h][7c]
*** RIVER *** [6c 3c 4h 7c][9c]
*** SHOW DOWN ***
TheHabz shows [2s 8s] (High card : 9)
vuesurmer shows [7h 5s] (Straight 7 high)
vuesurmer collected 120 from pot
*** SUMMARY ***
Total pot 120 | No rake
Board: [6c 3c 4h 7c 9c]
Seat 2: vuesurmer (big blind) showed [7h 5s] and won 120 with Straight 7 high
Seat 3: TheHabz (button) showed [2s 8s] and lost with High card : 9


Winamax Poker - Tournament "Expresso Nitro" buyIn: 0.93€ + 0.07€ level: 3 - HandId: #2689849678597455873-15-1674655761 - Holdem no limit (20/40) - 2023/01/25 14:09:21 UTC
Table: 'Expresso Nitro(626279432)#0' 3-max (real money) Seat #2 is the button
Seat 1: _SKR (505)
Seat 2: vuesurmer (395)
*** ANTE/BLINDS ***
vuesurmer posts small blind 20
_SKR posts big blind 40
Dealt to _SKR [7c Th]
*** PRE-FLOP *** 
vuesurmer raises 355 to 395 and is all-in
_SKR folds
vuesurmer collected 435 from pot
*** SUMMARY ***
Total pot 435 | No rake
Seat 2: vuesurmer (small blind) (button) won 435


Winamax Poker - Tournament "Expresso Nitro" buyIn: 0.93€ + 0.07€ level: 4 - HandId: #2689849678597455873-16-1674655781 - Holdem no limit (30/60) - 2023/01/25 14:09:41 UTC
Table: 'Expresso Nitro(626279432)#0' 3-max (real money) Seat #1 is the button
Seat 1: _SKR (465)
Seat 2: vuesurmer (435)
*** ANTE/BLINDS ***
_SKR posts small blind 30
vuesurmer posts big blind 60
Dealt to _SKR [Jh 8d]
*** PRE-FLOP *** 
_SKR raises 405 to 465 and is all-in
vuesurmer calls 375 and is all-in
*** FLOP *** [8h Qs Th]
*** TURN *** [8h Qs Th][8c]
*** RIVER *** [8h Qs Th 8c][8s]
*** SHOW DOWN ***
vuesurmer shows [Kc Tc] (Full of 8 and Tens)
_SKR shows [Jh 8d] (Quads of 8)
_SKR collected 900 from pot
*** SUMMARY ***
Total pot 900 | No rake
Board: [8h Qs Th 8c 8s]
Seat 1: _SKR (small blind) (button) showed [Jh 8d] and won 900 with Quads of 8
Seat 2: vuesurmer (big blind) showed [Kc Tc] and lost with Full of 8 and Tens


