Winamax Poker - Tournament "Expresso Nitro" buyIn: 0.93€ + 0.07€ level: 1 - HandId: #2675084843754192897-1-1673743493 - Holdem no limit (10/20) - 2023/01/15 00:44:53 UTC
Table: 'Expresso Nitro(622841726)#0' 3-max (real money) Seat #2 is the button
Seat 1: boboguyot (300)
Seat 2: _SKR (300)
Seat 3: Guitou0307 (300)
*** ANTE/BLINDS ***
Guitou0307 posts small blind 10
boboguyot posts big blind 20
Dealt to _SKR [Kd Jd]
*** PRE-FLOP *** 
_SKR raises 20 to 40
Guitou0307 calls 30
boboguyot raises 120 to 160
_SKR folds
Guitou0307 calls 120
*** FLOP *** [2s 8c Js]
Guitou0307 checks
boboguyot bets 140 and is all-in
Guitou0307 calls 140 and is all-in
*** TURN *** [2s 8c Js][5s]
*** RIVER *** [2s 8c Js 5s][5c]
*** SHOW DOWN ***
boboguyot shows [9c 4s] (One pair : 5)
Guitou0307 shows [3d Th] (One pair : 5)
Guitou0307 collected 640 from pot
*** SUMMARY ***
Total pot 640 | No rake
Board: [2s 8c Js 5s 5c]
Seat 1: boboguyot (big blind) showed [9c 4s] and lost with One pair : 5
Seat 3: Guitou0307 (small blind) showed [3d Th] and won 640 with One pair : 5


Winamax Poker - Tournament "Expresso Nitro" buyIn: 0.93€ + 0.07€ level: 1 - HandId: #2675084843754192897-2-1673743535 - Holdem no limit (10/20) - 2023/01/15 00:45:35 UTC
Table: 'Expresso Nitro(622841726)#0' 3-max (real money) Seat #2 is the button
Seat 2: _SKR (260)
Seat 3: Guitou0307 (640)
*** ANTE/BLINDS ***
_SKR posts small blind 10
Guitou0307 posts big blind 20
Dealt to _SKR [Jc 3c]
*** PRE-FLOP *** 
_SKR folds
Guitou0307 collected 30 from pot
*** SUMMARY ***
Total pot 30 | No rake
Seat 3: Guitou0307 (big blind) won 30


Winamax Poker - Tournament "Expresso Nitro" buyIn: 0.93€ + 0.07€ level: 1 - HandId: #2675084843754192897-3-1673743542 - Holdem no limit (10/20) - 2023/01/15 00:45:42 UTC
Table: 'Expresso Nitro(622841726)#0' 3-max (real money) Seat #3 is the button
Seat 2: _SKR (250)
Seat 3: Guitou0307 (650)
*** ANTE/BLINDS ***
Guitou0307 posts small blind 10
_SKR posts big blind 20
Dealt to _SKR [3s Jh]
*** PRE-FLOP *** 
Guitou0307 calls 10
_SKR checks
*** FLOP *** [Qh 9h 7s]
_SKR checks
Guitou0307 bets 20
_SKR folds
Guitou0307 collected 60 from pot
*** SUMMARY ***
Total pot 60 | No rake
Board: [Qh 9h 7s]
Seat 3: Guitou0307 (small blind) (button) won 60


Winamax Poker - Tournament "Expresso Nitro" buyIn: 0.93€ + 0.07€ level: 2 - HandId: #2675084843754192897-4-1673743570 - Holdem no limit (15/30) - 2023/01/15 00:46:10 UTC
Table: 'Expresso Nitro(622841726)#0' 3-max (real money) Seat #2 is the button
Seat 2: _SKR (230)
Seat 3: Guitou0307 (670)
*** ANTE/BLINDS ***
_SKR posts small blind 15
Guitou0307 posts big blind 30
Dealt to _SKR [6c Qs]
*** PRE-FLOP *** 
_SKR raises 200 to 230 and is all-in
Guitou0307 folds
_SKR collected 260 from pot
*** SUMMARY ***
Total pot 260 | No rake
Seat 2: _SKR (small blind) (button) won 260


Winamax Poker - Tournament "Expresso Nitro" buyIn: 0.93€ + 0.07€ level: 2 - HandId: #2675084843754192897-5-1673743581 - Holdem no limit (15/30) - 2023/01/15 00:46:21 UTC
Table: 'Expresso Nitro(622841726)#0' 3-max (real money) Seat #3 is the button
Seat 2: _SKR (260)
Seat 3: Guitou0307 (640)
*** ANTE/BLINDS ***
Guitou0307 posts small blind 15
_SKR posts big blind 30
Dealt to _SKR [7d 6h]
*** PRE-FLOP *** 
Guitou0307 calls 15
_SKR checks
*** FLOP *** [Ac 4s Jd]
_SKR checks
Guitou0307 bets 30
_SKR folds
Guitou0307 collected 90 from pot
*** SUMMARY ***
Total pot 90 | No rake
Board: [Ac 4s Jd]
Seat 3: Guitou0307 (small blind) (button) won 90


Winamax Poker - Tournament "Expresso Nitro" buyIn: 0.93€ + 0.07€ level: 2 - HandId: #2675084843754192897-6-1673743602 - Holdem no limit (15/30) - 2023/01/15 00:46:42 UTC
Table: 'Expresso Nitro(622841726)#0' 3-max (real money) Seat #2 is the button
Seat 2: _SKR (230)
Seat 3: Guitou0307 (670)
*** ANTE/BLINDS ***
_SKR posts small blind 15
Guitou0307 posts big blind 30
Dealt to _SKR [8d 5d]
*** PRE-FLOP *** 
_SKR folds
Guitou0307 collected 45 from pot
*** SUMMARY ***
Total pot 45 | No rake
Seat 3: Guitou0307 (big blind) won 45


Winamax Poker - Tournament "Expresso Nitro" buyIn: 0.93€ + 0.07€ level: 3 - HandId: #2675084843754192897-7-1673743611 - Holdem no limit (20/40) - 2023/01/15 00:46:51 UTC
Table: 'Expresso Nitro(622841726)#0' 3-max (real money) Seat #3 is the button
Seat 2: _SKR (215)
Seat 3: Guitou0307 (685)
*** ANTE/BLINDS ***
Guitou0307 posts small blind 20
_SKR posts big blind 40
Dealt to _SKR [Jd 5s]
*** PRE-FLOP *** 
Guitou0307 calls 20
_SKR checks
*** FLOP *** [7h Qc Ac]
_SKR checks
Guitou0307 bets 40
_SKR folds
Guitou0307 collected 120 from pot
*** SUMMARY ***
Total pot 120 | No rake
Board: [7h Qc Ac]
Seat 3: Guitou0307 (small blind) (button) won 120


Winamax Poker - Tournament "Expresso Nitro" buyIn: 0.93€ + 0.07€ level: 3 - HandId: #2675084843754192897-8-1673743632 - Holdem no limit (20/40) - 2023/01/15 00:47:12 UTC
Table: 'Expresso Nitro(622841726)#0' 3-max (real money) Seat #2 is the button
Seat 2: _SKR (175)
Seat 3: Guitou0307 (725)
*** ANTE/BLINDS ***
_SKR posts small blind 20
Guitou0307 posts big blind 40
Dealt to _SKR [3c Tc]
*** PRE-FLOP *** 
_SKR raises 135 to 175 and is all-in
Guitou0307 raises 550 to 725 and is all-in
*** FLOP *** [Js Ks 8d]
*** TURN *** [Js Ks 8d][5c]
*** RIVER *** [Js Ks 8d 5c][7s]
*** SHOW DOWN ***
_SKR shows [3c Tc] (High card : King)
Guitou0307 shows [6d Th] (High card : King)
Guitou0307 collected 725 from side pot 1
_SKR collected 175 from main pot
*** SUMMARY ***
Total pot 900 | No rake
Board: [Js Ks 8d 5c 7s]
Seat 2: _SKR (small blind) (button) showed [3c Tc] and won 175 with High card : King
Seat 3: Guitou0307 (big blind) showed [6d Th] and won 725 with High card : King


Winamax Poker - Tournament "Expresso Nitro" buyIn: 0.93€ + 0.07€ level: 3 - HandId: #2675084843754192897-9-1673743652 - Holdem no limit (20/40) - 2023/01/15 00:47:32 UTC
Table: 'Expresso Nitro(622841726)#0' 3-max (real money) Seat #3 is the button
Seat 2: _SKR (175)
Seat 3: Guitou0307 (725)
*** ANTE/BLINDS ***
Guitou0307 posts small blind 20
_SKR posts big blind 40
Dealt to _SKR [5h Qh]
*** PRE-FLOP *** 
Guitou0307 calls 20
_SKR raises 135 to 175 and is all-in
Guitou0307 folds
_SKR collected 215 from pot
*** SUMMARY ***
Total pot 215 | No rake
Seat 2: _SKR (big blind) won 215


Winamax Poker - Tournament "Expresso Nitro" buyIn: 0.93€ + 0.07€ level: 4 - HandId: #2675084843754192897-10-1673743669 - Holdem no limit (30/60) - 2023/01/15 00:47:49 UTC
Table: 'Expresso Nitro(622841726)#0' 3-max (real money) Seat #2 is the button
Seat 2: _SKR (215)
Seat 3: Guitou0307 (685)
*** ANTE/BLINDS ***
_SKR posts small blind 30
Guitou0307 posts big blind 60
Dealt to _SKR [6s 7s]
*** PRE-FLOP *** 
_SKR raises 155 to 215 and is all-in
Guitou0307 raises 470 to 685 and is all-in
*** FLOP *** [As 6h 9h]
*** TURN *** [As 6h 9h][Ks]
*** RIVER *** [As 6h 9h Ks][9c]
*** SHOW DOWN ***
_SKR shows [6s 7s] (Two pairs : 9 and 6)
Guitou0307 shows [4h Kd] (Two pairs : Kings and 9)
Guitou0307 collected 900 from pot
*** SUMMARY ***
Total pot 900 | No rake
Board: [As 6h 9h Ks 9c]
Seat 2: _SKR (small blind) (button) showed [6s 7s] and lost with Two pairs : 9 and 6
Seat 3: Guitou0307 (big blind) showed [4h Kd] and won 900 with Two pairs : Kings and 9


