Winamax Poker - Tournament "Expresso Nitro" buyIn: 1.86€ + 0.14€ level: 1 - HandId: #2696527790102020097-1-1675085219 - Holdem no limit (10/20) - 2023/01/30 13:26:59 UTC
Table: 'Expresso Nitro(627834301)#0' 3-max (real money) Seat #1 is the button
Seat 1: _SKR (300)
Seat 2: JpKerpo (300)
Seat 3: Hattersgonna (300)
*** ANTE/BLINDS ***
JpKerpo posts small blind 10
Hattersgonna posts big blind 20
Dealt to _SKR [4c 7s]
*** PRE-FLOP *** 
_SKR folds
JpKerpo calls 10
Hattersgonna raises 280 to 300 and is all-in
JpKerpo folds
Hattersgonna collected 320 from pot
*** SUMMARY ***
Total pot 320 | No rake
Seat 3: Hattersgonna (big blind) won 320


Winamax Poker - Tournament "Expresso Nitro" buyIn: 1.86€ + 0.14€ level: 1 - HandId: #2696527790102020097-2-1675085229 - Holdem no limit (10/20) - 2023/01/30 13:27:09 UTC
Table: 'Expresso Nitro(627834301)#0' 3-max (real money) Seat #2 is the button
Seat 1: _SKR (300)
Seat 2: JpKerpo (280)
Seat 3: Hattersgonna (320)
*** ANTE/BLINDS ***
Hattersgonna posts small blind 10
_SKR posts big blind 20
Dealt to _SKR [6s 8c]
*** PRE-FLOP *** 
JpKerpo folds
Hattersgonna calls 10
_SKR checks
*** FLOP *** [2c 9s 9c]
Hattersgonna bets 20
_SKR folds
Hattersgonna collected 60 from pot
*** SUMMARY ***
Total pot 60 | No rake
Board: [2c 9s 9c]
Seat 3: Hattersgonna (small blind) won 60


Winamax Poker - Tournament "Expresso Nitro" buyIn: 1.86€ + 0.14€ level: 1 - HandId: #2696527790102020097-3-1675085249 - Holdem no limit (10/20) - 2023/01/30 13:27:29 UTC
Table: 'Expresso Nitro(627834301)#0' 3-max (real money) Seat #3 is the button
Seat 1: _SKR (280)
Seat 2: JpKerpo (280)
Seat 3: Hattersgonna (340)
*** ANTE/BLINDS ***
_SKR posts small blind 10
JpKerpo posts big blind 20
Dealt to _SKR [6c Kc]
*** PRE-FLOP *** 
Hattersgonna folds
_SKR raises 20 to 40
JpKerpo folds
_SKR collected 60 from pot
*** SUMMARY ***
Total pot 60 | No rake
Seat 1: _SKR (small blind) won 60


Winamax Poker - Tournament "Expresso Nitro" buyIn: 1.86€ + 0.14€ level: 1 - HandId: #2696527790102020097-4-1675085256 - Holdem no limit (10/20) - 2023/01/30 13:27:36 UTC
Table: 'Expresso Nitro(627834301)#0' 3-max (real money) Seat #1 is the button
Seat 1: _SKR (300)
Seat 2: JpKerpo (260)
Seat 3: Hattersgonna (340)
*** ANTE/BLINDS ***
JpKerpo posts small blind 10
Hattersgonna posts big blind 20
Dealt to _SKR [3c Ah]
*** PRE-FLOP *** 
_SKR raises 280 to 300 and is all-in
JpKerpo folds
Hattersgonna folds
_SKR collected 330 from pot
*** SUMMARY ***
Total pot 330 | No rake
Seat 1: _SKR (button) won 330


Winamax Poker - Tournament "Expresso Nitro" buyIn: 1.86€ + 0.14€ level: 1 - HandId: #2696527790102020097-5-1675085261 - Holdem no limit (10/20) - 2023/01/30 13:27:41 UTC
Table: 'Expresso Nitro(627834301)#0' 3-max (real money) Seat #2 is the button
Seat 1: _SKR (330)
Seat 2: JpKerpo (250)
Seat 3: Hattersgonna (320)
*** ANTE/BLINDS ***
Hattersgonna posts small blind 10
_SKR posts big blind 20
Dealt to _SKR [4d 6d]
*** PRE-FLOP *** 
JpKerpo calls 20
Hattersgonna folds
_SKR checks
*** FLOP *** [3d Jh 6h]
_SKR checks
JpKerpo checks
*** TURN *** [3d Jh 6h][As]
_SKR checks
JpKerpo checks
*** RIVER *** [3d Jh 6h As][8d]
_SKR checks
JpKerpo bets 33
_SKR calls 33
*** SHOW DOWN ***
JpKerpo shows [9s 4s] (High card : Ace)
_SKR shows [4d 6d] (One pair : 6)
_SKR collected 116 from pot
*** SUMMARY ***
Total pot 116 | No rake
Board: [3d Jh 6h As 8d]
Seat 1: _SKR (big blind) showed [4d 6d] and won 116 with One pair : 6
Seat 2: JpKerpo (button) showed [9s 4s] and lost with High card : Ace


Winamax Poker - Tournament "Expresso Nitro" buyIn: 1.86€ + 0.14€ level: 2 - HandId: #2696527790102020097-6-1675085322 - Holdem no limit (15/30) - 2023/01/30 13:28:42 UTC
Table: 'Expresso Nitro(627834301)#0' 3-max (real money) Seat #3 is the button
Seat 1: _SKR (393)
Seat 2: JpKerpo (197)
Seat 3: Hattersgonna (310)
*** ANTE/BLINDS ***
_SKR posts small blind 15
JpKerpo posts big blind 30
Dealt to _SKR [8c Jd]
*** PRE-FLOP *** 
Hattersgonna raises 280 to 310 and is all-in
_SKR folds
JpKerpo folds
Hattersgonna collected 355 from pot
*** SUMMARY ***
Total pot 355 | No rake
Seat 3: Hattersgonna (button) won 355


Winamax Poker - Tournament "Expresso Nitro" buyIn: 1.86€ + 0.14€ level: 2 - HandId: #2696527790102020097-7-1675085328 - Holdem no limit (15/30) - 2023/01/30 13:28:48 UTC
Table: 'Expresso Nitro(627834301)#0' 3-max (real money) Seat #1 is the button
Seat 1: _SKR (378)
Seat 2: JpKerpo (167)
Seat 3: Hattersgonna (355)
*** ANTE/BLINDS ***
JpKerpo posts small blind 15
Hattersgonna posts big blind 30
Dealt to _SKR [3s Kc]
*** PRE-FLOP *** 
_SKR folds
JpKerpo calls 15
Hattersgonna checks
*** FLOP *** [5c Kh 9c]
JpKerpo checks
Hattersgonna bets 30
JpKerpo folds
Hattersgonna collected 90 from pot
*** SUMMARY ***
Total pot 90 | No rake
Board: [5c Kh 9c]
Seat 3: Hattersgonna (big blind) won 90


Winamax Poker - Tournament "Expresso Nitro" buyIn: 1.86€ + 0.14€ level: 3 - HandId: #2696527790102020097-8-1675085338 - Holdem no limit (20/40) - 2023/01/30 13:28:58 UTC
Table: 'Expresso Nitro(627834301)#0' 3-max (real money) Seat #2 is the button
Seat 1: _SKR (378)
Seat 2: JpKerpo (137)
Seat 3: Hattersgonna (385)
*** ANTE/BLINDS ***
Hattersgonna posts small blind 20
_SKR posts big blind 40
Dealt to _SKR [Ts Td]
*** PRE-FLOP *** 
JpKerpo raises 97 to 137 and is all-in
Hattersgonna raises 248 to 385 and is all-in
_SKR calls 338 and is all-in
*** FLOP *** [6h 8h 5s]
*** TURN *** [6h 8h 5s][Ac]
*** RIVER *** [6h 8h 5s Ac][Qs]
*** SHOW DOWN ***
_SKR shows [Ts Td] (One pair : Tens)
JpKerpo shows [2h As] (One pair : Aces)
Hattersgonna shows [Jc Kd] (High card : Ace)
Hattersgonna collected 7 from side pot 2
JpKerpo collected 411 from main pot
_SKR collected 482 from side pot 1
*** SUMMARY ***
Total pot 900 | No rake
Board: [6h 8h 5s Ac Qs]
Seat 1: _SKR (big blind) showed [Ts Td] and won 482 with One pair : Tens
Seat 2: JpKerpo (button) showed [2h As] and won 411 with One pair : Aces
Seat 3: Hattersgonna (small blind) showed [Jc Kd] and won 7 with High card : Ace


Winamax Poker - Tournament "Expresso Nitro" buyIn: 1.86€ + 0.14€ level: 3 - HandId: #2696527790102020097-9-1675085351 - Holdem no limit (20/40) - 2023/01/30 13:29:11 UTC
Table: 'Expresso Nitro(627834301)#0' 3-max (real money) Seat #3 is the button
Seat 1: _SKR (482)
Seat 2: JpKerpo (411)
Seat 3: Hattersgonna (7)
*** ANTE/BLINDS ***
_SKR posts small blind 20
JpKerpo posts big blind 40
Dealt to _SKR [6d Qd]
*** PRE-FLOP *** 
Hattersgonna calls 7 and is all-in
_SKR calls 20
JpKerpo checks
*** FLOP *** [2h Th 4s]
_SKR checks
JpKerpo checks
*** TURN *** [2h Th 4s][2d]
_SKR checks
JpKerpo checks
*** RIVER *** [2h Th 4s 2d][4h]
_SKR checks
JpKerpo checks
*** SHOW DOWN ***
Hattersgonna shows [9s Jc] (Two pairs : 4 and 2)
_SKR shows [6d Qd] (Two pairs : 4 and 2)
JpKerpo shows [Qs 8d] (Two pairs : 4 and 2)
JpKerpo collected 44 from pot
_SKR collected 43 from pot
*** SUMMARY ***
Total pot 87 | No rake
Board: [2h Th 4s 2d 4h]
Seat 1: _SKR (small blind) showed [6d Qd] and won 43 with Two pairs : 4 and 2
Seat 2: JpKerpo (big blind) showed [Qs 8d] and won 44 with Two pairs : 4 and 2
Seat 3: Hattersgonna (button) showed [9s Jc] and lost with Two pairs : 4 and 2


Winamax Poker - Tournament "Expresso Nitro" buyIn: 1.86€ + 0.14€ level: 3 - HandId: #2696527790102020097-10-1675085380 - Holdem no limit (20/40) - 2023/01/30 13:29:40 UTC
Table: 'Expresso Nitro(627834301)#0' 3-max (real money) Seat #2 is the button
Seat 1: _SKR (485)
Seat 2: JpKerpo (415)
*** ANTE/BLINDS ***
JpKerpo posts small blind 20
_SKR posts big blind 40
Dealt to _SKR [Js 3c]
*** PRE-FLOP *** 
JpKerpo raises 375 to 415 and is all-in
_SKR folds
JpKerpo collected 455 from pot
*** SUMMARY ***
Total pot 455 | No rake
Seat 2: JpKerpo (small blind) (button) won 455


Winamax Poker - Tournament "Expresso Nitro" buyIn: 1.86€ + 0.14€ level: 3 - HandId: #2696527790102020097-11-1675085385 - Holdem no limit (20/40) - 2023/01/30 13:29:45 UTC
Table: 'Expresso Nitro(627834301)#0' 3-max (real money) Seat #1 is the button
Seat 1: _SKR (445)
Seat 2: JpKerpo (455)
*** ANTE/BLINDS ***
_SKR posts small blind 20
JpKerpo posts big blind 40
Dealt to _SKR [3s 9s]
*** PRE-FLOP *** 
_SKR folds
JpKerpo collected 60 from pot
*** SUMMARY ***
Total pot 60 | No rake
Seat 2: JpKerpo (big blind) won 60


Winamax Poker - Tournament "Expresso Nitro" buyIn: 1.86€ + 0.14€ level: 3 - HandId: #2696527790102020097-12-1675085389 - Holdem no limit (20/40) - 2023/01/30 13:29:49 UTC
Table: 'Expresso Nitro(627834301)#0' 3-max (real money) Seat #2 is the button
Seat 1: _SKR (425)
Seat 2: JpKerpo (475)
*** ANTE/BLINDS ***
JpKerpo posts small blind 20
_SKR posts big blind 40
Dealt to _SKR [7d As]
*** PRE-FLOP *** 
JpKerpo raises 435 to 475 and is all-in
_SKR calls 385 and is all-in
*** FLOP *** [6s Qd 4s]
*** TURN *** [6s Qd 4s][Ts]
*** RIVER *** [6s Qd 4s Ts][4d]
*** SHOW DOWN ***
_SKR shows [7d As] (One pair : 4)
JpKerpo shows [8c 8s] (Two pairs : 8 and 4)
JpKerpo collected 900 from pot
*** SUMMARY ***
Total pot 900 | No rake
Board: [6s Qd 4s Ts 4d]
Seat 1: _SKR (big blind) showed [7d As] and lost with One pair : 4
Seat 2: JpKerpo (small blind) (button) showed [8c 8s] and won 900 with Two pairs : 8 and 4


