Winamax Poker - Tournament "Expresso Nitro" buyIn: 1.86€ + 0.14€ level: 1 - HandId: #2694490266206732289-1-1674942493 - Holdem no limit (10/20) - 2023/01/28 21:48:13 UTC
Table: 'Expresso Nitro(627359903)#0' 3-max (real money) Seat #3 is the button
Seat 1: Zlatannn93 (300)
Seat 2: El druidos (300)
Seat 3: _SKR (300)
*** ANTE/BLINDS ***
Zlatannn93 posts small blind 10
El druidos posts big blind 20
Dealt to _SKR [2c Qh]
*** PRE-FLOP *** 
_SKR folds
Zlatannn93 calls 10
El druidos checks
*** FLOP *** [9c 7h Qc]
Zlatannn93 checks
El druidos bets 26
Zlatannn93 folds
El druidos collected 66 from pot
*** SUMMARY ***
Total pot 66 | No rake
Board: [9c 7h Qc]
Seat 2: El druidos (big blind) won 66


Winamax Poker - Tournament "Expresso Nitro" buyIn: 1.86€ + 0.14€ level: 1 - HandId: #2694490266206732289-2-1674942514 - Holdem no limit (10/20) - 2023/01/28 21:48:34 UTC
Table: 'Expresso Nitro(627359903)#0' 3-max (real money) Seat #1 is the button
Seat 1: Zlatannn93 (280)
Seat 2: El druidos (320)
Seat 3: _SKR (300)
*** ANTE/BLINDS ***
El druidos posts small blind 10
_SKR posts big blind 20
Dealt to _SKR [As 4h]
*** PRE-FLOP *** 
Zlatannn93 raises 20 to 40
El druidos folds
_SKR calls 20
*** FLOP *** [8h Qc 3s]
_SKR checks
Zlatannn93 checks
*** TURN *** [8h Qc 3s][5h]
_SKR checks
Zlatannn93 bets 31
_SKR calls 31
*** RIVER *** [8h Qc 3s 5h][5s]
_SKR checks
Zlatannn93 bets 99
_SKR folds
Zlatannn93 collected 251 from pot
*** SUMMARY ***
Total pot 251 | No rake
Board: [8h Qc 3s 5h 5s]
Seat 1: Zlatannn93 (button) won 251


Winamax Poker - Tournament "Expresso Nitro" buyIn: 1.86€ + 0.14€ level: 1 - HandId: #2694490266206732289-3-1674942543 - Holdem no limit (10/20) - 2023/01/28 21:49:03 UTC
Table: 'Expresso Nitro(627359903)#0' 3-max (real money) Seat #2 is the button
Seat 1: Zlatannn93 (361)
Seat 2: El druidos (310)
Seat 3: _SKR (229)
*** ANTE/BLINDS ***
_SKR posts small blind 10
Zlatannn93 posts big blind 20
Dealt to _SKR [5s 4h]
*** PRE-FLOP *** 
El druidos raises 30 to 50
_SKR folds
Zlatannn93 calls 30
*** FLOP *** [9s 5c 7d]
Zlatannn93 checks
El druidos checks
*** TURN *** [9s 5c 7d][Ac]
Zlatannn93 bets 39
El druidos raises 40 to 79
Zlatannn93 calls 40
*** RIVER *** [9s 5c 7d Ac][Qc]
Zlatannn93 checks
El druidos bets 120
Zlatannn93 folds
El druidos collected 388 from pot
*** SUMMARY ***
Total pot 388 | No rake
Board: [9s 5c 7d Ac Qc]
Seat 2: El druidos (button) won 388


Winamax Poker - Tournament "Expresso Nitro" buyIn: 1.86€ + 0.14€ level: 2 - HandId: #2694490266206732289-4-1674942583 - Holdem no limit (15/30) - 2023/01/28 21:49:43 UTC
Table: 'Expresso Nitro(627359903)#0' 3-max (real money) Seat #3 is the button
Seat 1: Zlatannn93 (232)
Seat 2: El druidos (449)
Seat 3: _SKR (219)
*** ANTE/BLINDS ***
Zlatannn93 posts small blind 15
El druidos posts big blind 30
Dealt to _SKR [8d 2d]
*** PRE-FLOP *** 
_SKR folds
Zlatannn93 raises 202 to 232 and is all-in
El druidos calls 202
*** FLOP *** [9d 7c Jh]
*** TURN *** [9d 7c Jh][4d]
*** RIVER *** [9d 7c Jh 4d][3h]
*** SHOW DOWN ***
Zlatannn93 shows [6d Ac] (High card : Ace)
El druidos shows [6c Ah] (High card : Ace)
El druidos collected 232 from pot
Zlatannn93 collected 232 from pot
*** SUMMARY ***
Total pot 464 | No rake
Board: [9d 7c Jh 4d 3h]
Seat 1: Zlatannn93 (small blind) showed [6d Ac] and won 232 with High card : Ace
Seat 2: El druidos (big blind) showed [6c Ah] and won 232 with High card : Ace


Winamax Poker - Tournament "Expresso Nitro" buyIn: 1.86€ + 0.14€ level: 2 - HandId: #2694490266206732289-5-1674942605 - Holdem no limit (15/30) - 2023/01/28 21:50:05 UTC
Table: 'Expresso Nitro(627359903)#0' 3-max (real money) Seat #1 is the button
Seat 1: Zlatannn93 (232)
Seat 2: El druidos (449)
Seat 3: _SKR (219)
*** ANTE/BLINDS ***
El druidos posts small blind 15
_SKR posts big blind 30
Dealt to _SKR [Qd Qs]
*** PRE-FLOP *** 
Zlatannn93 folds
El druidos calls 15
_SKR raises 189 to 219 and is all-in
El druidos calls 189
*** FLOP *** [Qh 4s 4h]
*** TURN *** [Qh 4s 4h][Kd]
*** RIVER *** [Qh 4s 4h Kd][4c]
*** SHOW DOWN ***
El druidos shows [Jd 8d] (Trips of 4)
_SKR shows [Qd Qs] (Full of Queens and 4)
_SKR collected 438 from pot
*** SUMMARY ***
Total pot 438 | No rake
Board: [Qh 4s 4h Kd 4c]
Seat 2: El druidos (small blind) showed [Jd 8d] and lost with Trips of 4
Seat 3: _SKR (big blind) showed [Qd Qs] and won 438 with Full of Queens and 4


Winamax Poker - Tournament "Expresso Nitro" buyIn: 1.86€ + 0.14€ level: 3 - HandId: #2694490266206732289-6-1674942638 - Holdem no limit (20/40) - 2023/01/28 21:50:38 UTC
Table: 'Expresso Nitro(627359903)#0' 3-max (real money) Seat #2 is the button
Seat 1: Zlatannn93 (232)
Seat 2: El druidos (230)
Seat 3: _SKR (438)
*** ANTE/BLINDS ***
_SKR posts small blind 20
Zlatannn93 posts big blind 40
Dealt to _SKR [Kh 7s]
*** PRE-FLOP *** 
El druidos folds
_SKR raises 398 to 438 and is all-in
Zlatannn93 folds
_SKR collected 478 from pot
*** SUMMARY ***
Total pot 478 | No rake
Seat 3: _SKR (small blind) won 478


Winamax Poker - Tournament "Expresso Nitro" buyIn: 1.86€ + 0.14€ level: 3 - HandId: #2694490266206732289-7-1674942647 - Holdem no limit (20/40) - 2023/01/28 21:50:47 UTC
Table: 'Expresso Nitro(627359903)#0' 3-max (real money) Seat #3 is the button
Seat 1: Zlatannn93 (192)
Seat 2: El druidos (230)
Seat 3: _SKR (478)
*** ANTE/BLINDS ***
Zlatannn93 posts small blind 20
El druidos posts big blind 40
Dealt to _SKR [9h 2d]
*** PRE-FLOP *** 
_SKR folds
Zlatannn93 raises 80 to 120
El druidos calls 80
*** FLOP *** [9s 4c 5s]
Zlatannn93 bets 72 and is all-in
El druidos calls 72
*** TURN *** [9s 4c 5s][6d]
*** RIVER *** [9s 4c 5s 6d][Qh]
*** SHOW DOWN ***
El druidos shows [4s Kh] (One pair : 4)
Zlatannn93 shows [Ah Qd] (One pair : Queens)
Zlatannn93 collected 384 from pot
*** SUMMARY ***
Total pot 384 | No rake
Board: [9s 4c 5s 6d Qh]
Seat 1: Zlatannn93 (small blind) showed [Ah Qd] and won 384 with One pair : Queens
Seat 2: El druidos (big blind) showed [4s Kh] and lost with One pair : 4


Winamax Poker - Tournament "Expresso Nitro" buyIn: 1.86€ + 0.14€ level: 4 - HandId: #2694490266206732289-8-1674942674 - Holdem no limit (30/60) - 2023/01/28 21:51:14 UTC
Table: 'Expresso Nitro(627359903)#0' 3-max (real money) Seat #1 is the button
Seat 1: Zlatannn93 (384)
Seat 2: El druidos (38)
Seat 3: _SKR (478)
*** ANTE/BLINDS ***
El druidos posts small blind 30
_SKR posts big blind 60
Dealt to _SKR [Tc 3c]
*** PRE-FLOP *** 
Zlatannn93 folds
El druidos calls 8 and is all-in
*** FLOP *** [Qd Qc Js]
*** TURN *** [Qd Qc Js][2d]
*** RIVER *** [Qd Qc Js 2d][2c]
*** SHOW DOWN ***
El druidos shows [4h Ac] (Two pairs : Queens and 2)
_SKR shows [Tc 3c] (Two pairs : Queens and 2)
_SKR collected 22 from side pot 1
El druidos collected 76 from main pot
*** SUMMARY ***
Total pot 98 | No rake
Board: [Qd Qc Js 2d 2c]
Seat 2: El druidos (small blind) showed [4h Ac] and won 76 with Two pairs : Queens and 2
Seat 3: _SKR (big blind) showed [Tc 3c] and won 22 with Two pairs : Queens and 2


Winamax Poker - Tournament "Expresso Nitro" buyIn: 1.86€ + 0.14€ level: 4 - HandId: #2694490266206732289-9-1674942686 - Holdem no limit (30/60) - 2023/01/28 21:51:26 UTC
Table: 'Expresso Nitro(627359903)#0' 3-max (real money) Seat #2 is the button
Seat 1: Zlatannn93 (384)
Seat 2: El druidos (76)
Seat 3: _SKR (440)
*** ANTE/BLINDS ***
_SKR posts small blind 30
Zlatannn93 posts big blind 60
Dealt to _SKR [5s 8c]
*** PRE-FLOP *** 
El druidos raises 16 to 76 and is all-in
_SKR folds
Zlatannn93 calls 16
*** FLOP *** [8d 2h Ac]
*** TURN *** [8d 2h Ac][Jh]
*** RIVER *** [8d 2h Ac Jh][Qh]
*** SHOW DOWN ***
Zlatannn93 shows [Ts 4c] (High card : Ace)
El druidos shows [7h Jc] (One pair : Jacks)
El druidos collected 182 from pot
*** SUMMARY ***
Total pot 182 | No rake
Board: [8d 2h Ac Jh Qh]
Seat 1: Zlatannn93 (big blind) showed [Ts 4c] and lost with High card : Ace
Seat 2: El druidos (button) showed [7h Jc] and won 182 with One pair : Jacks


Winamax Poker - Tournament "Expresso Nitro" buyIn: 1.86€ + 0.14€ level: 4 - HandId: #2694490266206732289-10-1674942706 - Holdem no limit (30/60) - 2023/01/28 21:51:46 UTC
Table: 'Expresso Nitro(627359903)#0' 3-max (real money) Seat #3 is the button
Seat 1: Zlatannn93 (308)
Seat 2: El druidos (182)
Seat 3: _SKR (410)
*** ANTE/BLINDS ***
Zlatannn93 posts small blind 30
El druidos posts big blind 60
Dealt to _SKR [6h 3d]
*** PRE-FLOP *** 
_SKR folds
Zlatannn93 raises 248 to 308 and is all-in
El druidos calls 122 and is all-in
*** FLOP *** [2d Kh 5c]
*** TURN *** [2d Kh 5c][Tc]
*** RIVER *** [2d Kh 5c Tc][Qs]
*** SHOW DOWN ***
El druidos shows [5h 5s] (Trips of 5)
Zlatannn93 shows [Ac Jd] (Straight Ace high)
Zlatannn93 collected 490 from pot
*** SUMMARY ***
Total pot 490 | No rake
Board: [2d Kh 5c Tc Qs]
Seat 1: Zlatannn93 (small blind) showed [Ac Jd] and won 490 with Straight Ace high
Seat 2: El druidos (big blind) showed [5h 5s] and lost with Trips of 5


Winamax Poker - Tournament "Expresso Nitro" buyIn: 1.86€ + 0.14€ level: 4 - HandId: #2694490266206732289-11-1674942721 - Holdem no limit (30/60) - 2023/01/28 21:52:01 UTC
Table: 'Expresso Nitro(627359903)#0' 3-max (real money) Seat #3 is the button
Seat 1: Zlatannn93 (490)
Seat 3: _SKR (410)
*** ANTE/BLINDS ***
_SKR posts small blind 30
Zlatannn93 posts big blind 60
Dealt to _SKR [4h As]
*** PRE-FLOP *** 
_SKR raises 350 to 410 and is all-in
Zlatannn93 folds
_SKR collected 470 from pot
*** SUMMARY ***
Total pot 470 | No rake
Seat 3: _SKR (small blind) (button) won 470


Winamax Poker - Tournament "Expresso Nitro" buyIn: 1.86€ + 0.14€ level: 4 - HandId: #2694490266206732289-12-1674942727 - Holdem no limit (30/60) - 2023/01/28 21:52:07 UTC
Table: 'Expresso Nitro(627359903)#0' 3-max (real money) Seat #1 is the button
Seat 1: Zlatannn93 (430)
Seat 3: _SKR (470)
*** ANTE/BLINDS ***
Zlatannn93 posts small blind 30
_SKR posts big blind 60
Dealt to _SKR [9h 6h]
*** PRE-FLOP *** 
Zlatannn93 folds
_SKR collected 90 from pot
*** SUMMARY ***
Total pot 90 | No rake
Seat 3: _SKR (big blind) won 90


Winamax Poker - Tournament "Expresso Nitro" buyIn: 1.86€ + 0.14€ level: 5 - HandId: #2694490266206732289-13-1674942731 - Holdem no limit (40/80) - 2023/01/28 21:52:11 UTC
Table: 'Expresso Nitro(627359903)#0' 3-max (real money) Seat #3 is the button
Seat 1: Zlatannn93 (400)
Seat 3: _SKR (500)
*** ANTE/BLINDS ***
_SKR posts small blind 40
Zlatannn93 posts big blind 80
Dealt to _SKR [2c 3s]
*** PRE-FLOP *** 
_SKR folds
Zlatannn93 collected 120 from pot
*** SUMMARY ***
Total pot 120 | No rake
Seat 1: Zlatannn93 (big blind) won 120


Winamax Poker - Tournament "Expresso Nitro" buyIn: 1.86€ + 0.14€ level: 5 - HandId: #2694490266206732289-14-1674942734 - Holdem no limit (40/80) - 2023/01/28 21:52:14 UTC
Table: 'Expresso Nitro(627359903)#0' 3-max (real money) Seat #1 is the button
Seat 1: Zlatannn93 (440)
Seat 3: _SKR (460)
*** ANTE/BLINDS ***
Zlatannn93 posts small blind 40
_SKR posts big blind 80
Dealt to _SKR [4c 7s]
*** PRE-FLOP *** 
Zlatannn93 calls 40
_SKR checks
*** FLOP *** [Js Qh 4s]
_SKR checks
Zlatannn93 bets 80
_SKR folds
Zlatannn93 collected 240 from pot
*** SUMMARY ***
Total pot 240 | No rake
Board: [Js Qh 4s]
Seat 1: Zlatannn93 (small blind) (button) won 240


Winamax Poker - Tournament "Expresso Nitro" buyIn: 1.86€ + 0.14€ level: 5 - HandId: #2694490266206732289-15-1674942746 - Holdem no limit (40/80) - 2023/01/28 21:52:26 UTC
Table: 'Expresso Nitro(627359903)#0' 3-max (real money) Seat #3 is the button
Seat 1: Zlatannn93 (520)
Seat 3: _SKR (380)
*** ANTE/BLINDS ***
_SKR posts small blind 40
Zlatannn93 posts big blind 80
Dealt to _SKR [Ad Ts]
*** PRE-FLOP *** 
_SKR raises 300 to 380 and is all-in
Zlatannn93 folds
_SKR collected 460 from pot
*** SUMMARY ***
Total pot 460 | No rake
Seat 3: _SKR (small blind) (button) won 460


Winamax Poker - Tournament "Expresso Nitro" buyIn: 1.86€ + 0.14€ level: 5 - HandId: #2694490266206732289-16-1674942752 - Holdem no limit (40/80) - 2023/01/28 21:52:32 UTC
Table: 'Expresso Nitro(627359903)#0' 3-max (real money) Seat #1 is the button
Seat 1: Zlatannn93 (440)
Seat 3: _SKR (460)
*** ANTE/BLINDS ***
Zlatannn93 posts small blind 40
_SKR posts big blind 80
Dealt to _SKR [8c 5c]
*** PRE-FLOP *** 
Zlatannn93 raises 360 to 440 and is all-in
_SKR folds
Zlatannn93 collected 520 from pot
*** SUMMARY ***
Total pot 520 | No rake
Seat 1: Zlatannn93 (small blind) (button) won 520


Winamax Poker - Tournament "Expresso Nitro" buyIn: 1.86€ + 0.14€ level: 5 - HandId: #2694490266206732289-17-1674942758 - Holdem no limit (40/80) - 2023/01/28 21:52:38 UTC
Table: 'Expresso Nitro(627359903)#0' 3-max (real money) Seat #3 is the button
Seat 1: Zlatannn93 (520)
Seat 3: _SKR (380)
*** ANTE/BLINDS ***
_SKR posts small blind 40
Zlatannn93 posts big blind 80
Dealt to _SKR [3d 4c]
*** PRE-FLOP *** 
_SKR folds
Zlatannn93 collected 120 from pot
*** SUMMARY ***
Total pot 120 | No rake
Seat 1: Zlatannn93 (big blind) won 120


Winamax Poker - Tournament "Expresso Nitro" buyIn: 1.86€ + 0.14€ level: 5 - HandId: #2694490266206732289-18-1674942763 - Holdem no limit (40/80) - 2023/01/28 21:52:43 UTC
Table: 'Expresso Nitro(627359903)#0' 3-max (real money) Seat #1 is the button
Seat 1: Zlatannn93 (560)
Seat 3: _SKR (340)
*** ANTE/BLINDS ***
Zlatannn93 posts small blind 40
_SKR posts big blind 80
Dealt to _SKR [Ah Td]
*** PRE-FLOP *** 
Zlatannn93 raises 480 to 560 and is all-in
_SKR calls 260 and is all-in
*** FLOP *** [6s 2s Jc]
*** TURN *** [6s 2s Jc][Kh]
*** RIVER *** [6s 2s Jc Kh][5c]
*** SHOW DOWN ***
Zlatannn93 shows [Ac Th] (High card : Ace)
_SKR shows [Ah Td] (High card : Ace)
_SKR collected 340 from main pot
Zlatannn93 collected 560 from side pot 1
*** SUMMARY ***
Total pot 900 | No rake
Board: [6s 2s Jc Kh 5c]
Seat 1: Zlatannn93 (small blind) (button) showed [Ac Th] and won 560 with High card : Ace
Seat 3: _SKR (big blind) showed [Ah Td] and won 340 with High card : Ace


Winamax Poker - Tournament "Expresso Nitro" buyIn: 1.86€ + 0.14€ level: 5 - HandId: #2694490266206732289-19-1674942775 - Holdem no limit (40/80) - 2023/01/28 21:52:55 UTC
Table: 'Expresso Nitro(627359903)#0' 3-max (real money) Seat #3 is the button
Seat 1: Zlatannn93 (560)
Seat 3: _SKR (340)
*** ANTE/BLINDS ***
_SKR posts small blind 40
Zlatannn93 posts big blind 80
Dealt to _SKR [7h 4s]
*** PRE-FLOP *** 
_SKR folds
Zlatannn93 collected 120 from pot
*** SUMMARY ***
Total pot 120 | No rake
Seat 1: Zlatannn93 (big blind) won 120


Winamax Poker - Tournament "Expresso Nitro" buyIn: 1.86€ + 0.14€ level: 5 - HandId: #2694490266206732289-20-1674942780 - Holdem no limit (40/80) - 2023/01/28 21:53:00 UTC
Table: 'Expresso Nitro(627359903)#0' 3-max (real money) Seat #1 is the button
Seat 1: Zlatannn93 (600)
Seat 3: _SKR (300)
*** ANTE/BLINDS ***
Zlatannn93 posts small blind 40
_SKR posts big blind 80
Dealt to _SKR [4s Js]
*** PRE-FLOP *** 
Zlatannn93 raises 520 to 600 and is all-in
_SKR calls 220 and is all-in
*** FLOP *** [4d 3d 5c]
*** TURN *** [4d 3d 5c][5d]
*** RIVER *** [4d 3d 5c 5d][9d]
*** SHOW DOWN ***
_SKR shows [4s Js] (Two pairs : 5 and 4)
Zlatannn93 shows [Kd Ts] (Flush King high)
Zlatannn93 collected 900 from pot
*** SUMMARY ***
Total pot 900 | No rake
Board: [4d 3d 5c 5d 9d]
Seat 1: Zlatannn93 (small blind) (button) showed [Kd Ts] and won 900 with Flush King high
Seat 3: _SKR (big blind) showed [4s Js] and lost with Two pairs : 5 and 4


