Winamax Poker - Tournament "Expresso Nitro" buyIn: 0.93€ + 0.07€ level: 1 - HandId: #2689760596680769537-1-1674650240 - Holdem no limit (10/20) - 2023/01/25 12:37:20 UTC
Table: 'Expresso Nitro(626258691)#0' 3-max (real money) Seat #3 is the button
Seat 1: Stalcoeur (300)
Seat 2: _SKR (300)
Seat 3: Plataplomo38 (300)
*** ANTE/BLINDS ***
Stalcoeur posts small blind 10
_SKR posts big blind 20
Dealt to _SKR [7h 2s]
*** PRE-FLOP *** 
Plataplomo38 folds
Stalcoeur calls 10
_SKR checks
*** FLOP *** [6c 9h Ah]
Stalcoeur checks
_SKR checks
*** TURN *** [6c 9h Ah][Js]
Stalcoeur bets 20
_SKR folds
Stalcoeur collected 60 from pot
*** SUMMARY ***
Total pot 60 | No rake
Board: [6c 9h Ah Js]
Seat 1: Stalcoeur (small blind) won 60


Winamax Poker - Tournament "Expresso Nitro" buyIn: 0.93€ + 0.07€ level: 1 - HandId: #2689760596680769537-2-1674650262 - Holdem no limit (10/20) - 2023/01/25 12:37:42 UTC
Table: 'Expresso Nitro(626258691)#0' 3-max (real money) Seat #1 is the button
Seat 1: Stalcoeur (320)
Seat 2: _SKR (280)
Seat 3: Plataplomo38 (300)
*** ANTE/BLINDS ***
_SKR posts small blind 10
Plataplomo38 posts big blind 20
Dealt to _SKR [5s 4d]
*** PRE-FLOP *** 
Stalcoeur calls 20
_SKR folds
Plataplomo38 checks
*** FLOP *** [Ah 3c 8c]
Plataplomo38 checks
Stalcoeur bets 20
Plataplomo38 calls 20
*** TURN *** [Ah 3c 8c][3h]
Plataplomo38 checks
Stalcoeur bets 20
Plataplomo38 calls 20
*** RIVER *** [Ah 3c 8c 3h][Jc]
Plataplomo38 bets 130
Stalcoeur folds
Plataplomo38 collected 260 from pot
*** SUMMARY ***
Total pot 260 | No rake
Board: [Ah 3c 8c 3h Jc]
Seat 3: Plataplomo38 (big blind) won 260


Winamax Poker - Tournament "Expresso Nitro" buyIn: 0.93€ + 0.07€ level: 1 - HandId: #2689760596680769537-3-1674650288 - Holdem no limit (10/20) - 2023/01/25 12:38:08 UTC
Table: 'Expresso Nitro(626258691)#0' 3-max (real money) Seat #2 is the button
Seat 1: Stalcoeur (260)
Seat 2: _SKR (270)
Seat 3: Plataplomo38 (370)
*** ANTE/BLINDS ***
Plataplomo38 posts small blind 10
Stalcoeur posts big blind 20
Dealt to _SKR [Tc Kh]
*** PRE-FLOP *** 
_SKR raises 20 to 40
Plataplomo38 folds
Stalcoeur calls 20
*** FLOP *** [6d As Kd]
Stalcoeur checks
_SKR checks
*** TURN *** [6d As Kd][Js]
Stalcoeur bets 20
_SKR calls 20
*** RIVER *** [6d As Kd Js][8s]
Stalcoeur bets 200 and is all-in
_SKR folds
Stalcoeur collected 330 from pot
*** SUMMARY ***
Total pot 330 | No rake
Board: [6d As Kd Js 8s]
Seat 1: Stalcoeur (big blind) won 330


Winamax Poker - Tournament "Expresso Nitro" buyIn: 0.93€ + 0.07€ level: 2 - HandId: #2689760596680769537-4-1674650315 - Holdem no limit (15/30) - 2023/01/25 12:38:35 UTC
Table: 'Expresso Nitro(626258691)#0' 3-max (real money) Seat #3 is the button
Seat 1: Stalcoeur (330)
Seat 2: _SKR (210)
Seat 3: Plataplomo38 (360)
*** ANTE/BLINDS ***
Stalcoeur posts small blind 15
_SKR posts big blind 30
Dealt to _SKR [6h 6s]
*** PRE-FLOP *** 
Plataplomo38 folds
Stalcoeur calls 15
_SKR raises 180 to 210 and is all-in
Stalcoeur folds
_SKR collected 240 from pot
*** SUMMARY ***
Total pot 240 | No rake
Seat 2: _SKR (big blind) won 240


Winamax Poker - Tournament "Expresso Nitro" buyIn: 0.93€ + 0.07€ level: 2 - HandId: #2689760596680769537-5-1674650327 - Holdem no limit (15/30) - 2023/01/25 12:38:47 UTC
Table: 'Expresso Nitro(626258691)#0' 3-max (real money) Seat #1 is the button
Seat 1: Stalcoeur (300)
Seat 2: _SKR (240)
Seat 3: Plataplomo38 (360)
*** ANTE/BLINDS ***
_SKR posts small blind 15
Plataplomo38 posts big blind 30
Dealt to _SKR [6h 3h]
*** PRE-FLOP *** 
Stalcoeur folds
_SKR folds
Plataplomo38 collected 45 from pot
*** SUMMARY ***
Total pot 45 | No rake
Seat 3: Plataplomo38 (big blind) won 45


Winamax Poker - Tournament "Expresso Nitro" buyIn: 0.93€ + 0.07€ level: 2 - HandId: #2689760596680769537-6-1674650334 - Holdem no limit (15/30) - 2023/01/25 12:38:54 UTC
Table: 'Expresso Nitro(626258691)#0' 3-max (real money) Seat #2 is the button
Seat 1: Stalcoeur (300)
Seat 2: _SKR (225)
Seat 3: Plataplomo38 (375)
*** ANTE/BLINDS ***
Plataplomo38 posts small blind 15
Stalcoeur posts big blind 30
Dealt to _SKR [Th 8h]
*** PRE-FLOP *** 
_SKR folds
Plataplomo38 calls 15
Stalcoeur raises 30 to 60
Plataplomo38 calls 30
*** FLOP *** [5d As 7d]
Plataplomo38 checks
Stalcoeur bets 30
Plataplomo38 calls 30
*** TURN *** [5d As 7d][Ad]
Plataplomo38 checks
Stalcoeur bets 30
Plataplomo38 calls 30
*** RIVER *** [5d As 7d Ad][4c]
Plataplomo38 checks
Stalcoeur bets 180 and is all-in
Plataplomo38 folds
Stalcoeur collected 420 from pot
*** SUMMARY ***
Total pot 420 | No rake
Board: [5d As 7d Ad 4c]
Seat 1: Stalcoeur (big blind) won 420


Winamax Poker - Tournament "Expresso Nitro" buyIn: 0.93€ + 0.07€ level: 3 - HandId: #2689760596680769537-7-1674650378 - Holdem no limit (20/40) - 2023/01/25 12:39:38 UTC
Table: 'Expresso Nitro(626258691)#0' 3-max (real money) Seat #3 is the button
Seat 1: Stalcoeur (420)
Seat 2: _SKR (225)
Seat 3: Plataplomo38 (255)
*** ANTE/BLINDS ***
Stalcoeur posts small blind 20
_SKR posts big blind 40
Dealt to _SKR [Kd 2h]
*** PRE-FLOP *** 
Plataplomo38 raises 80 to 120
Stalcoeur folds
_SKR folds
Plataplomo38 collected 180 from pot
*** SUMMARY ***
Total pot 180 | No rake
Seat 3: Plataplomo38 (button) won 180


Winamax Poker - Tournament "Expresso Nitro" buyIn: 0.93€ + 0.07€ level: 3 - HandId: #2689760596680769537-8-1674650391 - Holdem no limit (20/40) - 2023/01/25 12:39:51 UTC
Table: 'Expresso Nitro(626258691)#0' 3-max (real money) Seat #1 is the button
Seat 1: Stalcoeur (400)
Seat 2: _SKR (185)
Seat 3: Plataplomo38 (315)
*** ANTE/BLINDS ***
_SKR posts small blind 20
Plataplomo38 posts big blind 40
Dealt to _SKR [5h 3d]
*** PRE-FLOP *** 
Stalcoeur calls 40
_SKR folds
Plataplomo38 raises 275 to 315 and is all-in
Stalcoeur folds
Plataplomo38 collected 375 from pot
*** SUMMARY ***
Total pot 375 | No rake
Seat 3: Plataplomo38 (big blind) won 375


Winamax Poker - Tournament "Expresso Nitro" buyIn: 0.93€ + 0.07€ level: 3 - HandId: #2689760596680769537-9-1674650401 - Holdem no limit (20/40) - 2023/01/25 12:40:01 UTC
Table: 'Expresso Nitro(626258691)#0' 3-max (real money) Seat #2 is the button
Seat 1: Stalcoeur (360)
Seat 2: _SKR (165)
Seat 3: Plataplomo38 (375)
*** ANTE/BLINDS ***
Plataplomo38 posts small blind 20
Stalcoeur posts big blind 40
Dealt to _SKR [2d Kd]
*** PRE-FLOP *** 
_SKR raises 125 to 165 and is all-in
Plataplomo38 raises 210 to 375 and is all-in
Stalcoeur folds
*** FLOP *** [Td 9c 5s]
*** TURN *** [Td 9c 5s][8c]
*** RIVER *** [Td 9c 5s 8c][Qd]
*** SHOW DOWN ***
_SKR shows [2d Kd] (High card : King)
Plataplomo38 shows [As 2s] (High card : Ace)
Plataplomo38 collected 580 from pot
*** SUMMARY ***
Total pot 580 | No rake
Board: [Td 9c 5s 8c Qd]
Seat 2: _SKR (button) showed [2d Kd] and lost with High card : King
Seat 3: Plataplomo38 (small blind) showed [As 2s] and won 580 with High card : Ace


