Winamax Poker - Tournament "Expresso Nitro" buyIn: 1.86€ + 0.14€ level: 1 - HandId: #2696862462543659009-1-1675101079 - Holdem no limit (10/20) - 2023/01/30 17:51:19 UTC
Table: 'Expresso Nitro(627912223)#0' 3-max (real money) Seat #3 is the button
Seat 1: Cheucheu54 (300)
Seat 2: _SKR (300)
Seat 3: Micro blue (300)
*** ANTE/BLINDS ***
Cheucheu54 posts small blind 10
_SKR posts big blind 20
Dealt to _SKR [5h 8s]
*** PRE-FLOP *** 
Micro blue raises 20 to 40
Cheucheu54 calls 30
_SKR folds
*** FLOP *** [6c 5d Qh]
Cheucheu54 bets 260 and is all-in
Micro blue folds
Cheucheu54 collected 360 from pot
*** SUMMARY ***
Total pot 360 | No rake
Board: [6c 5d Qh]
Seat 1: Cheucheu54 (small blind) won 360


Winamax Poker - Tournament "Expresso Nitro" buyIn: 1.86€ + 0.14€ level: 1 - HandId: #2696862462543659009-2-1675101094 - Holdem no limit (10/20) - 2023/01/30 17:51:34 UTC
Table: 'Expresso Nitro(627912223)#0' 3-max (real money) Seat #1 is the button
Seat 1: Cheucheu54 (360)
Seat 2: _SKR (280)
Seat 3: Micro blue (260)
*** ANTE/BLINDS ***
_SKR posts small blind 10
Micro blue posts big blind 20
Dealt to _SKR [3d 4c]
*** PRE-FLOP *** 
Cheucheu54 calls 20
_SKR folds
Micro blue checks
*** FLOP *** [9c Ac 2c]
Micro blue bets 40
Cheucheu54 calls 40
*** TURN *** [9c Ac 2c][Td]
Micro blue bets 90
Cheucheu54 calls 90
*** RIVER *** [9c Ac 2c Td][Ah]
Micro blue bets 109
Cheucheu54 calls 109
*** SHOW DOWN ***
Cheucheu54 shows [Th 8c] (Two pairs : Aces and Tens)
Micro blue shows [2d 2s] (Full of 2 and Aces)
Micro blue collected 528 from pot
*** SUMMARY ***
Total pot 528 | No rake
Board: [9c Ac 2c Td Ah]
Seat 1: Cheucheu54 (button) showed [Th 8c] and lost with Two pairs : Aces and Tens
Seat 3: Micro blue (big blind) showed [2d 2s] and won 528 with Full of 2 and Aces


Winamax Poker - Tournament "Expresso Nitro" buyIn: 1.86€ + 0.14€ level: 2 - HandId: #2696862462543659009-3-1675101135 - Holdem no limit (15/30) - 2023/01/30 17:52:15 UTC
Table: 'Expresso Nitro(627912223)#0' 3-max (real money) Seat #2 is the button
Seat 1: Cheucheu54 (101)
Seat 2: _SKR (270)
Seat 3: Micro blue (529)
*** ANTE/BLINDS ***
Micro blue posts small blind 15
Cheucheu54 posts big blind 30
Dealt to _SKR [Qh 9c]
*** PRE-FLOP *** 
_SKR folds
Micro blue raises 499 to 529 and is all-in
Cheucheu54 calls 71 and is all-in
*** FLOP *** [Kc 7s 3s]
*** TURN *** [Kc 7s 3s][2s]
*** RIVER *** [Kc 7s 3s 2s][7d]
*** SHOW DOWN ***
Cheucheu54 shows [6d 4s] (One pair : 7)
Micro blue shows [9h Ks] (Two pairs : Kings and 7)
Micro blue collected 630 from pot
*** SUMMARY ***
Total pot 630 | No rake
Board: [Kc 7s 3s 2s 7d]
Seat 1: Cheucheu54 (big blind) showed [6d 4s] and lost with One pair : 7
Seat 3: Micro blue (small blind) showed [9h Ks] and won 630 with Two pairs : Kings and 7


Winamax Poker - Tournament "Expresso Nitro" buyIn: 1.86€ + 0.14€ level: 2 - HandId: #2696862462543659009-4-1675101154 - Holdem no limit (15/30) - 2023/01/30 17:52:34 UTC
Table: 'Expresso Nitro(627912223)#0' 3-max (real money) Seat #2 is the button
Seat 2: _SKR (270)
Seat 3: Micro blue (630)
*** ANTE/BLINDS ***
_SKR posts small blind 15
Micro blue posts big blind 30
Dealt to _SKR [4s 5s]
*** PRE-FLOP *** 
_SKR folds
Micro blue collected 45 from pot
*** SUMMARY ***
Total pot 45 | No rake
Seat 3: Micro blue (big blind) won 45


Winamax Poker - Tournament "Expresso Nitro" buyIn: 1.86€ + 0.14€ level: 2 - HandId: #2696862462543659009-5-1675101158 - Holdem no limit (15/30) - 2023/01/30 17:52:38 UTC
Table: 'Expresso Nitro(627912223)#0' 3-max (real money) Seat #3 is the button
Seat 2: _SKR (255)
Seat 3: Micro blue (645)
*** ANTE/BLINDS ***
Micro blue posts small blind 15
_SKR posts big blind 30
Dealt to _SKR [9h Js]
*** PRE-FLOP *** 
Micro blue folds
_SKR collected 45 from pot
*** SUMMARY ***
Total pot 45 | No rake
Seat 2: _SKR (big blind) won 45


Winamax Poker - Tournament "Expresso Nitro" buyIn: 1.86€ + 0.14€ level: 2 - HandId: #2696862462543659009-6-1675101164 - Holdem no limit (15/30) - 2023/01/30 17:52:44 UTC
Table: 'Expresso Nitro(627912223)#0' 3-max (real money) Seat #2 is the button
Seat 2: _SKR (270)
Seat 3: Micro blue (630)
*** ANTE/BLINDS ***
_SKR posts small blind 15
Micro blue posts big blind 30
Dealt to _SKR [4s 5c]
*** PRE-FLOP *** 
_SKR folds
Micro blue collected 45 from pot
*** SUMMARY ***
Total pot 45 | No rake
Seat 3: Micro blue (big blind) won 45


Winamax Poker - Tournament "Expresso Nitro" buyIn: 1.86€ + 0.14€ level: 2 - HandId: #2696862462543659009-7-1675101168 - Holdem no limit (15/30) - 2023/01/30 17:52:48 UTC
Table: 'Expresso Nitro(627912223)#0' 3-max (real money) Seat #3 is the button
Seat 2: _SKR (255)
Seat 3: Micro blue (645)
*** ANTE/BLINDS ***
Micro blue posts small blind 15
_SKR posts big blind 30
Dealt to _SKR [2d 5c]
*** PRE-FLOP *** 
Micro blue raises 30 to 60
_SKR folds
Micro blue collected 90 from pot
*** SUMMARY ***
Total pot 90 | No rake
Seat 3: Micro blue (small blind) (button) won 90


Winamax Poker - Tournament "Expresso Nitro" buyIn: 1.86€ + 0.14€ level: 2 - HandId: #2696862462543659009-8-1675101184 - Holdem no limit (15/30) - 2023/01/30 17:53:04 UTC
Table: 'Expresso Nitro(627912223)#0' 3-max (real money) Seat #2 is the button
Seat 2: _SKR (225)
Seat 3: Micro blue (675)
*** ANTE/BLINDS ***
_SKR posts small blind 15
Micro blue posts big blind 30
Dealt to _SKR [2c 4d]
*** PRE-FLOP *** 
_SKR folds
Micro blue collected 45 from pot
*** SUMMARY ***
Total pot 45 | No rake
Seat 3: Micro blue (big blind) won 45


Winamax Poker - Tournament "Expresso Nitro" buyIn: 1.86€ + 0.14€ level: 2 - HandId: #2696862462543659009-9-1675101189 - Holdem no limit (15/30) - 2023/01/30 17:53:09 UTC
Table: 'Expresso Nitro(627912223)#0' 3-max (real money) Seat #3 is the button
Seat 2: _SKR (210)
Seat 3: Micro blue (690)
*** ANTE/BLINDS ***
Micro blue posts small blind 15
_SKR posts big blind 30
Dealt to _SKR [8s 9c]
*** PRE-FLOP *** 
Micro blue folds
_SKR collected 45 from pot
*** SUMMARY ***
Total pot 45 | No rake
Seat 2: _SKR (big blind) won 45


Winamax Poker - Tournament "Expresso Nitro" buyIn: 1.86€ + 0.14€ level: 3 - HandId: #2696862462543659009-10-1675101200 - Holdem no limit (20/40) - 2023/01/30 17:53:20 UTC
Table: 'Expresso Nitro(627912223)#0' 3-max (real money) Seat #2 is the button
Seat 2: _SKR (225)
Seat 3: Micro blue (675)
*** ANTE/BLINDS ***
_SKR posts small blind 20
Micro blue posts big blind 40
Dealt to _SKR [9d Kc]
*** PRE-FLOP *** 
_SKR raises 185 to 225 and is all-in
Micro blue calls 185
*** FLOP *** [5d 3d 8c]
*** TURN *** [5d 3d 8c][Kd]
*** RIVER *** [5d 3d 8c Kd][Qc]
*** SHOW DOWN ***
_SKR shows [9d Kc] (One pair : Kings)
Micro blue shows [Kh Ac] (One pair : Kings)
Micro blue collected 450 from pot
*** SUMMARY ***
Total pot 450 | No rake
Board: [5d 3d 8c Kd Qc]
Seat 2: _SKR (small blind) (button) showed [9d Kc] and lost with One pair : Kings
Seat 3: Micro blue (big blind) showed [Kh Ac] and won 450 with One pair : Kings


