Winamax Poker - Tournament "Expresso Nitro" buyIn: 1.86€ + 0.14€ level: 1 - HandId: #2696884826438369281-1-1675101964 - Holdem no limit (10/20) - 2023/01/30 18:06:04 UTC
Table: 'Expresso Nitro(627917430)#0' 3-max (real money) Seat #3 is the button
Seat 1: _SKR (300)
Seat 2: Mattatou (300)
Seat 3: leS9393 (300)
*** ANTE/BLINDS ***
_SKR posts small blind 10
Mattatou posts big blind 20
Dealt to _SKR [As 4h]
*** PRE-FLOP *** 
leS9393 calls 20
_SKR raises 280 to 300 and is all-in
Mattatou folds
leS9393 folds
_SKR collected 340 from pot
*** SUMMARY ***
Total pot 340 | No rake
Seat 1: _SKR (small blind) won 340


Winamax Poker - Tournament "Expresso Nitro" buyIn: 1.86€ + 0.14€ level: 1 - HandId: #2696884826438369281-2-1675101981 - Holdem no limit (10/20) - 2023/01/30 18:06:21 UTC
Table: 'Expresso Nitro(627917430)#0' 3-max (real money) Seat #1 is the button
Seat 1: _SKR (340)
Seat 2: Mattatou (280)
Seat 3: leS9393 (280)
*** ANTE/BLINDS ***
Mattatou posts small blind 10
leS9393 posts big blind 20
Dealt to _SKR [8c 5c]
*** PRE-FLOP *** 
_SKR folds
Mattatou folds
leS9393 collected 30 from pot
*** SUMMARY ***
Total pot 30 | No rake
Seat 3: leS9393 (big blind) won 30


Winamax Poker - Tournament "Expresso Nitro" buyIn: 1.86€ + 0.14€ level: 1 - HandId: #2696884826438369281-3-1675101988 - Holdem no limit (10/20) - 2023/01/30 18:06:28 UTC
Table: 'Expresso Nitro(627917430)#0' 3-max (real money) Seat #2 is the button
Seat 1: _SKR (340)
Seat 2: Mattatou (270)
Seat 3: leS9393 (290)
*** ANTE/BLINDS ***
leS9393 posts small blind 10
_SKR posts big blind 20
Dealt to _SKR [Ah 5c]
*** PRE-FLOP *** 
Mattatou calls 20
leS9393 calls 10
_SKR raises 320 to 340 and is all-in
Mattatou folds
leS9393 folds
_SKR collected 380 from pot
*** SUMMARY ***
Total pot 380 | No rake
Seat 1: _SKR (big blind) won 380


Winamax Poker - Tournament "Expresso Nitro" buyIn: 1.86€ + 0.14€ level: 1 - HandId: #2696884826438369281-4-1675102002 - Holdem no limit (10/20) - 2023/01/30 18:06:42 UTC
Table: 'Expresso Nitro(627917430)#0' 3-max (real money) Seat #3 is the button
Seat 1: _SKR (380)
Seat 2: Mattatou (250)
Seat 3: leS9393 (270)
*** ANTE/BLINDS ***
_SKR posts small blind 10
Mattatou posts big blind 20
Dealt to _SKR [3h 2d]
*** PRE-FLOP *** 
leS9393 folds
_SKR folds
Mattatou collected 30 from pot
*** SUMMARY ***
Total pot 30 | No rake
Seat 2: Mattatou (big blind) won 30


Winamax Poker - Tournament "Expresso Nitro" buyIn: 1.86€ + 0.14€ level: 1 - HandId: #2696884826438369281-5-1675102008 - Holdem no limit (10/20) - 2023/01/30 18:06:48 UTC
Table: 'Expresso Nitro(627917430)#0' 3-max (real money) Seat #1 is the button
Seat 1: _SKR (370)
Seat 2: Mattatou (260)
Seat 3: leS9393 (270)
*** ANTE/BLINDS ***
Mattatou posts small blind 10
leS9393 posts big blind 20
Dealt to _SKR [Kd 4s]
*** PRE-FLOP *** 
_SKR folds
Mattatou calls 10
leS9393 checks
*** FLOP *** [6c 3h 2s]
Mattatou checks
leS9393 bets 40
Mattatou folds
leS9393 collected 80 from pot
*** SUMMARY ***
Total pot 80 | No rake
Board: [6c 3h 2s]
Seat 3: leS9393 (big blind) won 80


Winamax Poker - Tournament "Expresso Nitro" buyIn: 1.86€ + 0.14€ level: 1 - HandId: #2696884826438369281-6-1675102018 - Holdem no limit (10/20) - 2023/01/30 18:06:58 UTC
Table: 'Expresso Nitro(627917430)#0' 3-max (real money) Seat #2 is the button
Seat 1: _SKR (370)
Seat 2: Mattatou (240)
Seat 3: leS9393 (290)
*** ANTE/BLINDS ***
leS9393 posts small blind 10
_SKR posts big blind 20
Dealt to _SKR [Qh Jh]
*** PRE-FLOP *** 
Mattatou folds
leS9393 calls 10
_SKR raises 350 to 370 and is all-in
leS9393 folds
_SKR collected 390 from pot
*** SUMMARY ***
Total pot 390 | No rake
Seat 1: _SKR (big blind) won 390


Winamax Poker - Tournament "Expresso Nitro" buyIn: 1.86€ + 0.14€ level: 2 - HandId: #2696884826438369281-7-1675102041 - Holdem no limit (15/30) - 2023/01/30 18:07:21 UTC
Table: 'Expresso Nitro(627917430)#0' 3-max (real money) Seat #3 is the button
Seat 1: _SKR (390)
Seat 2: Mattatou (240)
Seat 3: leS9393 (270)
*** ANTE/BLINDS ***
_SKR posts small blind 15
Mattatou posts big blind 30
Dealt to _SKR [5h Ts]
*** PRE-FLOP *** 
leS9393 folds
_SKR folds
Mattatou collected 45 from pot
*** SUMMARY ***
Total pot 45 | No rake
Seat 2: Mattatou (big blind) won 45


Winamax Poker - Tournament "Expresso Nitro" buyIn: 1.86€ + 0.14€ level: 2 - HandId: #2696884826438369281-8-1675102047 - Holdem no limit (15/30) - 2023/01/30 18:07:27 UTC
Table: 'Expresso Nitro(627917430)#0' 3-max (real money) Seat #1 is the button
Seat 1: _SKR (375)
Seat 2: Mattatou (255)
Seat 3: leS9393 (270)
*** ANTE/BLINDS ***
Mattatou posts small blind 15
leS9393 posts big blind 30
Dealt to _SKR [4h 9d]
*** PRE-FLOP *** 
_SKR folds
Mattatou raises 225 to 255 and is all-in
leS9393 folds
Mattatou collected 285 from pot
*** SUMMARY ***
Total pot 285 | No rake
Seat 2: Mattatou (small blind) won 285


Winamax Poker - Tournament "Expresso Nitro" buyIn: 1.86€ + 0.14€ level: 2 - HandId: #2696884826438369281-9-1675102056 - Holdem no limit (15/30) - 2023/01/30 18:07:36 UTC
Table: 'Expresso Nitro(627917430)#0' 3-max (real money) Seat #2 is the button
Seat 1: _SKR (375)
Seat 2: Mattatou (285)
Seat 3: leS9393 (240)
*** ANTE/BLINDS ***
leS9393 posts small blind 15
_SKR posts big blind 30
Dealt to _SKR [8c Qh]
*** PRE-FLOP *** 
Mattatou raises 255 to 285 and is all-in
leS9393 folds
_SKR folds
Mattatou collected 330 from pot
*** SUMMARY ***
Total pot 330 | No rake
Seat 2: Mattatou (button) won 330


Winamax Poker - Tournament "Expresso Nitro" buyIn: 1.86€ + 0.14€ level: 2 - HandId: #2696884826438369281-10-1675102070 - Holdem no limit (15/30) - 2023/01/30 18:07:50 UTC
Table: 'Expresso Nitro(627917430)#0' 3-max (real money) Seat #3 is the button
Seat 1: _SKR (345)
Seat 2: Mattatou (330)
Seat 3: leS9393 (225)
*** ANTE/BLINDS ***
_SKR posts small blind 15
Mattatou posts big blind 30
Dealt to _SKR [7d As]
*** PRE-FLOP *** 
leS9393 calls 30
_SKR raises 315 to 345 and is all-in
Mattatou folds
leS9393 folds
_SKR collected 405 from pot
*** SUMMARY ***
Total pot 405 | No rake
Seat 1: _SKR (small blind) won 405


Winamax Poker - Tournament "Expresso Nitro" buyIn: 1.86€ + 0.14€ level: 3 - HandId: #2696884826438369281-11-1675102087 - Holdem no limit (20/40) - 2023/01/30 18:08:07 UTC
Table: 'Expresso Nitro(627917430)#0' 3-max (real money) Seat #1 is the button
Seat 1: _SKR (405)
Seat 2: Mattatou (300)
Seat 3: leS9393 (195)
*** ANTE/BLINDS ***
Mattatou posts small blind 20
leS9393 posts big blind 40
Dealt to _SKR [Ah Ts]
*** PRE-FLOP *** 
_SKR raises 365 to 405 and is all-in
Mattatou folds
leS9393 calls 155 and is all-in
*** FLOP *** [2h 7h 8d]
*** TURN *** [2h 7h 8d][Qd]
*** RIVER *** [2h 7h 8d Qd][Qc]
*** SHOW DOWN ***
leS9393 shows [Jh 6h] (One pair : Queens)
_SKR shows [Ah Ts] (One pair : Queens)
_SKR collected 620 from pot
*** SUMMARY ***
Total pot 620 | No rake
Board: [2h 7h 8d Qd Qc]
Seat 1: _SKR (button) showed [Ah Ts] and won 620 with One pair : Queens
Seat 3: leS9393 (big blind) showed [Jh 6h] and lost with One pair : Queens


Winamax Poker - Tournament "Expresso Nitro" buyIn: 1.86€ + 0.14€ level: 3 - HandId: #2696884826438369281-12-1675102108 - Holdem no limit (20/40) - 2023/01/30 18:08:28 UTC
Table: 'Expresso Nitro(627917430)#0' 3-max (real money) Seat #1 is the button
Seat 1: _SKR (620)
Seat 2: Mattatou (280)
*** ANTE/BLINDS ***
_SKR posts small blind 20
Mattatou posts big blind 40
Dealt to _SKR [6d 8s]
*** PRE-FLOP *** 
_SKR folds
Mattatou collected 60 from pot
*** SUMMARY ***
Total pot 60 | No rake
Seat 2: Mattatou (big blind) won 60


Winamax Poker - Tournament "Expresso Nitro" buyIn: 1.86€ + 0.14€ level: 3 - HandId: #2696884826438369281-13-1675102112 - Holdem no limit (20/40) - 2023/01/30 18:08:32 UTC
Table: 'Expresso Nitro(627917430)#0' 3-max (real money) Seat #2 is the button
Seat 1: _SKR (600)
Seat 2: Mattatou (300)
*** ANTE/BLINDS ***
Mattatou posts small blind 20
_SKR posts big blind 40
Dealt to _SKR [9d 6d]
*** PRE-FLOP *** 
Mattatou raises 260 to 300 and is all-in
_SKR folds
Mattatou collected 340 from pot
*** SUMMARY ***
Total pot 340 | No rake
Seat 2: Mattatou (small blind) (button) won 340


Winamax Poker - Tournament "Expresso Nitro" buyIn: 1.86€ + 0.14€ level: 3 - HandId: #2696884826438369281-14-1675102124 - Holdem no limit (20/40) - 2023/01/30 18:08:44 UTC
Table: 'Expresso Nitro(627917430)#0' 3-max (real money) Seat #1 is the button
Seat 1: _SKR (560)
Seat 2: Mattatou (340)
*** ANTE/BLINDS ***
_SKR posts small blind 20
Mattatou posts big blind 40
Dealt to _SKR [Ac Th]
*** PRE-FLOP *** 
_SKR raises 520 to 560 and is all-in
Mattatou folds
_SKR collected 600 from pot
*** SUMMARY ***
Total pot 600 | No rake
Seat 1: _SKR (small blind) (button) won 600


Winamax Poker - Tournament "Expresso Nitro" buyIn: 1.86€ + 0.14€ level: 3 - HandId: #2696884826438369281-15-1675102131 - Holdem no limit (20/40) - 2023/01/30 18:08:51 UTC
Table: 'Expresso Nitro(627917430)#0' 3-max (real money) Seat #2 is the button
Seat 1: _SKR (600)
Seat 2: Mattatou (300)
*** ANTE/BLINDS ***
Mattatou posts small blind 20
_SKR posts big blind 40
Dealt to _SKR [Tc 8d]
*** PRE-FLOP *** 
Mattatou raises 260 to 300 and is all-in
_SKR folds
Mattatou collected 340 from pot
*** SUMMARY ***
Total pot 340 | No rake
Seat 2: Mattatou (small blind) (button) won 340


Winamax Poker - Tournament "Expresso Nitro" buyIn: 1.86€ + 0.14€ level: 4 - HandId: #2696884826438369281-16-1675102143 - Holdem no limit (30/60) - 2023/01/30 18:09:03 UTC
Table: 'Expresso Nitro(627917430)#0' 3-max (real money) Seat #1 is the button
Seat 1: _SKR (560)
Seat 2: Mattatou (340)
*** ANTE/BLINDS ***
_SKR posts small blind 30
Mattatou posts big blind 60
Dealt to _SKR [3d 4h]
*** PRE-FLOP *** 
_SKR folds
Mattatou collected 90 from pot
*** SUMMARY ***
Total pot 90 | No rake
Seat 2: Mattatou (big blind) won 90


Winamax Poker - Tournament "Expresso Nitro" buyIn: 1.86€ + 0.14€ level: 4 - HandId: #2696884826438369281-17-1675102155 - Holdem no limit (30/60) - 2023/01/30 18:09:15 UTC
Table: 'Expresso Nitro(627917430)#0' 3-max (real money) Seat #2 is the button
Seat 1: _SKR (530)
Seat 2: Mattatou (370)
*** ANTE/BLINDS ***
Mattatou posts small blind 30
_SKR posts big blind 60
Dealt to _SKR [Js 2s]
*** PRE-FLOP *** 
Mattatou raises 310 to 370 and is all-in
_SKR folds
Mattatou collected 430 from pot
*** SUMMARY ***
Total pot 430 | No rake
Seat 2: Mattatou (small blind) (button) won 430


Winamax Poker - Tournament "Expresso Nitro" buyIn: 1.86€ + 0.14€ level: 4 - HandId: #2696884826438369281-18-1675102160 - Holdem no limit (30/60) - 2023/01/30 18:09:20 UTC
Table: 'Expresso Nitro(627917430)#0' 3-max (real money) Seat #1 is the button
Seat 1: _SKR (470)
Seat 2: Mattatou (430)
*** ANTE/BLINDS ***
_SKR posts small blind 30
Mattatou posts big blind 60
Dealt to _SKR [7d 9d]
*** PRE-FLOP *** 
_SKR raises 410 to 470 and is all-in
Mattatou folds
_SKR collected 530 from pot
*** SUMMARY ***
Total pot 530 | No rake
Seat 1: _SKR (small blind) (button) won 530


Winamax Poker - Tournament "Expresso Nitro" buyIn: 1.86€ + 0.14€ level: 4 - HandId: #2696884826438369281-19-1675102166 - Holdem no limit (30/60) - 2023/01/30 18:09:26 UTC
Table: 'Expresso Nitro(627917430)#0' 3-max (real money) Seat #2 is the button
Seat 1: _SKR (530)
Seat 2: Mattatou (370)
*** ANTE/BLINDS ***
Mattatou posts small blind 30
_SKR posts big blind 60
Dealt to _SKR [3s Kd]
*** PRE-FLOP *** 
Mattatou folds
_SKR collected 90 from pot
*** SUMMARY ***
Total pot 90 | No rake
Seat 1: _SKR (big blind) won 90


Winamax Poker - Tournament "Expresso Nitro" buyIn: 1.86€ + 0.14€ level: 4 - HandId: #2696884826438369281-20-1675102169 - Holdem no limit (30/60) - 2023/01/30 18:09:29 UTC
Table: 'Expresso Nitro(627917430)#0' 3-max (real money) Seat #1 is the button
Seat 1: _SKR (560)
Seat 2: Mattatou (340)
*** ANTE/BLINDS ***
_SKR posts small blind 30
Mattatou posts big blind 60
Dealt to _SKR [2h 3h]
*** PRE-FLOP *** 
_SKR folds
Mattatou collected 90 from pot
*** SUMMARY ***
Total pot 90 | No rake
Seat 2: Mattatou (big blind) won 90


Winamax Poker - Tournament "Expresso Nitro" buyIn: 1.86€ + 0.14€ level: 4 - HandId: #2696884826438369281-21-1675102172 - Holdem no limit (30/60) - 2023/01/30 18:09:32 UTC
Table: 'Expresso Nitro(627917430)#0' 3-max (real money) Seat #2 is the button
Seat 1: _SKR (530)
Seat 2: Mattatou (370)
*** ANTE/BLINDS ***
Mattatou posts small blind 30
_SKR posts big blind 60
Dealt to _SKR [3d 6c]
*** PRE-FLOP *** 
Mattatou raises 310 to 370 and is all-in
_SKR folds
Mattatou collected 430 from pot
*** SUMMARY ***
Total pot 430 | No rake
Seat 2: Mattatou (small blind) (button) won 430


Winamax Poker - Tournament "Expresso Nitro" buyIn: 1.86€ + 0.14€ level: 4 - HandId: #2696884826438369281-22-1675102177 - Holdem no limit (30/60) - 2023/01/30 18:09:37 UTC
Table: 'Expresso Nitro(627917430)#0' 3-max (real money) Seat #1 is the button
Seat 1: _SKR (470)
Seat 2: Mattatou (430)
*** ANTE/BLINDS ***
_SKR posts small blind 30
Mattatou posts big blind 60
Dealt to _SKR [5c 4d]
*** PRE-FLOP *** 
_SKR folds
Mattatou collected 90 from pot
*** SUMMARY ***
Total pot 90 | No rake
Seat 2: Mattatou (big blind) won 90


Winamax Poker - Tournament "Expresso Nitro" buyIn: 1.86€ + 0.14€ level: 4 - HandId: #2696884826438369281-23-1675102181 - Holdem no limit (30/60) - 2023/01/30 18:09:41 UTC
Table: 'Expresso Nitro(627917430)#0' 3-max (real money) Seat #2 is the button
Seat 1: _SKR (440)
Seat 2: Mattatou (460)
*** ANTE/BLINDS ***
Mattatou posts small blind 30
_SKR posts big blind 60
Dealt to _SKR [3h Kc]
*** PRE-FLOP *** 
Mattatou folds
_SKR collected 90 from pot
*** SUMMARY ***
Total pot 90 | No rake
Seat 1: _SKR (big blind) won 90


Winamax Poker - Tournament "Expresso Nitro" buyIn: 1.86€ + 0.14€ level: 4 - HandId: #2696884826438369281-24-1675102184 - Holdem no limit (30/60) - 2023/01/30 18:09:44 UTC
Table: 'Expresso Nitro(627917430)#0' 3-max (real money) Seat #1 is the button
Seat 1: _SKR (470)
Seat 2: Mattatou (430)
*** ANTE/BLINDS ***
_SKR posts small blind 30
Mattatou posts big blind 60
Dealt to _SKR [9c 8c]
*** PRE-FLOP *** 
_SKR raises 410 to 470 and is all-in
Mattatou calls 370 and is all-in
*** FLOP *** [As 8s 7c]
*** TURN *** [As 8s 7c][2s]
*** RIVER *** [As 8s 7c 2s][4s]
*** SHOW DOWN ***
Mattatou shows [Jh Kd] (High card : Ace)
_SKR shows [9c 8c] (One pair : 8)
_SKR collected 900 from pot
*** SUMMARY ***
Total pot 900 | No rake
Board: [As 8s 7c 2s 4s]
Seat 1: _SKR (small blind) (button) showed [9c 8c] and won 900 with One pair : 8
Seat 2: Mattatou (big blind) showed [Jh Kd] and lost with High card : Ace


