Winamax Poker - Tournament "Expresso Nitro" buyIn: 0.93€ + 0.07€ level: 1 - HandId: #2666570126924447745-1-1673283420 - Holdem no limit (10/20) - 2023/01/09 16:57:00 UTC
Table: 'Expresso Nitro(620859239)#0' 3-max (real money) Seat #3 is the button
Seat 1: _SKR (300)
Seat 2: F66sBM (300)
Seat 3: Raphy0109 (300)
*** ANTE/BLINDS ***
_SKR posts small blind 10
F66sBM posts big blind 20
Dealt to _SKR [4c Td]
*** PRE-FLOP *** 
Raphy0109 raises 280 to 300 and is all-in
_SKR folds
F66sBM folds
Raphy0109 collected 330 from pot
*** SUMMARY ***
Total pot 330 | No rake
Seat 3: Raphy0109 (button) won 330


Winamax Poker - Tournament "Expresso Nitro" buyIn: 0.93€ + 0.07€ level: 1 - HandId: #2666570126924447745-2-1673283429 - Holdem no limit (10/20) - 2023/01/09 16:57:09 UTC
Table: 'Expresso Nitro(620859239)#0' 3-max (real money) Seat #1 is the button
Seat 1: _SKR (290)
Seat 2: F66sBM (280)
Seat 3: Raphy0109 (330)
*** ANTE/BLINDS ***
F66sBM posts small blind 10
Raphy0109 posts big blind 20
Dealt to _SKR [Qd 3s]
*** PRE-FLOP *** 
_SKR folds
F66sBM folds
Raphy0109 collected 30 from pot
*** SUMMARY ***
Total pot 30 | No rake
Seat 3: Raphy0109 (big blind) won 30


Winamax Poker - Tournament "Expresso Nitro" buyIn: 0.93€ + 0.07€ level: 1 - HandId: #2666570126924447745-3-1673283438 - Holdem no limit (10/20) - 2023/01/09 16:57:18 UTC
Table: 'Expresso Nitro(620859239)#0' 3-max (real money) Seat #2 is the button
Seat 1: _SKR (290)
Seat 2: F66sBM (270)
Seat 3: Raphy0109 (340)
*** ANTE/BLINDS ***
Raphy0109 posts small blind 10
_SKR posts big blind 20
Dealt to _SKR [2h 4h]
*** PRE-FLOP *** 
F66sBM raises 20 to 40
Raphy0109 folds
_SKR folds
F66sBM collected 70 from pot
*** SUMMARY ***
Total pot 70 | No rake
Seat 2: F66sBM (button) won 70


Winamax Poker - Tournament "Expresso Nitro" buyIn: 0.93€ + 0.07€ level: 1 - HandId: #2666570126924447745-4-1673283445 - Holdem no limit (10/20) - 2023/01/09 16:57:25 UTC
Table: 'Expresso Nitro(620859239)#0' 3-max (real money) Seat #3 is the button
Seat 1: _SKR (270)
Seat 2: F66sBM (300)
Seat 3: Raphy0109 (330)
*** ANTE/BLINDS ***
_SKR posts small blind 10
F66sBM posts big blind 20
Dealt to _SKR [5c Qc]
*** PRE-FLOP *** 
Raphy0109 calls 20
_SKR folds
F66sBM raises 280 to 300 and is all-in
Raphy0109 calls 280
*** FLOP *** [Kd 6h Kh]
*** TURN *** [Kd 6h Kh][Ad]
*** RIVER *** [Kd 6h Kh Ad][4s]
*** SHOW DOWN ***
Raphy0109 shows [Jh 7s] (One pair : Kings)
F66sBM shows [Qh Ts] (One pair : Kings)
F66sBM collected 610 from pot
*** SUMMARY ***
Total pot 610 | No rake
Board: [Kd 6h Kh Ad 4s]
Seat 2: F66sBM (big blind) showed [Qh Ts] and won 610 with One pair : Kings
Seat 3: Raphy0109 (button) showed [Jh 7s] and lost with One pair : Kings


Winamax Poker - Tournament "Expresso Nitro" buyIn: 0.93€ + 0.07€ level: 2 - HandId: #2666570126924447745-5-1673283476 - Holdem no limit (15/30) - 2023/01/09 16:57:56 UTC
Table: 'Expresso Nitro(620859239)#0' 3-max (real money) Seat #1 is the button
Seat 1: _SKR (260)
Seat 2: F66sBM (610)
Seat 3: Raphy0109 (30)
*** ANTE/BLINDS ***
F66sBM posts small blind 15
Raphy0109 posts big blind 30 and is all-in
Dealt to _SKR [Ac 8c]
*** PRE-FLOP *** 
_SKR raises 45 to 75
F66sBM raises 180 to 255
_SKR raises 5 to 260 and is all-in
F66sBM calls 5
*** FLOP *** [Ad 4s 8s]
*** TURN *** [Ad 4s 8s][8d]
*** RIVER *** [Ad 4s 8s 8d][7h]
*** SHOW DOWN ***
F66sBM shows [Jc Qd] (One pair : 8)
Raphy0109 shows [7c 3h] (Two pairs : 8 and 7)
_SKR shows [Ac 8c] (Full of 8 and Aces)
_SKR collected 550 from pot
*** SUMMARY ***
Total pot 550 | No rake
Board: [Ad 4s 8s 8d 7h]
Seat 1: _SKR (button) showed [Ac 8c] and won 550 with Full of 8 and Aces
Seat 2: F66sBM (small blind) showed [Jc Qd] and lost with One pair : 8
Seat 3: Raphy0109 (big blind) showed [7c 3h] and lost with Two pairs : 8 and 7


Winamax Poker - Tournament "Expresso Nitro" buyIn: 0.93€ + 0.07€ level: 2 - HandId: #2666570126924447745-6-1673283503 - Holdem no limit (15/30) - 2023/01/09 16:58:23 UTC
Table: 'Expresso Nitro(620859239)#0' 3-max (real money) Seat #1 is the button
Seat 1: _SKR (550)
Seat 2: F66sBM (350)
*** ANTE/BLINDS ***
_SKR posts small blind 15
F66sBM posts big blind 30
Dealt to _SKR [5c 2s]
*** PRE-FLOP *** 
_SKR folds
F66sBM collected 45 from pot
*** SUMMARY ***
Total pot 45 | No rake
Seat 2: F66sBM (big blind) won 45


Winamax Poker - Tournament "Expresso Nitro" buyIn: 0.93€ + 0.07€ level: 2 - HandId: #2666570126924447745-7-1673283506 - Holdem no limit (15/30) - 2023/01/09 16:58:26 UTC
Table: 'Expresso Nitro(620859239)#0' 3-max (real money) Seat #2 is the button
Seat 1: _SKR (535)
Seat 2: F66sBM (365)
*** ANTE/BLINDS ***
F66sBM posts small blind 15
_SKR posts big blind 30
Dealt to _SKR [4d 5h]
*** PRE-FLOP *** 
F66sBM calls 15
_SKR checks
*** FLOP *** [8c Ac Js]
_SKR checks
F66sBM checks
*** TURN *** [8c Ac Js][4s]
_SKR checks
F66sBM bets 335 and is all-in
_SKR folds
F66sBM collected 395 from pot
*** SUMMARY ***
Total pot 395 | No rake
Board: [8c Ac Js 4s]
Seat 2: F66sBM (small blind) (button) won 395


Winamax Poker - Tournament "Expresso Nitro" buyIn: 0.93€ + 0.07€ level: 3 - HandId: #2666570126924447745-8-1673283536 - Holdem no limit (20/40) - 2023/01/09 16:58:56 UTC
Table: 'Expresso Nitro(620859239)#0' 3-max (real money) Seat #1 is the button
Seat 1: _SKR (505)
Seat 2: F66sBM (395)
*** ANTE/BLINDS ***
_SKR posts small blind 20
F66sBM posts big blind 40
Dealt to _SKR [9c Th]
*** PRE-FLOP *** 
_SKR calls 20
F66sBM checks
*** FLOP *** [4d Tc 4s]
F66sBM bets 355 and is all-in
_SKR calls 355
*** TURN *** [4d Tc 4s][4c]
*** RIVER *** [4d Tc 4s 4c][Qc]
*** SHOW DOWN ***
F66sBM shows [Kc 8h] (Trips of 4)
_SKR shows [9c Th] (Full of 4 and Tens)
_SKR collected 790 from pot
*** SUMMARY ***
Total pot 790 | No rake
Board: [4d Tc 4s 4c Qc]
Seat 1: _SKR (small blind) (button) showed [9c Th] and won 790 with Full of 4 and Tens
Seat 2: F66sBM (big blind) showed [Kc 8h] and lost with Trips of 4


