Winamax Poker - Tournament "Expresso Nitro" buyIn: 0.93€ + 0.07€ level: 1 - HandId: #2721180103517143041-1-1676418446 - Holdem no limit (10/20) - 2023/02/14 23:47:26 UTC
Table: 'Expresso Nitro(633574115)#0' 3-max (real money) Seat #2 is the button
Seat 1: _SKR (300)
Seat 2: yorenzo16 (300)
Seat 3: lazu98 (300)
*** ANTE/BLINDS ***
lazu98 posts small blind 10
_SKR posts big blind 20
Dealt to _SKR [Ts 8s]
*** PRE-FLOP *** 
yorenzo16 calls 20
lazu98 raises 280 to 300 and is all-in
_SKR folds
yorenzo16 folds
lazu98 collected 340 from pot
*** SUMMARY ***
Total pot 340 | No rake
Seat 3: lazu98 (small blind) won 340


Winamax Poker - Tournament "Expresso Nitro" buyIn: 0.93€ + 0.07€ level: 1 - HandId: #2721180103517143041-2-1676418459 - Holdem no limit (10/20) - 2023/02/14 23:47:39 UTC
Table: 'Expresso Nitro(633574115)#0' 3-max (real money) Seat #3 is the button
Seat 1: _SKR (280)
Seat 2: yorenzo16 (280)
Seat 3: lazu98 (340)
*** ANTE/BLINDS ***
_SKR posts small blind 10
yorenzo16 posts big blind 20
Dealt to _SKR [8s Qh]
*** PRE-FLOP *** 
lazu98 folds
_SKR folds
yorenzo16 collected 30 from pot
*** SUMMARY ***
Total pot 30 | No rake
Seat 2: yorenzo16 (big blind) won 30


Winamax Poker - Tournament "Expresso Nitro" buyIn: 0.93€ + 0.07€ level: 1 - HandId: #2721180103517143041-3-1676418465 - Holdem no limit (10/20) - 2023/02/14 23:47:45 UTC
Table: 'Expresso Nitro(633574115)#0' 3-max (real money) Seat #1 is the button
Seat 1: _SKR (270)
Seat 2: yorenzo16 (290)
Seat 3: lazu98 (340)
*** ANTE/BLINDS ***
yorenzo16 posts small blind 10
lazu98 posts big blind 20
Dealt to _SKR [Jd Ts]
*** PRE-FLOP *** 
_SKR folds
yorenzo16 raises 30 to 50
lazu98 folds
yorenzo16 collected 70 from pot
*** SUMMARY ***
Total pot 70 | No rake
Seat 2: yorenzo16 (small blind) won 70


Winamax Poker - Tournament "Expresso Nitro" buyIn: 0.93€ + 0.07€ level: 1 - HandId: #2721180103517143041-4-1676418476 - Holdem no limit (10/20) - 2023/02/14 23:47:56 UTC
Table: 'Expresso Nitro(633574115)#0' 3-max (real money) Seat #2 is the button
Seat 1: _SKR (270)
Seat 2: yorenzo16 (310)
Seat 3: lazu98 (320)
*** ANTE/BLINDS ***
lazu98 posts small blind 10
_SKR posts big blind 20
Dealt to _SKR [Kh 8s]
*** PRE-FLOP *** 
yorenzo16 raises 40 to 60
lazu98 raises 260 to 320 and is all-in
_SKR folds
yorenzo16 calls 250 and is all-in
*** FLOP *** [Jd 3h 6d]
*** TURN *** [Jd 3h 6d][5d]
*** RIVER *** [Jd 3h 6d 5d][6s]
*** SHOW DOWN ***
yorenzo16 shows [Qd Tc] (One pair : 6)
lazu98 shows [Qh Ac] (One pair : 6)
lazu98 collected 650 from pot
*** SUMMARY ***
Total pot 650 | No rake
Board: [Jd 3h 6d 5d 6s]
Seat 2: yorenzo16 (button) showed [Qd Tc] and lost with One pair : 6
Seat 3: lazu98 (small blind) showed [Qh Ac] and won 650 with One pair : 6


Winamax Poker - Tournament "Expresso Nitro" buyIn: 0.93€ + 0.07€ level: 1 - HandId: #2721180103517143041-5-1676418492 - Holdem no limit (10/20) - 2023/02/14 23:48:12 UTC
Table: 'Expresso Nitro(633574115)#0' 3-max (real money) Seat #1 is the button
Seat 1: _SKR (250)
Seat 3: lazu98 (650)
*** ANTE/BLINDS ***
_SKR posts small blind 10
lazu98 posts big blind 20
Dealt to _SKR [Ad Qs]
*** PRE-FLOP *** 
_SKR raises 20 to 40
lazu98 folds
_SKR collected 60 from pot
*** SUMMARY ***
Total pot 60 | No rake
Seat 1: _SKR (small blind) (button) won 60


Winamax Poker - Tournament "Expresso Nitro" buyIn: 0.93€ + 0.07€ level: 2 - HandId: #2721180103517143041-6-1676418504 - Holdem no limit (15/30) - 2023/02/14 23:48:24 UTC
Table: 'Expresso Nitro(633574115)#0' 3-max (real money) Seat #3 is the button
Seat 1: _SKR (270)
Seat 3: lazu98 (630)
*** ANTE/BLINDS ***
lazu98 posts small blind 15
_SKR posts big blind 30
Dealt to _SKR [Ks 4h]
*** PRE-FLOP *** 
lazu98 calls 15
_SKR checks
*** FLOP *** [2c 6c 7d]
_SKR checks
lazu98 bets 30
_SKR folds
lazu98 collected 90 from pot
*** SUMMARY ***
Total pot 90 | No rake
Board: [2c 6c 7d]
Seat 3: lazu98 (small blind) (button) won 90


Winamax Poker - Tournament "Expresso Nitro" buyIn: 0.93€ + 0.07€ level: 2 - HandId: #2721180103517143041-7-1676418535 - Holdem no limit (15/30) - 2023/02/14 23:48:55 UTC
Table: 'Expresso Nitro(633574115)#0' 3-max (real money) Seat #1 is the button
Seat 1: _SKR (240)
Seat 3: lazu98 (660)
*** ANTE/BLINDS ***
_SKR posts small blind 15
lazu98 posts big blind 30
Dealt to _SKR [3c 8d]
*** PRE-FLOP *** 
_SKR folds
lazu98 collected 45 from pot
*** SUMMARY ***
Total pot 45 | No rake
Seat 3: lazu98 (big blind) won 45


Winamax Poker - Tournament "Expresso Nitro" buyIn: 0.93€ + 0.07€ level: 2 - HandId: #2721180103517143041-8-1676418539 - Holdem no limit (15/30) - 2023/02/14 23:48:59 UTC
Table: 'Expresso Nitro(633574115)#0' 3-max (real money) Seat #3 is the button
Seat 1: _SKR (225)
Seat 3: lazu98 (675)
*** ANTE/BLINDS ***
lazu98 posts small blind 15
_SKR posts big blind 30
Dealt to _SKR [Ad 9s]
*** PRE-FLOP *** 
lazu98 calls 15
_SKR raises 195 to 225 and is all-in
lazu98 calls 195
*** FLOP *** [6s Jc Kh]
*** TURN *** [6s Jc Kh][8c]
*** RIVER *** [6s Jc Kh 8c][Js]
*** SHOW DOWN ***
lazu98 shows [5h Qh] (One pair : Jacks)
_SKR shows [Ad 9s] (One pair : Jacks)
_SKR collected 450 from pot
*** SUMMARY ***
Total pot 450 | No rake
Board: [6s Jc Kh 8c Js]
Seat 1: _SKR (big blind) showed [Ad 9s] and won 450 with One pair : Jacks
Seat 3: lazu98 (small blind) (button) showed [5h Qh] and lost with One pair : Jacks


Winamax Poker - Tournament "Expresso Nitro" buyIn: 0.93€ + 0.07€ level: 2 - HandId: #2721180103517143041-9-1676418554 - Holdem no limit (15/30) - 2023/02/14 23:49:14 UTC
Table: 'Expresso Nitro(633574115)#0' 3-max (real money) Seat #1 is the button
Seat 1: _SKR (450)
Seat 3: lazu98 (450)
*** ANTE/BLINDS ***
_SKR posts small blind 15
lazu98 posts big blind 30
Dealt to _SKR [9c 5d]
*** PRE-FLOP *** 
_SKR folds
lazu98 collected 45 from pot
*** SUMMARY ***
Total pot 45 | No rake
Seat 3: lazu98 (big blind) won 45


Winamax Poker - Tournament "Expresso Nitro" buyIn: 0.93€ + 0.07€ level: 2 - HandId: #2721180103517143041-10-1676418559 - Holdem no limit (15/30) - 2023/02/14 23:49:19 UTC
Table: 'Expresso Nitro(633574115)#0' 3-max (real money) Seat #3 is the button
Seat 1: _SKR (435)
Seat 3: lazu98 (465)
*** ANTE/BLINDS ***
lazu98 posts small blind 15
_SKR posts big blind 30
Dealt to _SKR [9h 6s]
*** PRE-FLOP *** 
lazu98 folds
_SKR collected 45 from pot
*** SUMMARY ***
Total pot 45 | No rake
Seat 1: _SKR (big blind) won 45


Winamax Poker - Tournament "Expresso Nitro" buyIn: 0.93€ + 0.07€ level: 3 - HandId: #2721180103517143041-11-1676418567 - Holdem no limit (20/40) - 2023/02/14 23:49:27 UTC
Table: 'Expresso Nitro(633574115)#0' 3-max (real money) Seat #1 is the button
Seat 1: _SKR (450)
Seat 3: lazu98 (450)
*** ANTE/BLINDS ***
_SKR posts small blind 20
lazu98 posts big blind 40
Dealt to _SKR [3d 3s]
*** PRE-FLOP *** 
_SKR raises 410 to 450 and is all-in
lazu98 folds
_SKR collected 490 from pot
*** SUMMARY ***
Total pot 490 | No rake
Seat 1: _SKR (small blind) (button) won 490


Winamax Poker - Tournament "Expresso Nitro" buyIn: 0.93€ + 0.07€ level: 3 - HandId: #2721180103517143041-12-1676418573 - Holdem no limit (20/40) - 2023/02/14 23:49:33 UTC
Table: 'Expresso Nitro(633574115)#0' 3-max (real money) Seat #3 is the button
Seat 1: _SKR (490)
Seat 3: lazu98 (410)
*** ANTE/BLINDS ***
lazu98 posts small blind 20
_SKR posts big blind 40
Dealt to _SKR [Jh 6s]
*** PRE-FLOP *** 
lazu98 calls 20
_SKR checks
*** FLOP *** [Tc 8d 4d]
_SKR checks
lazu98 bets 40
_SKR folds
lazu98 collected 120 from pot
*** SUMMARY ***
Total pot 120 | No rake
Board: [Tc 8d 4d]
Seat 3: lazu98 (small blind) (button) won 120


Winamax Poker - Tournament "Expresso Nitro" buyIn: 0.93€ + 0.07€ level: 3 - HandId: #2721180103517143041-13-1676418596 - Holdem no limit (20/40) - 2023/02/14 23:49:56 UTC
Table: 'Expresso Nitro(633574115)#0' 3-max (real money) Seat #1 is the button
Seat 1: _SKR (450)
Seat 3: lazu98 (450)
*** ANTE/BLINDS ***
_SKR posts small blind 20
lazu98 posts big blind 40
Dealt to _SKR [6h 4c]
*** PRE-FLOP *** 
_SKR folds
lazu98 collected 60 from pot
*** SUMMARY ***
Total pot 60 | No rake
Seat 3: lazu98 (big blind) won 60


Winamax Poker - Tournament "Expresso Nitro" buyIn: 0.93€ + 0.07€ level: 3 - HandId: #2721180103517143041-14-1676418599 - Holdem no limit (20/40) - 2023/02/14 23:49:59 UTC
Table: 'Expresso Nitro(633574115)#0' 3-max (real money) Seat #3 is the button
Seat 1: _SKR (430)
Seat 3: lazu98 (470)
*** ANTE/BLINDS ***
lazu98 posts small blind 20
_SKR posts big blind 40
Dealt to _SKR [Qd 6s]
*** PRE-FLOP *** 
lazu98 raises 430 to 470 and is all-in
_SKR folds
lazu98 collected 510 from pot
*** SUMMARY ***
Total pot 510 | No rake
Seat 3: lazu98 (small blind) (button) won 510


Winamax Poker - Tournament "Expresso Nitro" buyIn: 0.93€ + 0.07€ level: 3 - HandId: #2721180103517143041-15-1676418605 - Holdem no limit (20/40) - 2023/02/14 23:50:05 UTC
Table: 'Expresso Nitro(633574115)#0' 3-max (real money) Seat #1 is the button
Seat 1: _SKR (390)
Seat 3: lazu98 (510)
*** ANTE/BLINDS ***
_SKR posts small blind 20
lazu98 posts big blind 40
Dealt to _SKR [7d Qs]
*** PRE-FLOP *** 
_SKR raises 350 to 390 and is all-in
lazu98 calls 350
*** FLOP *** [4h 7c 2h]
*** TURN *** [4h 7c 2h][Ad]
*** RIVER *** [4h 7c 2h Ad][6c]
*** SHOW DOWN ***
lazu98 shows [Ks 2d] (One pair : 2)
_SKR shows [7d Qs] (One pair : 7)
_SKR collected 780 from pot
*** SUMMARY ***
Total pot 780 | No rake
Board: [4h 7c 2h Ad 6c]
Seat 1: _SKR (small blind) (button) showed [7d Qs] and won 780 with One pair : 7
Seat 3: lazu98 (big blind) showed [Ks 2d] and lost with One pair : 2


Winamax Poker - Tournament "Expresso Nitro" buyIn: 0.93€ + 0.07€ level: 4 - HandId: #2721180103517143041-16-1676418622 - Holdem no limit (30/60) - 2023/02/14 23:50:22 UTC
Table: 'Expresso Nitro(633574115)#0' 3-max (real money) Seat #3 is the button
Seat 1: _SKR (780)
Seat 3: lazu98 (120)
*** ANTE/BLINDS ***
lazu98 posts small blind 30
_SKR posts big blind 60
Dealt to _SKR [4c 7c]
*** PRE-FLOP *** 
lazu98 raises 60 to 120 and is all-in
_SKR calls 60
*** FLOP *** [Ad 9c Js]
*** TURN *** [Ad 9c Js][3s]
*** RIVER *** [Ad 9c Js 3s][8c]
*** SHOW DOWN ***
_SKR shows [4c 7c] (High card : Ace)
lazu98 shows [8h 8d] (Trips of 8)
lazu98 collected 240 from pot
*** SUMMARY ***
Total pot 240 | No rake
Board: [Ad 9c Js 3s 8c]
Seat 1: _SKR (big blind) showed [4c 7c] and lost with High card : Ace
Seat 3: lazu98 (small blind) (button) showed [8h 8d] and won 240 with Trips of 8


Winamax Poker - Tournament "Expresso Nitro" buyIn: 0.93€ + 0.07€ level: 4 - HandId: #2721180103517143041-17-1676418635 - Holdem no limit (30/60) - 2023/02/14 23:50:35 UTC
Table: 'Expresso Nitro(633574115)#0' 3-max (real money) Seat #1 is the button
Seat 1: _SKR (660)
Seat 3: lazu98 (240)
*** ANTE/BLINDS ***
_SKR posts small blind 30
lazu98 posts big blind 60
Dealt to _SKR [5s Jc]
*** PRE-FLOP *** 
_SKR raises 600 to 660 and is all-in
lazu98 folds
_SKR collected 720 from pot
*** SUMMARY ***
Total pot 720 | No rake
Seat 1: _SKR (small blind) (button) won 720


Winamax Poker - Tournament "Expresso Nitro" buyIn: 0.93€ + 0.07€ level: 4 - HandId: #2721180103517143041-18-1676418640 - Holdem no limit (30/60) - 2023/02/14 23:50:40 UTC
Table: 'Expresso Nitro(633574115)#0' 3-max (real money) Seat #3 is the button
Seat 1: _SKR (720)
Seat 3: lazu98 (180)
*** ANTE/BLINDS ***
lazu98 posts small blind 30
_SKR posts big blind 60
Dealt to _SKR [8c Js]
*** PRE-FLOP *** 
lazu98 raises 120 to 180 and is all-in
_SKR calls 120
*** FLOP *** [5d Qd 2h]
*** TURN *** [5d Qd 2h][Tc]
*** RIVER *** [5d Qd 2h Tc][2s]
*** SHOW DOWN ***
lazu98 shows [9c 4d] (One pair : 2)
_SKR shows [8c Js] (One pair : 2)
_SKR collected 360 from pot
*** SUMMARY ***
Total pot 360 | No rake
Board: [5d Qd 2h Tc 2s]
Seat 1: _SKR (big blind) showed [8c Js] and won 360 with One pair : 2
Seat 3: lazu98 (small blind) (button) showed [9c 4d] and lost with One pair : 2


