Winamax Poker - Tournament "Expresso Nitro" buyIn: 1.86€ + 0.14€ level: 1 - HandId: #2696624508470558721-1-1675090419 - Holdem no limit (10/20) - 2023/01/30 14:53:39 UTC
Table: 'Expresso Nitro(627856820)#0' 3-max (real money) Seat #2 is the button
Seat 1: Djordjo94 (300)
Seat 2: maryline75 (300)
Seat 3: _SKR (300)
*** ANTE/BLINDS ***
_SKR posts small blind 10
Djordjo94 posts big blind 20
Dealt to _SKR [7d 5c]
*** PRE-FLOP *** 
maryline75 calls 20
_SKR folds
Djordjo94 checks
*** FLOP *** [Qd 6c 2c]
Djordjo94 bets 20
maryline75 folds
Djordjo94 collected 70 from pot
*** SUMMARY ***
Total pot 70 | No rake
Board: [Qd 6c 2c]
Seat 1: Djordjo94 (big blind) won 70


Winamax Poker - Tournament "Expresso Nitro" buyIn: 1.86€ + 0.14€ level: 1 - HandId: #2696624508470558721-2-1675090432 - Holdem no limit (10/20) - 2023/01/30 14:53:52 UTC
Table: 'Expresso Nitro(627856820)#0' 3-max (real money) Seat #3 is the button
Seat 1: Djordjo94 (330)
Seat 2: maryline75 (280)
Seat 3: _SKR (290)
*** ANTE/BLINDS ***
Djordjo94 posts small blind 10
maryline75 posts big blind 20
Dealt to _SKR [Qh Qd]
*** PRE-FLOP *** 
_SKR raises 20 to 40
Djordjo94 folds
maryline75 raises 240 to 280 and is all-in
_SKR raises 10 to 290 and is all-in
*** FLOP *** [8c 9c As]
*** TURN *** [8c 9c As][5h]
*** RIVER *** [8c 9c As 5h][2d]
*** SHOW DOWN ***
maryline75 shows [Qc Jh] (High card : Ace)
_SKR shows [Qh Qd] (One pair : Queens)
_SKR collected 580 from pot
*** SUMMARY ***
Total pot 580 | No rake
Board: [8c 9c As 5h 2d]
Seat 2: maryline75 (big blind) showed [Qc Jh] and lost with High card : Ace
Seat 3: _SKR (button) showed [Qh Qd] and won 580 with One pair : Queens


Winamax Poker - Tournament "Expresso Nitro" buyIn: 1.86€ + 0.14€ level: 1 - HandId: #2696624508470558721-3-1675090451 - Holdem no limit (10/20) - 2023/01/30 14:54:11 UTC
Table: 'Expresso Nitro(627856820)#0' 3-max (real money) Seat #3 is the button
Seat 1: Djordjo94 (320)
Seat 3: _SKR (580)
*** ANTE/BLINDS ***
_SKR posts small blind 10
Djordjo94 posts big blind 20
Dealt to _SKR [9s Ad]
*** PRE-FLOP *** 
_SKR raises 560 to 580 and is all-in
Djordjo94 folds
_SKR collected 600 from pot
*** SUMMARY ***
Total pot 600 | No rake
Seat 3: _SKR (small blind) (button) won 600


Winamax Poker - Tournament "Expresso Nitro" buyIn: 1.86€ + 0.14€ level: 1 - HandId: #2696624508470558721-4-1675090457 - Holdem no limit (10/20) - 2023/01/30 14:54:17 UTC
Table: 'Expresso Nitro(627856820)#0' 3-max (real money) Seat #1 is the button
Seat 1: Djordjo94 (300)
Seat 3: _SKR (600)
*** ANTE/BLINDS ***
Djordjo94 posts small blind 10
_SKR posts big blind 20
Dealt to _SKR [6s 5c]
*** PRE-FLOP *** 
Djordjo94 calls 10
_SKR checks
*** FLOP *** [2s 6h Ad]
_SKR checks
Djordjo94 checks
*** TURN *** [2s 6h Ad][Jc]
_SKR checks
Djordjo94 checks
*** RIVER *** [2s 6h Ad Jc][2c]
_SKR bets 20
Djordjo94 calls 20
*** SHOW DOWN ***
_SKR shows [6s 5c] (Two pairs : 6 and 2)
Djordjo94 shows [Qc Js] (Two pairs : Jacks and 2)
Djordjo94 collected 80 from pot
*** SUMMARY ***
Total pot 80 | No rake
Board: [2s 6h Ad Jc 2c]
Seat 1: Djordjo94 (small blind) (button) showed [Qc Js] and won 80 with Two pairs : Jacks and 2
Seat 3: _SKR (big blind) showed [6s 5c] and lost with Two pairs : 6 and 2


Winamax Poker - Tournament "Expresso Nitro" buyIn: 1.86€ + 0.14€ level: 2 - HandId: #2696624508470558721-5-1675090481 - Holdem no limit (15/30) - 2023/01/30 14:54:41 UTC
Table: 'Expresso Nitro(627856820)#0' 3-max (real money) Seat #3 is the button
Seat 1: Djordjo94 (340)
Seat 3: _SKR (560)
*** ANTE/BLINDS ***
_SKR posts small blind 15
Djordjo94 posts big blind 30
Dealt to _SKR [9s 2h]
*** PRE-FLOP *** 
_SKR folds
Djordjo94 collected 45 from pot
*** SUMMARY ***
Total pot 45 | No rake
Seat 1: Djordjo94 (big blind) won 45


Winamax Poker - Tournament "Expresso Nitro" buyIn: 1.86€ + 0.14€ level: 2 - HandId: #2696624508470558721-6-1675090485 - Holdem no limit (15/30) - 2023/01/30 14:54:45 UTC
Table: 'Expresso Nitro(627856820)#0' 3-max (real money) Seat #1 is the button
Seat 1: Djordjo94 (355)
Seat 3: _SKR (545)
*** ANTE/BLINDS ***
Djordjo94 posts small blind 15
_SKR posts big blind 30
Dealt to _SKR [Tc 3c]
*** PRE-FLOP *** 
Djordjo94 calls 15
_SKR checks
*** FLOP *** [Ts 6s 2h]
_SKR checks
Djordjo94 checks
*** TURN *** [Ts 6s 2h][2s]
_SKR checks
Djordjo94 bets 30
_SKR calls 30
*** RIVER *** [Ts 6s 2h 2s][5s]
_SKR checks
Djordjo94 checks
*** SHOW DOWN ***
_SKR shows [Tc 3c] (Two pairs : Tens and 2)
Djordjo94 shows [Th 9h] (Two pairs : Tens and 2)
Djordjo94 collected 120 from pot
*** SUMMARY ***
Total pot 120 | No rake
Board: [Ts 6s 2h 2s 5s]
Seat 1: Djordjo94 (small blind) (button) showed [Th 9h] and won 120 with Two pairs : Tens and 2
Seat 3: _SKR (big blind) showed [Tc 3c] and lost with Two pairs : Tens and 2


Winamax Poker - Tournament "Expresso Nitro" buyIn: 1.86€ + 0.14€ level: 2 - HandId: #2696624508470558721-7-1675090518 - Holdem no limit (15/30) - 2023/01/30 14:55:18 UTC
Table: 'Expresso Nitro(627856820)#0' 3-max (real money) Seat #3 is the button
Seat 1: Djordjo94 (415)
Seat 3: _SKR (485)
*** ANTE/BLINDS ***
_SKR posts small blind 15
Djordjo94 posts big blind 30
Dealt to _SKR [9c Tc]
*** PRE-FLOP *** 
_SKR calls 15
Djordjo94 checks
*** FLOP *** [3h Ts Kd]
Djordjo94 checks
_SKR checks
*** TURN *** [3h Ts Kd][Ah]
Djordjo94 checks
_SKR bets 39
Djordjo94 folds
_SKR collected 99 from pot
*** SUMMARY ***
Total pot 99 | No rake
Board: [3h Ts Kd Ah]
Seat 3: _SKR (small blind) (button) won 99


Winamax Poker - Tournament "Expresso Nitro" buyIn: 1.86€ + 0.14€ level: 3 - HandId: #2696624508470558721-8-1675090540 - Holdem no limit (20/40) - 2023/01/30 14:55:40 UTC
Table: 'Expresso Nitro(627856820)#0' 3-max (real money) Seat #1 is the button
Seat 1: Djordjo94 (385)
Seat 3: _SKR (515)
*** ANTE/BLINDS ***
Djordjo94 posts small blind 20
_SKR posts big blind 40
Dealt to _SKR [2h Ac]
*** PRE-FLOP *** 
Djordjo94 calls 20
_SKR raises 475 to 515 and is all-in
Djordjo94 folds
_SKR collected 555 from pot
*** SUMMARY ***
Total pot 555 | No rake
Seat 3: _SKR (big blind) won 555


Winamax Poker - Tournament "Expresso Nitro" buyIn: 1.86€ + 0.14€ level: 3 - HandId: #2696624508470558721-9-1675090549 - Holdem no limit (20/40) - 2023/01/30 14:55:49 UTC
Table: 'Expresso Nitro(627856820)#0' 3-max (real money) Seat #3 is the button
Seat 1: Djordjo94 (345)
Seat 3: _SKR (555)
*** ANTE/BLINDS ***
_SKR posts small blind 20
Djordjo94 posts big blind 40
Dealt to _SKR [Qc 7d]
*** PRE-FLOP *** 
_SKR raises 515 to 555 and is all-in
Djordjo94 folds
_SKR collected 595 from pot
*** SUMMARY ***
Total pot 595 | No rake
Seat 3: _SKR (small blind) (button) won 595


Winamax Poker - Tournament "Expresso Nitro" buyIn: 1.86€ + 0.14€ level: 3 - HandId: #2696624508470558721-10-1675090555 - Holdem no limit (20/40) - 2023/01/30 14:55:55 UTC
Table: 'Expresso Nitro(627856820)#0' 3-max (real money) Seat #1 is the button
Seat 1: Djordjo94 (305)
Seat 3: _SKR (595)
*** ANTE/BLINDS ***
Djordjo94 posts small blind 20
_SKR posts big blind 40
Dealt to _SKR [4d 8h]
*** PRE-FLOP *** 
Djordjo94 folds
_SKR collected 60 from pot
*** SUMMARY ***
Total pot 60 | No rake
Seat 3: _SKR (big blind) won 60


Winamax Poker - Tournament "Expresso Nitro" buyIn: 1.86€ + 0.14€ level: 3 - HandId: #2696624508470558721-11-1675090558 - Holdem no limit (20/40) - 2023/01/30 14:55:58 UTC
Table: 'Expresso Nitro(627856820)#0' 3-max (real money) Seat #3 is the button
Seat 1: Djordjo94 (285)
Seat 3: _SKR (615)
*** ANTE/BLINDS ***
_SKR posts small blind 20
Djordjo94 posts big blind 40
Dealt to _SKR [Jc Kh]
*** PRE-FLOP *** 
_SKR raises 575 to 615 and is all-in
Djordjo94 folds
_SKR collected 655 from pot
*** SUMMARY ***
Total pot 655 | No rake
Seat 3: _SKR (small blind) (button) won 655


Winamax Poker - Tournament "Expresso Nitro" buyIn: 1.86€ + 0.14€ level: 3 - HandId: #2696624508470558721-12-1675090568 - Holdem no limit (20/40) - 2023/01/30 14:56:08 UTC
Table: 'Expresso Nitro(627856820)#0' 3-max (real money) Seat #1 is the button
Seat 1: Djordjo94 (245)
Seat 3: _SKR (655)
*** ANTE/BLINDS ***
Djordjo94 posts small blind 20
_SKR posts big blind 40
Dealt to _SKR [Kc 2s]
*** PRE-FLOP *** 
Djordjo94 folds
_SKR collected 60 from pot
*** SUMMARY ***
Total pot 60 | No rake
Seat 3: _SKR (big blind) won 60


Winamax Poker - Tournament "Expresso Nitro" buyIn: 1.86€ + 0.14€ level: 3 - HandId: #2696624508470558721-13-1675090572 - Holdem no limit (20/40) - 2023/01/30 14:56:12 UTC
Table: 'Expresso Nitro(627856820)#0' 3-max (real money) Seat #3 is the button
Seat 1: Djordjo94 (225)
Seat 3: _SKR (675)
*** ANTE/BLINDS ***
_SKR posts small blind 20
Djordjo94 posts big blind 40
Dealt to _SKR [8s 4h]
*** PRE-FLOP *** 
_SKR folds
Djordjo94 collected 60 from pot
*** SUMMARY ***
Total pot 60 | No rake
Seat 1: Djordjo94 (big blind) won 60


Winamax Poker - Tournament "Expresso Nitro" buyIn: 1.86€ + 0.14€ level: 3 - HandId: #2696624508470558721-14-1675090575 - Holdem no limit (20/40) - 2023/01/30 14:56:15 UTC
Table: 'Expresso Nitro(627856820)#0' 3-max (real money) Seat #1 is the button
Seat 1: Djordjo94 (245)
Seat 3: _SKR (655)
*** ANTE/BLINDS ***
Djordjo94 posts small blind 20
_SKR posts big blind 40
Dealt to _SKR [Jd 6d]
*** PRE-FLOP *** 
Djordjo94 calls 20
_SKR raises 615 to 655 and is all-in
Djordjo94 folds
_SKR collected 695 from pot
*** SUMMARY ***
Total pot 695 | No rake
Seat 3: _SKR (big blind) won 695


Winamax Poker - Tournament "Expresso Nitro" buyIn: 1.86€ + 0.14€ level: 3 - HandId: #2696624508470558721-15-1675090582 - Holdem no limit (20/40) - 2023/01/30 14:56:22 UTC
Table: 'Expresso Nitro(627856820)#0' 3-max (real money) Seat #3 is the button
Seat 1: Djordjo94 (205)
Seat 3: _SKR (695)
*** ANTE/BLINDS ***
_SKR posts small blind 20
Djordjo94 posts big blind 40
Dealt to _SKR [3c Kh]
*** PRE-FLOP *** 
_SKR folds
Djordjo94 collected 60 from pot
*** SUMMARY ***
Total pot 60 | No rake
Seat 1: Djordjo94 (big blind) won 60


Winamax Poker - Tournament "Expresso Nitro" buyIn: 1.86€ + 0.14€ level: 3 - HandId: #2696624508470558721-16-1675090587 - Holdem no limit (20/40) - 2023/01/30 14:56:27 UTC
Table: 'Expresso Nitro(627856820)#0' 3-max (real money) Seat #1 is the button
Seat 1: Djordjo94 (225)
Seat 3: _SKR (675)
*** ANTE/BLINDS ***
Djordjo94 posts small blind 20
_SKR posts big blind 40
Dealt to _SKR [Th Tc]
*** PRE-FLOP *** 
Djordjo94 raises 185 to 225 and is all-in
_SKR raises 185 to 410
*** FLOP *** [7s Qc 3h]
*** TURN *** [7s Qc 3h][2c]
*** RIVER *** [7s Qc 3h 2c][Jc]
*** SHOW DOWN ***
Djordjo94 shows [4d 7d] (One pair : 7)
_SKR shows [Th Tc] (One pair : Tens)
_SKR collected 635 from pot
*** SUMMARY ***
Total pot 635 | No rake
Board: [7s Qc 3h 2c Jc]
Seat 1: Djordjo94 (small blind) (button) showed [4d 7d] and lost with One pair : 7
Seat 3: _SKR (big blind) showed [Th Tc] and won 635 with One pair : Tens


