Winamax Poker - Tournament "Expresso Nitro" buyIn: 0.93€ + 0.07€ level: 1 - HandId: #2730607320508661761-1-1676988328 - Holdem no limit (10/20) - 2023/02/21 14:05:28 UTC
Table: 'Expresso Nitro(635769060)#0' 3-max (real money) Seat #1 is the button
Seat 1: Anal Del Rey (300)
Seat 2: Echoes22 (300)
Seat 3: _SKR (300)
*** ANTE/BLINDS ***
Echoes22 posts small blind 10
_SKR posts big blind 20
Dealt to _SKR [Kc 3c]
*** PRE-FLOP *** 
Anal Del Rey folds
Echoes22 folds
_SKR collected 30 from pot
*** SUMMARY ***
Total pot 30 | No rake
Seat 3: _SKR (big blind) won 30


Winamax Poker - Tournament "Expresso Nitro" buyIn: 0.93€ + 0.07€ level: 1 - HandId: #2730607320508661761-2-1676988333 - Holdem no limit (10/20) - 2023/02/21 14:05:33 UTC
Table: 'Expresso Nitro(635769060)#0' 3-max (real money) Seat #2 is the button
Seat 1: Anal Del Rey (300)
Seat 2: Echoes22 (290)
Seat 3: _SKR (310)
*** ANTE/BLINDS ***
_SKR posts small blind 10
Anal Del Rey posts big blind 20
Dealt to _SKR [5c 5s]
*** PRE-FLOP *** 
Echoes22 raises 20 to 40
_SKR raises 270 to 310 and is all-in
Anal Del Rey folds
Echoes22 calls 250 and is all-in
*** FLOP *** [Jh 8d 7s]
*** TURN *** [Jh 8d 7s][9c]
*** RIVER *** [Jh 8d 7s 9c][5h]
*** SHOW DOWN ***
Echoes22 shows [3h 3c] (One pair : 3)
_SKR shows [5c 5s] (Trips of 5)
_SKR collected 620 from pot
*** SUMMARY ***
Total pot 620 | No rake
Board: [Jh 8d 7s 9c 5h]
Seat 2: Echoes22 (button) showed [3h 3c] and lost with One pair : 3
Seat 3: _SKR (small blind) showed [5c 5s] and won 620 with Trips of 5


Winamax Poker - Tournament "Expresso Nitro" buyIn: 0.93€ + 0.07€ level: 1 - HandId: #2730607320508661761-3-1676988352 - Holdem no limit (10/20) - 2023/02/21 14:05:52 UTC
Table: 'Expresso Nitro(635769060)#0' 3-max (real money) Seat #1 is the button
Seat 1: Anal Del Rey (280)
Seat 3: _SKR (620)
*** ANTE/BLINDS ***
Anal Del Rey posts small blind 10
_SKR posts big blind 20
Dealt to _SKR [7s 9h]
*** PRE-FLOP *** 
Anal Del Rey calls 10
_SKR checks
*** FLOP *** [9d Jh 6h]
_SKR bets 20
Anal Del Rey calls 20
*** TURN *** [9d Jh 6h][Td]
_SKR checks
Anal Del Rey bets 52
_SKR folds
Anal Del Rey collected 132 from pot
*** SUMMARY ***
Total pot 132 | No rake
Board: [9d Jh 6h Td]
Seat 1: Anal Del Rey (small blind) (button) won 132


Winamax Poker - Tournament "Expresso Nitro" buyIn: 0.93€ + 0.07€ level: 1 - HandId: #2730607320508661761-4-1676988378 - Holdem no limit (10/20) - 2023/02/21 14:06:18 UTC
Table: 'Expresso Nitro(635769060)#0' 3-max (real money) Seat #3 is the button
Seat 1: Anal Del Rey (320)
Seat 3: _SKR (580)
*** ANTE/BLINDS ***
_SKR posts small blind 10
Anal Del Rey posts big blind 20
Dealt to _SKR [3d 7h]
*** PRE-FLOP *** 
_SKR folds
Anal Del Rey collected 30 from pot
*** SUMMARY ***
Total pot 30 | No rake
Seat 1: Anal Del Rey (big blind) won 30


Winamax Poker - Tournament "Expresso Nitro" buyIn: 0.93€ + 0.07€ level: 1 - HandId: #2730607320508661761-5-1676988381 - Holdem no limit (10/20) - 2023/02/21 14:06:21 UTC
Table: 'Expresso Nitro(635769060)#0' 3-max (real money) Seat #1 is the button
Seat 1: Anal Del Rey (330)
Seat 3: _SKR (570)
*** ANTE/BLINDS ***
Anal Del Rey posts small blind 10
_SKR posts big blind 20
Dealt to _SKR [7s 2c]
*** PRE-FLOP *** 
Anal Del Rey raises 310 to 330 and is all-in
_SKR folds
Anal Del Rey collected 350 from pot
*** SUMMARY ***
Total pot 350 | No rake
Seat 1: Anal Del Rey (small blind) (button) won 350


Winamax Poker - Tournament "Expresso Nitro" buyIn: 0.93€ + 0.07€ level: 2 - HandId: #2730607320508661761-6-1676988393 - Holdem no limit (15/30) - 2023/02/21 14:06:33 UTC
Table: 'Expresso Nitro(635769060)#0' 3-max (real money) Seat #3 is the button
Seat 1: Anal Del Rey (350)
Seat 3: _SKR (550)
*** ANTE/BLINDS ***
_SKR posts small blind 15
Anal Del Rey posts big blind 30
Dealt to _SKR [8s 5c]
*** PRE-FLOP *** 
_SKR folds
Anal Del Rey collected 45 from pot
*** SUMMARY ***
Total pot 45 | No rake
Seat 1: Anal Del Rey (big blind) won 45


Winamax Poker - Tournament "Expresso Nitro" buyIn: 0.93€ + 0.07€ level: 2 - HandId: #2730607320508661761-7-1676988397 - Holdem no limit (15/30) - 2023/02/21 14:06:37 UTC
Table: 'Expresso Nitro(635769060)#0' 3-max (real money) Seat #1 is the button
Seat 1: Anal Del Rey (365)
Seat 3: _SKR (535)
*** ANTE/BLINDS ***
Anal Del Rey posts small blind 15
_SKR posts big blind 30
Dealt to _SKR [9d 6h]
*** PRE-FLOP *** 
Anal Del Rey folds
_SKR collected 45 from pot
*** SUMMARY ***
Total pot 45 | No rake
Seat 3: _SKR (big blind) won 45


Winamax Poker - Tournament "Expresso Nitro" buyIn: 0.93€ + 0.07€ level: 2 - HandId: #2730607320508661761-8-1676988400 - Holdem no limit (15/30) - 2023/02/21 14:06:40 UTC
Table: 'Expresso Nitro(635769060)#0' 3-max (real money) Seat #3 is the button
Seat 1: Anal Del Rey (350)
Seat 3: _SKR (550)
*** ANTE/BLINDS ***
_SKR posts small blind 15
Anal Del Rey posts big blind 30
Dealt to _SKR [6d Td]
*** PRE-FLOP *** 
_SKR calls 15
Anal Del Rey checks
*** FLOP *** [Qc 6h 3s]
Anal Del Rey checks
_SKR checks
*** TURN *** [Qc 6h 3s][4s]
Anal Del Rey checks
_SKR bets 30
Anal Del Rey calls 30
*** RIVER *** [Qc 6h 3s 4s][4d]
Anal Del Rey checks
_SKR checks
*** SHOW DOWN ***
_SKR shows [6d Td] (Two pairs : 6 and 4)
Anal Del Rey shows [4c Jd] (Trips of 4)
Anal Del Rey collected 120 from pot
*** SUMMARY ***
Total pot 120 | No rake
Board: [Qc 6h 3s 4s 4d]
Seat 1: Anal Del Rey (big blind) showed [4c Jd] and won 120 with Trips of 4
Seat 3: _SKR (small blind) (button) showed [6d Td] and lost with Two pairs : 6 and 4


Winamax Poker - Tournament "Expresso Nitro" buyIn: 0.93€ + 0.07€ level: 2 - HandId: #2730607320508661761-9-1676988435 - Holdem no limit (15/30) - 2023/02/21 14:07:15 UTC
Table: 'Expresso Nitro(635769060)#0' 3-max (real money) Seat #1 is the button
Seat 1: Anal Del Rey (410)
Seat 3: _SKR (490)
*** ANTE/BLINDS ***
Anal Del Rey posts small blind 15
_SKR posts big blind 30
Dealt to _SKR [6h 5d]
*** PRE-FLOP *** 
Anal Del Rey folds
_SKR collected 45 from pot
*** SUMMARY ***
Total pot 45 | No rake
Seat 3: _SKR (big blind) won 45


Winamax Poker - Tournament "Expresso Nitro" buyIn: 0.93€ + 0.07€ level: 2 - HandId: #2730607320508661761-10-1676988439 - Holdem no limit (15/30) - 2023/02/21 14:07:19 UTC
Table: 'Expresso Nitro(635769060)#0' 3-max (real money) Seat #3 is the button
Seat 1: Anal Del Rey (395)
Seat 3: _SKR (505)
*** ANTE/BLINDS ***
_SKR posts small blind 15
Anal Del Rey posts big blind 30
Dealt to _SKR [Ah 4h]
*** PRE-FLOP *** 
_SKR raises 475 to 505 and is all-in
Anal Del Rey folds
_SKR collected 535 from pot
*** SUMMARY ***
Total pot 535 | No rake
Seat 3: _SKR (small blind) (button) won 535


Winamax Poker - Tournament "Expresso Nitro" buyIn: 0.93€ + 0.07€ level: 3 - HandId: #2730607320508661761-11-1676988449 - Holdem no limit (20/40) - 2023/02/21 14:07:29 UTC
Table: 'Expresso Nitro(635769060)#0' 3-max (real money) Seat #1 is the button
Seat 1: Anal Del Rey (365)
Seat 3: _SKR (535)
*** ANTE/BLINDS ***
Anal Del Rey posts small blind 20
_SKR posts big blind 40
Dealt to _SKR [Js 3h]
*** PRE-FLOP *** 
Anal Del Rey raises 325 to 365 and is all-in
_SKR folds
Anal Del Rey collected 405 from pot
*** SUMMARY ***
Total pot 405 | No rake
Seat 1: Anal Del Rey (small blind) (button) won 405


Winamax Poker - Tournament "Expresso Nitro" buyIn: 0.93€ + 0.07€ level: 3 - HandId: #2730607320508661761-12-1676988458 - Holdem no limit (20/40) - 2023/02/21 14:07:38 UTC
Table: 'Expresso Nitro(635769060)#0' 3-max (real money) Seat #3 is the button
Seat 1: Anal Del Rey (405)
Seat 3: _SKR (495)
*** ANTE/BLINDS ***
_SKR posts small blind 20
Anal Del Rey posts big blind 40
Dealt to _SKR [Tc 3s]
*** PRE-FLOP *** 
_SKR folds
Anal Del Rey collected 60 from pot
*** SUMMARY ***
Total pot 60 | No rake
Seat 1: Anal Del Rey (big blind) won 60


Winamax Poker - Tournament "Expresso Nitro" buyIn: 0.93€ + 0.07€ level: 3 - HandId: #2730607320508661761-13-1676988462 - Holdem no limit (20/40) - 2023/02/21 14:07:42 UTC
Table: 'Expresso Nitro(635769060)#0' 3-max (real money) Seat #1 is the button
Seat 1: Anal Del Rey (425)
Seat 3: _SKR (475)
*** ANTE/BLINDS ***
Anal Del Rey posts small blind 20
_SKR posts big blind 40
Dealt to _SKR [3h Kd]
*** PRE-FLOP *** 
Anal Del Rey calls 20
_SKR checks
*** FLOP *** [4d Js 5s]
_SKR checks
Anal Del Rey bets 40
_SKR folds
Anal Del Rey collected 120 from pot
*** SUMMARY ***
Total pot 120 | No rake
Board: [4d Js 5s]
Seat 1: Anal Del Rey (small blind) (button) won 120


Winamax Poker - Tournament "Expresso Nitro" buyIn: 0.93€ + 0.07€ level: 3 - HandId: #2730607320508661761-14-1676988480 - Holdem no limit (20/40) - 2023/02/21 14:08:00 UTC
Table: 'Expresso Nitro(635769060)#0' 3-max (real money) Seat #3 is the button
Seat 1: Anal Del Rey (465)
Seat 3: _SKR (435)
*** ANTE/BLINDS ***
_SKR posts small blind 20
Anal Del Rey posts big blind 40
Dealt to _SKR [4d Qd]
*** PRE-FLOP *** 
_SKR raises 395 to 435 and is all-in
Anal Del Rey calls 395
*** FLOP *** [Kd 5c 8c]
*** TURN *** [Kd 5c 8c][3d]
*** RIVER *** [Kd 5c 8c 3d][Ts]
*** SHOW DOWN ***
_SKR shows [4d Qd] (High card : King)
Anal Del Rey shows [Ad 3s] (One pair : 3)
Anal Del Rey collected 870 from pot
*** SUMMARY ***
Total pot 870 | No rake
Board: [Kd 5c 8c 3d Ts]
Seat 1: Anal Del Rey (big blind) showed [Ad 3s] and won 870 with One pair : 3
Seat 3: _SKR (small blind) (button) showed [4d Qd] and lost with High card : King


