Winamax Poker - Tournament "Expresso Nitro" buyIn: 0.93€ + 0.07€ level: 1 - HandId: #2676952501692923905-1-1673870013 - Holdem no limit (10/20) - 2023/01/16 11:53:33 UTC
Table: 'Expresso Nitro(623276574)#0' 3-max (real money) Seat #2 is the button
Seat 1: johnsjohns69 (300)
Seat 2: _SKR (300)
Seat 3: Joe Dalton 5 (300)
*** ANTE/BLINDS ***
Joe Dalton 5 posts small blind 10
johnsjohns69 posts big blind 20
Dealt to _SKR [6d 4c]
*** PRE-FLOP *** 
_SKR folds
Joe Dalton 5 calls 10
johnsjohns69 checks
*** FLOP *** [5c Ts 3d]
Joe Dalton 5 bets 280 and is all-in
johnsjohns69 calls 280 and is all-in
*** TURN *** [5c Ts 3d][Tc]
*** RIVER *** [5c Ts 3d Tc][9d]
*** SHOW DOWN ***
johnsjohns69 shows [Qh Qd] (Two pairs : Queens and Tens)
Joe Dalton 5 shows [9s Th] (Full of Tens and 9)
Joe Dalton 5 collected 600 from pot
*** SUMMARY ***
Total pot 600 | No rake
Board: [5c Ts 3d Tc 9d]
Seat 1: johnsjohns69 (big blind) showed [Qh Qd] and lost with Two pairs : Queens and Tens
Seat 3: Joe Dalton 5 (small blind) showed [9s Th] and won 600 with Full of Tens and 9


Winamax Poker - Tournament "Expresso Nitro" buyIn: 0.93€ + 0.07€ level: 1 - HandId: #2676952501692923905-2-1673870030 - Holdem no limit (10/20) - 2023/01/16 11:53:50 UTC
Table: 'Expresso Nitro(623276574)#0' 3-max (real money) Seat #2 is the button
Seat 2: _SKR (300)
Seat 3: Joe Dalton 5 (600)
*** ANTE/BLINDS ***
_SKR posts small blind 10
Joe Dalton 5 posts big blind 20
Dealt to _SKR [5d 5c]
*** PRE-FLOP *** 
_SKR raises 280 to 300 and is all-in
Joe Dalton 5 folds
_SKR collected 320 from pot
*** SUMMARY ***
Total pot 320 | No rake
Seat 2: _SKR (small blind) (button) won 320


Winamax Poker - Tournament "Expresso Nitro" buyIn: 0.93€ + 0.07€ level: 1 - HandId: #2676952501692923905-3-1673870036 - Holdem no limit (10/20) - 2023/01/16 11:53:56 UTC
Table: 'Expresso Nitro(623276574)#0' 3-max (real money) Seat #3 is the button
Seat 2: _SKR (320)
Seat 3: Joe Dalton 5 (580)
*** ANTE/BLINDS ***
Joe Dalton 5 posts small blind 10
_SKR posts big blind 20
Dealt to _SKR [9s 6d]
*** PRE-FLOP *** 
Joe Dalton 5 folds
_SKR collected 30 from pot
*** SUMMARY ***
Total pot 30 | No rake
Seat 2: _SKR (big blind) won 30


Winamax Poker - Tournament "Expresso Nitro" buyIn: 0.93€ + 0.07€ level: 1 - HandId: #2676952501692923905-4-1673870041 - Holdem no limit (10/20) - 2023/01/16 11:54:01 UTC
Table: 'Expresso Nitro(623276574)#0' 3-max (real money) Seat #2 is the button
Seat 2: _SKR (330)
Seat 3: Joe Dalton 5 (570)
*** ANTE/BLINDS ***
_SKR posts small blind 10
Joe Dalton 5 posts big blind 20
Dealt to _SKR [7s 3d]
*** PRE-FLOP *** 
_SKR folds
Joe Dalton 5 collected 30 from pot
*** SUMMARY ***
Total pot 30 | No rake
Seat 3: Joe Dalton 5 (big blind) won 30


Winamax Poker - Tournament "Expresso Nitro" buyIn: 0.93€ + 0.07€ level: 1 - HandId: #2676952501692923905-5-1673870046 - Holdem no limit (10/20) - 2023/01/16 11:54:06 UTC
Table: 'Expresso Nitro(623276574)#0' 3-max (real money) Seat #3 is the button
Seat 2: _SKR (320)
Seat 3: Joe Dalton 5 (580)
*** ANTE/BLINDS ***
Joe Dalton 5 posts small blind 10
_SKR posts big blind 20
Dealt to _SKR [5h 9h]
*** PRE-FLOP *** 
Joe Dalton 5 folds
_SKR collected 30 from pot
*** SUMMARY ***
Total pot 30 | No rake
Seat 2: _SKR (big blind) won 30


Winamax Poker - Tournament "Expresso Nitro" buyIn: 0.93€ + 0.07€ level: 1 - HandId: #2676952501692923905-6-1673870061 - Holdem no limit (10/20) - 2023/01/16 11:54:21 UTC
Table: 'Expresso Nitro(623276574)#0' 3-max (real money) Seat #2 is the button
Seat 2: _SKR (330)
Seat 3: Joe Dalton 5 (570)
*** ANTE/BLINDS ***
_SKR posts small blind 10
Joe Dalton 5 posts big blind 20
Dealt to _SKR [Qh 4s]
*** PRE-FLOP *** 
_SKR folds
Joe Dalton 5 collected 30 from pot
*** SUMMARY ***
Total pot 30 | No rake
Seat 3: Joe Dalton 5 (big blind) won 30


Winamax Poker - Tournament "Expresso Nitro" buyIn: 0.93€ + 0.07€ level: 1 - HandId: #2676952501692923905-7-1673870065 - Holdem no limit (10/20) - 2023/01/16 11:54:25 UTC
Table: 'Expresso Nitro(623276574)#0' 3-max (real money) Seat #3 is the button
Seat 2: _SKR (320)
Seat 3: Joe Dalton 5 (580)
*** ANTE/BLINDS ***
Joe Dalton 5 posts small blind 10
_SKR posts big blind 20
Dealt to _SKR [Td 7s]
*** PRE-FLOP *** 
Joe Dalton 5 folds
_SKR collected 30 from pot
*** SUMMARY ***
Total pot 30 | No rake
Seat 2: _SKR (big blind) won 30


Winamax Poker - Tournament "Expresso Nitro" buyIn: 0.93€ + 0.07€ level: 2 - HandId: #2676952501692923905-8-1673870071 - Holdem no limit (15/30) - 2023/01/16 11:54:31 UTC
Table: 'Expresso Nitro(623276574)#0' 3-max (real money) Seat #2 is the button
Seat 2: _SKR (330)
Seat 3: Joe Dalton 5 (570)
*** ANTE/BLINDS ***
_SKR posts small blind 15
Joe Dalton 5 posts big blind 30
Dealt to _SKR [2s Jc]
*** PRE-FLOP *** 
_SKR folds
Joe Dalton 5 collected 45 from pot
*** SUMMARY ***
Total pot 45 | No rake
Seat 3: Joe Dalton 5 (big blind) won 45


Winamax Poker - Tournament "Expresso Nitro" buyIn: 0.93€ + 0.07€ level: 2 - HandId: #2676952501692923905-9-1673870074 - Holdem no limit (15/30) - 2023/01/16 11:54:34 UTC
Table: 'Expresso Nitro(623276574)#0' 3-max (real money) Seat #3 is the button
Seat 2: _SKR (315)
Seat 3: Joe Dalton 5 (585)
*** ANTE/BLINDS ***
Joe Dalton 5 posts small blind 15
_SKR posts big blind 30
Dealt to _SKR [3h Ah]
*** PRE-FLOP *** 
Joe Dalton 5 folds
_SKR collected 45 from pot
*** SUMMARY ***
Total pot 45 | No rake
Seat 2: _SKR (big blind) won 45


Winamax Poker - Tournament "Expresso Nitro" buyIn: 0.93€ + 0.07€ level: 2 - HandId: #2676952501692923905-10-1673870078 - Holdem no limit (15/30) - 2023/01/16 11:54:38 UTC
Table: 'Expresso Nitro(623276574)#0' 3-max (real money) Seat #2 is the button
Seat 2: _SKR (330)
Seat 3: Joe Dalton 5 (570)
*** ANTE/BLINDS ***
_SKR posts small blind 15
Joe Dalton 5 posts big blind 30
Dealt to _SKR [7d 6h]
*** PRE-FLOP *** 
_SKR folds
Joe Dalton 5 collected 45 from pot
*** SUMMARY ***
Total pot 45 | No rake
Seat 3: Joe Dalton 5 (big blind) won 45


Winamax Poker - Tournament "Expresso Nitro" buyIn: 0.93€ + 0.07€ level: 2 - HandId: #2676952501692923905-11-1673870082 - Holdem no limit (15/30) - 2023/01/16 11:54:42 UTC
Table: 'Expresso Nitro(623276574)#0' 3-max (real money) Seat #3 is the button
Seat 2: _SKR (315)
Seat 3: Joe Dalton 5 (585)
*** ANTE/BLINDS ***
Joe Dalton 5 posts small blind 15
_SKR posts big blind 30
Dealt to _SKR [5d 7h]
*** PRE-FLOP *** 
Joe Dalton 5 calls 15
_SKR checks
*** FLOP *** [Jd 3s 6h]
_SKR checks
Joe Dalton 5 bets 555 and is all-in
_SKR folds
Joe Dalton 5 collected 615 from pot
*** SUMMARY ***
Total pot 615 | No rake
Board: [Jd 3s 6h]
Seat 3: Joe Dalton 5 (small blind) (button) won 615


Winamax Poker - Tournament "Expresso Nitro" buyIn: 0.93€ + 0.07€ level: 2 - HandId: #2676952501692923905-12-1673870121 - Holdem no limit (15/30) - 2023/01/16 11:55:21 UTC
Table: 'Expresso Nitro(623276574)#0' 3-max (real money) Seat #2 is the button
Seat 2: _SKR (285)
Seat 3: Joe Dalton 5 (615)
*** ANTE/BLINDS ***
_SKR posts small blind 15
Joe Dalton 5 posts big blind 30
Dealt to _SKR [9s 9h]
*** PRE-FLOP *** 
_SKR raises 255 to 285 and is all-in
Joe Dalton 5 folds
_SKR collected 315 from pot
*** SUMMARY ***
Total pot 315 | No rake
Seat 2: _SKR (small blind) (button) won 315


Winamax Poker - Tournament "Expresso Nitro" buyIn: 0.93€ + 0.07€ level: 2 - HandId: #2676952501692923905-13-1673870126 - Holdem no limit (15/30) - 2023/01/16 11:55:26 UTC
Table: 'Expresso Nitro(623276574)#0' 3-max (real money) Seat #3 is the button
Seat 2: _SKR (315)
Seat 3: Joe Dalton 5 (585)
*** ANTE/BLINDS ***
Joe Dalton 5 posts small blind 15
_SKR posts big blind 30
Dealt to _SKR [Qc Kd]
*** PRE-FLOP *** 
Joe Dalton 5 folds
_SKR collected 45 from pot
*** SUMMARY ***
Total pot 45 | No rake
Seat 2: _SKR (big blind) won 45


Winamax Poker - Tournament "Expresso Nitro" buyIn: 0.93€ + 0.07€ level: 3 - HandId: #2676952501692923905-14-1673870130 - Holdem no limit (20/40) - 2023/01/16 11:55:30 UTC
Table: 'Expresso Nitro(623276574)#0' 3-max (real money) Seat #2 is the button
Seat 2: _SKR (330)
Seat 3: Joe Dalton 5 (570)
*** ANTE/BLINDS ***
_SKR posts small blind 20
Joe Dalton 5 posts big blind 40
Dealt to _SKR [5h 4d]
*** PRE-FLOP *** 
_SKR folds
Joe Dalton 5 collected 60 from pot
*** SUMMARY ***
Total pot 60 | No rake
Seat 3: Joe Dalton 5 (big blind) won 60


Winamax Poker - Tournament "Expresso Nitro" buyIn: 0.93€ + 0.07€ level: 3 - HandId: #2676952501692923905-15-1673870135 - Holdem no limit (20/40) - 2023/01/16 11:55:35 UTC
Table: 'Expresso Nitro(623276574)#0' 3-max (real money) Seat #3 is the button
Seat 2: _SKR (310)
Seat 3: Joe Dalton 5 (590)
*** ANTE/BLINDS ***
Joe Dalton 5 posts small blind 20
_SKR posts big blind 40
Dealt to _SKR [3s 8s]
*** PRE-FLOP *** 
Joe Dalton 5 calls 20
_SKR checks
*** FLOP *** [Jh Ks 7s]
_SKR checks
Joe Dalton 5 checks
*** TURN *** [Jh Ks 7s][Kd]
_SKR bets 52
Joe Dalton 5 folds
_SKR collected 132 from pot
*** SUMMARY ***
Total pot 132 | No rake
Board: [Jh Ks 7s Kd]
Seat 2: _SKR (big blind) won 132


Winamax Poker - Tournament "Expresso Nitro" buyIn: 0.93€ + 0.07€ level: 3 - HandId: #2676952501692923905-16-1673870172 - Holdem no limit (20/40) - 2023/01/16 11:56:12 UTC
Table: 'Expresso Nitro(623276574)#0' 3-max (real money) Seat #2 is the button
Seat 2: _SKR (350)
Seat 3: Joe Dalton 5 (550)
*** ANTE/BLINDS ***
_SKR posts small blind 20
Joe Dalton 5 posts big blind 40
Dealt to _SKR [5c 2d]
*** PRE-FLOP *** 
_SKR folds
Joe Dalton 5 collected 60 from pot
*** SUMMARY ***
Total pot 60 | No rake
Seat 3: Joe Dalton 5 (big blind) won 60


Winamax Poker - Tournament "Expresso Nitro" buyIn: 0.93€ + 0.07€ level: 3 - HandId: #2676952501692923905-17-1673870175 - Holdem no limit (20/40) - 2023/01/16 11:56:15 UTC
Table: 'Expresso Nitro(623276574)#0' 3-max (real money) Seat #3 is the button
Seat 2: _SKR (330)
Seat 3: Joe Dalton 5 (570)
*** ANTE/BLINDS ***
Joe Dalton 5 posts small blind 20
_SKR posts big blind 40
Dealt to _SKR [9h Ac]
*** PRE-FLOP *** 
Joe Dalton 5 folds
_SKR collected 60 from pot
*** SUMMARY ***
Total pot 60 | No rake
Seat 2: _SKR (big blind) won 60


Winamax Poker - Tournament "Expresso Nitro" buyIn: 0.93€ + 0.07€ level: 3 - HandId: #2676952501692923905-18-1673870182 - Holdem no limit (20/40) - 2023/01/16 11:56:22 UTC
Table: 'Expresso Nitro(623276574)#0' 3-max (real money) Seat #2 is the button
Seat 2: _SKR (350)
Seat 3: Joe Dalton 5 (550)
*** ANTE/BLINDS ***
_SKR posts small blind 20
Joe Dalton 5 posts big blind 40
Dealt to _SKR [Qs Qc]
*** PRE-FLOP *** 
_SKR raises 310 to 350 and is all-in
Joe Dalton 5 folds
_SKR collected 390 from pot
*** SUMMARY ***
Total pot 390 | No rake
Seat 2: _SKR (small blind) (button) won 390


Winamax Poker - Tournament "Expresso Nitro" buyIn: 0.93€ + 0.07€ level: 3 - HandId: #2676952501692923905-19-1673870188 - Holdem no limit (20/40) - 2023/01/16 11:56:28 UTC
Table: 'Expresso Nitro(623276574)#0' 3-max (real money) Seat #3 is the button
Seat 2: _SKR (390)
Seat 3: Joe Dalton 5 (510)
*** ANTE/BLINDS ***
Joe Dalton 5 posts small blind 20
_SKR posts big blind 40
Dealt to _SKR [7s 2d]
*** PRE-FLOP *** 
Joe Dalton 5 folds
_SKR collected 60 from pot
*** SUMMARY ***
Total pot 60 | No rake
Seat 2: _SKR (big blind) won 60


Winamax Poker - Tournament "Expresso Nitro" buyIn: 0.93€ + 0.07€ level: 4 - HandId: #2676952501692923905-20-1673870192 - Holdem no limit (30/60) - 2023/01/16 11:56:32 UTC
Table: 'Expresso Nitro(623276574)#0' 3-max (real money) Seat #2 is the button
Seat 2: _SKR (410)
Seat 3: Joe Dalton 5 (490)
*** ANTE/BLINDS ***
_SKR posts small blind 30
Joe Dalton 5 posts big blind 60
Dealt to _SKR [Kh 5d]
*** PRE-FLOP *** 
_SKR raises 350 to 410 and is all-in
Joe Dalton 5 folds
_SKR collected 470 from pot
*** SUMMARY ***
Total pot 470 | No rake
Seat 2: _SKR (small blind) (button) won 470


Winamax Poker - Tournament "Expresso Nitro" buyIn: 0.93€ + 0.07€ level: 4 - HandId: #2676952501692923905-21-1673870197 - Holdem no limit (30/60) - 2023/01/16 11:56:37 UTC
Table: 'Expresso Nitro(623276574)#0' 3-max (real money) Seat #3 is the button
Seat 2: _SKR (470)
Seat 3: Joe Dalton 5 (430)
*** ANTE/BLINDS ***
Joe Dalton 5 posts small blind 30
_SKR posts big blind 60
Dealt to _SKR [7s 3d]
*** PRE-FLOP *** 
Joe Dalton 5 raises 370 to 430 and is all-in
_SKR folds
Joe Dalton 5 collected 490 from pot
*** SUMMARY ***
Total pot 490 | No rake
Seat 3: Joe Dalton 5 (small blind) (button) won 490


Winamax Poker - Tournament "Expresso Nitro" buyIn: 0.93€ + 0.07€ level: 4 - HandId: #2676952501692923905-22-1673870205 - Holdem no limit (30/60) - 2023/01/16 11:56:45 UTC
Table: 'Expresso Nitro(623276574)#0' 3-max (real money) Seat #2 is the button
Seat 2: _SKR (410)
Seat 3: Joe Dalton 5 (490)
*** ANTE/BLINDS ***
_SKR posts small blind 30
Joe Dalton 5 posts big blind 60
Dealt to _SKR [8d Kd]
*** PRE-FLOP *** 
_SKR raises 350 to 410 and is all-in
Joe Dalton 5 calls 350
*** FLOP *** [2s 3h 7c]
*** TURN *** [2s 3h 7c][7s]
*** RIVER *** [2s 3h 7c 7s][Kc]
*** SHOW DOWN ***
_SKR shows [8d Kd] (Two pairs : Kings and 7)
Joe Dalton 5 shows [Td 7d] (Trips of 7)
Joe Dalton 5 collected 820 from pot
*** SUMMARY ***
Total pot 820 | No rake
Board: [2s 3h 7c 7s Kc]
Seat 2: _SKR (small blind) (button) showed [8d Kd] and lost with Two pairs : Kings and 7
Seat 3: Joe Dalton 5 (big blind) showed [Td 7d] and won 820 with Trips of 7


