Winamax Poker - Tournament "Expresso Nitro" buyIn: 1.86€ + 0.14€ level: 1 - HandId: #2698154195432767489-1-1675183205 - Holdem no limit (10/20) - 2023/01/31 16:40:05 UTC
Table: 'Expresso Nitro(628212978)#0' 3-max (real money) Seat #3 is the button
Seat 1: _SKR (300)
Seat 2: Vnik (300)
Seat 3: _El Rey_ (300)
*** ANTE/BLINDS ***
_SKR posts small blind 10
Vnik posts big blind 20
Dealt to _SKR [Ad 8c]
*** PRE-FLOP *** 
_El Rey_ calls 20
_SKR raises 280 to 300 and is all-in
Vnik folds
_El Rey_ calls 280 and is all-in
*** FLOP *** [Qd Js Ks]
*** TURN *** [Qd Js Ks][3c]
*** RIVER *** [Qd Js Ks 3c][8h]
*** SHOW DOWN ***
_El Rey_ shows [Ah 2s] (High card : Ace)
_SKR shows [Ad 8c] (One pair : 8)
_SKR collected 620 from pot
*** SUMMARY ***
Total pot 620 | No rake
Board: [Qd Js Ks 3c 8h]
Seat 1: _SKR (small blind) showed [Ad 8c] and won 620 with One pair : 8
Seat 3: _El Rey_ (button) showed [Ah 2s] and lost with High card : Ace


Winamax Poker - Tournament "Expresso Nitro" buyIn: 1.86€ + 0.14€ level: 1 - HandId: #2698154195432767489-2-1675183229 - Holdem no limit (10/20) - 2023/01/31 16:40:29 UTC
Table: 'Expresso Nitro(628212978)#0' 3-max (real money) Seat #2 is the button
Seat 1: _SKR (620)
Seat 2: Vnik (280)
*** ANTE/BLINDS ***
Vnik posts small blind 10
_SKR posts big blind 20
Dealt to _SKR [7d Ac]
*** PRE-FLOP *** 
Vnik folds
_SKR collected 30 from pot
*** SUMMARY ***
Total pot 30 | No rake
Seat 1: _SKR (big blind) won 30


Winamax Poker - Tournament "Expresso Nitro" buyIn: 1.86€ + 0.14€ level: 1 - HandId: #2698154195432767489-3-1675183232 - Holdem no limit (10/20) - 2023/01/31 16:40:32 UTC
Table: 'Expresso Nitro(628212978)#0' 3-max (real money) Seat #1 is the button
Seat 1: _SKR (630)
Seat 2: Vnik (270)
*** ANTE/BLINDS ***
_SKR posts small blind 10
Vnik posts big blind 20
Dealt to _SKR [Qh 7h]
*** PRE-FLOP *** 
_SKR raises 20 to 40
Vnik folds
_SKR collected 60 from pot
*** SUMMARY ***
Total pot 60 | No rake
Seat 1: _SKR (small blind) (button) won 60


Winamax Poker - Tournament "Expresso Nitro" buyIn: 1.86€ + 0.14€ level: 1 - HandId: #2698154195432767489-4-1675183247 - Holdem no limit (10/20) - 2023/01/31 16:40:47 UTC
Table: 'Expresso Nitro(628212978)#0' 3-max (real money) Seat #2 is the button
Seat 1: _SKR (650)
Seat 2: Vnik (250)
*** ANTE/BLINDS ***
Vnik posts small blind 10
_SKR posts big blind 20
Dealt to _SKR [8c 2s]
*** PRE-FLOP *** 
Vnik raises 230 to 250 and is all-in
_SKR folds
Vnik collected 270 from pot
*** SUMMARY ***
Total pot 270 | No rake
Seat 2: Vnik (small blind) (button) won 270


Winamax Poker - Tournament "Expresso Nitro" buyIn: 1.86€ + 0.14€ level: 1 - HandId: #2698154195432767489-5-1675183258 - Holdem no limit (10/20) - 2023/01/31 16:40:58 UTC
Table: 'Expresso Nitro(628212978)#0' 3-max (real money) Seat #1 is the button
Seat 1: _SKR (630)
Seat 2: Vnik (270)
*** ANTE/BLINDS ***
_SKR posts small blind 10
Vnik posts big blind 20
Dealt to _SKR [Td Ah]
*** PRE-FLOP *** 
_SKR raises 610 to 630 and is all-in
Vnik folds
_SKR collected 650 from pot
*** SUMMARY ***
Total pot 650 | No rake
Seat 1: _SKR (small blind) (button) won 650


Winamax Poker - Tournament "Expresso Nitro" buyIn: 1.86€ + 0.14€ level: 2 - HandId: #2698154195432767489-6-1675183268 - Holdem no limit (15/30) - 2023/01/31 16:41:08 UTC
Table: 'Expresso Nitro(628212978)#0' 3-max (real money) Seat #2 is the button
Seat 1: _SKR (650)
Seat 2: Vnik (250)
*** ANTE/BLINDS ***
Vnik posts small blind 15
_SKR posts big blind 30
Dealt to _SKR [8c Ks]
*** PRE-FLOP *** 
Vnik folds
_SKR collected 45 from pot
*** SUMMARY ***
Total pot 45 | No rake
Seat 1: _SKR (big blind) won 45


Winamax Poker - Tournament "Expresso Nitro" buyIn: 1.86€ + 0.14€ level: 2 - HandId: #2698154195432767489-7-1675183276 - Holdem no limit (15/30) - 2023/01/31 16:41:16 UTC
Table: 'Expresso Nitro(628212978)#0' 3-max (real money) Seat #1 is the button
Seat 1: _SKR (665)
Seat 2: Vnik (235)
*** ANTE/BLINDS ***
_SKR posts small blind 15
Vnik posts big blind 30
Dealt to _SKR [Tc Ad]
*** PRE-FLOP *** 
_SKR raises 635 to 665 and is all-in
Vnik folds
_SKR collected 695 from pot
*** SUMMARY ***
Total pot 695 | No rake
Seat 1: _SKR (small blind) (button) won 695


Winamax Poker - Tournament "Expresso Nitro" buyIn: 1.86€ + 0.14€ level: 2 - HandId: #2698154195432767489-8-1675183288 - Holdem no limit (15/30) - 2023/01/31 16:41:28 UTC
Table: 'Expresso Nitro(628212978)#0' 3-max (real money) Seat #2 is the button
Seat 1: _SKR (695)
Seat 2: Vnik (205)
*** ANTE/BLINDS ***
Vnik posts small blind 15
_SKR posts big blind 30
Dealt to _SKR [3c 7d]
*** PRE-FLOP *** 
Vnik raises 175 to 205 and is all-in
_SKR folds
Vnik collected 235 from pot
*** SUMMARY ***
Total pot 235 | No rake
Seat 2: Vnik (small blind) (button) won 235


Winamax Poker - Tournament "Expresso Nitro" buyIn: 1.86€ + 0.14€ level: 2 - HandId: #2698154195432767489-9-1675183297 - Holdem no limit (15/30) - 2023/01/31 16:41:37 UTC
Table: 'Expresso Nitro(628212978)#0' 3-max (real money) Seat #1 is the button
Seat 1: _SKR (665)
Seat 2: Vnik (235)
*** ANTE/BLINDS ***
_SKR posts small blind 15
Vnik posts big blind 30
Dealt to _SKR [6c 9h]
*** PRE-FLOP *** 
_SKR folds
Vnik collected 45 from pot
*** SUMMARY ***
Total pot 45 | No rake
Seat 2: Vnik (big blind) won 45


Winamax Poker - Tournament "Expresso Nitro" buyIn: 1.86€ + 0.14€ level: 2 - HandId: #2698154195432767489-10-1675183301 - Holdem no limit (15/30) - 2023/01/31 16:41:41 UTC
Table: 'Expresso Nitro(628212978)#0' 3-max (real money) Seat #2 is the button
Seat 1: _SKR (650)
Seat 2: Vnik (250)
*** ANTE/BLINDS ***
Vnik posts small blind 15
_SKR posts big blind 30
Dealt to _SKR [Jh Qh]
*** PRE-FLOP *** 
Vnik calls 15
_SKR raises 620 to 650 and is all-in
Vnik folds
_SKR collected 680 from pot
*** SUMMARY ***
Total pot 680 | No rake
Seat 1: _SKR (big blind) won 680


Winamax Poker - Tournament "Expresso Nitro" buyIn: 1.86€ + 0.14€ level: 3 - HandId: #2698154195432767489-11-1675183321 - Holdem no limit (20/40) - 2023/01/31 16:42:01 UTC
Table: 'Expresso Nitro(628212978)#0' 3-max (real money) Seat #1 is the button
Seat 1: _SKR (680)
Seat 2: Vnik (220)
*** ANTE/BLINDS ***
_SKR posts small blind 20
Vnik posts big blind 40
Dealt to _SKR [5h 3h]
*** PRE-FLOP *** 
_SKR folds
Vnik collected 60 from pot
*** SUMMARY ***
Total pot 60 | No rake
Seat 2: Vnik (big blind) won 60


Winamax Poker - Tournament "Expresso Nitro" buyIn: 1.86€ + 0.14€ level: 3 - HandId: #2698154195432767489-12-1675183325 - Holdem no limit (20/40) - 2023/01/31 16:42:05 UTC
Table: 'Expresso Nitro(628212978)#0' 3-max (real money) Seat #2 is the button
Seat 1: _SKR (660)
Seat 2: Vnik (240)
*** ANTE/BLINDS ***
Vnik posts small blind 20
_SKR posts big blind 40
Dealt to _SKR [7c 8d]
*** PRE-FLOP *** 
Vnik folds
_SKR collected 60 from pot
*** SUMMARY ***
Total pot 60 | No rake
Seat 1: _SKR (big blind) won 60


Winamax Poker - Tournament "Expresso Nitro" buyIn: 1.86€ + 0.14€ level: 3 - HandId: #2698154195432767489-13-1675183329 - Holdem no limit (20/40) - 2023/01/31 16:42:09 UTC
Table: 'Expresso Nitro(628212978)#0' 3-max (real money) Seat #1 is the button
Seat 1: _SKR (680)
Seat 2: Vnik (220)
*** ANTE/BLINDS ***
_SKR posts small blind 20
Vnik posts big blind 40
Dealt to _SKR [7s Kd]
*** PRE-FLOP *** 
_SKR raises 640 to 680 and is all-in
Vnik calls 180 and is all-in
*** FLOP *** [Ks 8h 4s]
*** TURN *** [Ks 8h 4s][Qd]
*** RIVER *** [Ks 8h 4s Qd][8s]
*** SHOW DOWN ***
_SKR shows [7s Kd] (Two pairs : Kings and 8)
Vnik shows [9h Kc] (Two pairs : Kings and 8)
Vnik collected 220 from main pot
_SKR collected 680 from side pot 1
*** SUMMARY ***
Total pot 900 | No rake
Board: [Ks 8h 4s Qd 8s]
Seat 1: _SKR (small blind) (button) showed [7s Kd] and won 680 with Two pairs : Kings and 8
Seat 2: Vnik (big blind) showed [9h Kc] and won 220 with Two pairs : Kings and 8


Winamax Poker - Tournament "Expresso Nitro" buyIn: 1.86€ + 0.14€ level: 3 - HandId: #2698154195432767489-14-1675183342 - Holdem no limit (20/40) - 2023/01/31 16:42:22 UTC
Table: 'Expresso Nitro(628212978)#0' 3-max (real money) Seat #2 is the button
Seat 1: _SKR (680)
Seat 2: Vnik (220)
*** ANTE/BLINDS ***
Vnik posts small blind 20
_SKR posts big blind 40
Dealt to _SKR [9h 5d]
*** PRE-FLOP *** 
Vnik raises 180 to 220 and is all-in
_SKR folds
Vnik collected 260 from pot
*** SUMMARY ***
Total pot 260 | No rake
Seat 2: Vnik (small blind) (button) won 260


Winamax Poker - Tournament "Expresso Nitro" buyIn: 1.86€ + 0.14€ level: 3 - HandId: #2698154195432767489-15-1675183348 - Holdem no limit (20/40) - 2023/01/31 16:42:28 UTC
Table: 'Expresso Nitro(628212978)#0' 3-max (real money) Seat #1 is the button
Seat 1: _SKR (640)
Seat 2: Vnik (260)
*** ANTE/BLINDS ***
_SKR posts small blind 20
Vnik posts big blind 40
Dealt to _SKR [3d 3s]
*** PRE-FLOP *** 
_SKR raises 600 to 640 and is all-in
Vnik folds
_SKR collected 680 from pot
*** SUMMARY ***
Total pot 680 | No rake
Seat 1: _SKR (small blind) (button) won 680


Winamax Poker - Tournament "Expresso Nitro" buyIn: 1.86€ + 0.14€ level: 3 - HandId: #2698154195432767489-16-1675183355 - Holdem no limit (20/40) - 2023/01/31 16:42:35 UTC
Table: 'Expresso Nitro(628212978)#0' 3-max (real money) Seat #2 is the button
Seat 1: _SKR (680)
Seat 2: Vnik (220)
*** ANTE/BLINDS ***
Vnik posts small blind 20
_SKR posts big blind 40
Dealt to _SKR [Qd 7h]
*** PRE-FLOP *** 
Vnik raises 180 to 220 and is all-in
_SKR calls 180
*** FLOP *** [Ad Th 2h]
*** TURN *** [Ad Th 2h][3d]
*** RIVER *** [Ad Th 2h 3d][Kh]
*** SHOW DOWN ***
_SKR shows [Qd 7h] (High card : Ace)
Vnik shows [Ts 7s] (One pair : Tens)
Vnik collected 440 from pot
*** SUMMARY ***
Total pot 440 | No rake
Board: [Ad Th 2h 3d Kh]
Seat 1: _SKR (big blind) showed [Qd 7h] and lost with High card : Ace
Seat 2: Vnik (small blind) (button) showed [Ts 7s] and won 440 with One pair : Tens


Winamax Poker - Tournament "Expresso Nitro" buyIn: 1.86€ + 0.14€ level: 3 - HandId: #2698154195432767489-17-1675183370 - Holdem no limit (20/40) - 2023/01/31 16:42:50 UTC
Table: 'Expresso Nitro(628212978)#0' 3-max (real money) Seat #1 is the button
Seat 1: _SKR (460)
Seat 2: Vnik (440)
*** ANTE/BLINDS ***
_SKR posts small blind 20
Vnik posts big blind 40
Dealt to _SKR [Tc Qs]
*** PRE-FLOP *** 
_SKR raises 420 to 460 and is all-in
Vnik calls 400 and is all-in
*** FLOP *** [Ts 3d 4d]
*** TURN *** [Ts 3d 4d][Th]
*** RIVER *** [Ts 3d 4d Th][2d]
*** SHOW DOWN ***
_SKR shows [Tc Qs] (Trips of Tens)
Vnik shows [Ad 5s] (Straight 5 high)
Vnik collected 880 from main pot
_SKR collected 20 from side pot 1
*** SUMMARY ***
Total pot 900 | No rake
Board: [Ts 3d 4d Th 2d]
Seat 1: _SKR (small blind) (button) showed [Tc Qs] and won 20 with Trips of Tens
Seat 2: Vnik (big blind) showed [Ad 5s] and won 880 with Straight 5 high


Winamax Poker - Tournament "Expresso Nitro" buyIn: 1.86€ + 0.14€ level: 4 - HandId: #2698154195432767489-18-1675183384 - Holdem no limit (30/60) - 2023/01/31 16:43:04 UTC
Table: 'Expresso Nitro(628212978)#0' 3-max (real money) Seat #2 is the button
Seat 1: _SKR (20)
Seat 2: Vnik (880)
*** ANTE/BLINDS ***
Vnik posts small blind 30
_SKR posts big blind 20 and is all-in
Dealt to _SKR [Tc 9d]
*** PRE-FLOP *** 
*** FLOP *** [4c 6h 6d]
*** TURN *** [4c 6h 6d][5d]
*** RIVER *** [4c 6h 6d 5d][5h]
*** SHOW DOWN ***
_SKR shows [Tc 9d] (Two pairs : 6 and 5)
Vnik shows [3s 3d] (Two pairs : 6 and 5)
Vnik collected 10 from side pot 1
_SKR collected 40 from main pot
*** SUMMARY ***
Total pot 50 | No rake
Board: [4c 6h 6d 5d 5h]
Seat 1: _SKR (big blind) showed [Tc 9d] and won 40 with Two pairs : 6 and 5
Seat 2: Vnik (small blind) (button) showed [3s 3d] and won 10 with Two pairs : 6 and 5


Winamax Poker - Tournament "Expresso Nitro" buyIn: 1.86€ + 0.14€ level: 4 - HandId: #2698154195432767489-19-1675183393 - Holdem no limit (30/60) - 2023/01/31 16:43:13 UTC
Table: 'Expresso Nitro(628212978)#0' 3-max (real money) Seat #1 is the button
Seat 1: _SKR (40)
Seat 2: Vnik (860)
*** ANTE/BLINDS ***
_SKR posts small blind 30
Vnik posts big blind 60
Dealt to _SKR [5s 4h]
*** PRE-FLOP *** 
_SKR calls 10 and is all-in
*** FLOP *** [Th Kd 7c]
*** TURN *** [Th Kd 7c][9d]
*** RIVER *** [Th Kd 7c 9d][7d]
*** SHOW DOWN ***
_SKR shows [5s 4h] (One pair : 7)
Vnik shows [6h 9c] (Two pairs : 9 and 7)
Vnik collected 100 from pot
*** SUMMARY ***
Total pot 100 | No rake
Board: [Th Kd 7c 9d 7d]
Seat 1: _SKR (small blind) (button) showed [5s 4h] and lost with One pair : 7
Seat 2: Vnik (big blind) showed [6h 9c] and won 100 with Two pairs : 9 and 7


