Winamax Poker - Tournament "Expresso Nitro" buyIn: 1.86€ + 0.14€ level: 1 - HandId: #2697290232696406017-1-1675116493 - Holdem no limit (10/20) - 2023/01/30 22:08:13 UTC
Table: 'Expresso Nitro(628011821)#0' 3-max (real money) Seat #3 is the button
Seat 1: _SKR (300)
Seat 2: 14arkaitz (300)
Seat 3: Pout971 (300)
*** ANTE/BLINDS ***
_SKR posts small blind 10
14arkaitz posts big blind 20
Dealt to _SKR [5h 4d]
*** PRE-FLOP *** 
Pout971 folds
_SKR folds
14arkaitz collected 30 from pot
*** SUMMARY ***
Total pot 30 | No rake
Seat 2: 14arkaitz (big blind) won 30


Winamax Poker - Tournament "Expresso Nitro" buyIn: 1.86€ + 0.14€ level: 1 - HandId: #2697290232696406017-2-1675116497 - Holdem no limit (10/20) - 2023/01/30 22:08:17 UTC
Table: 'Expresso Nitro(628011821)#0' 3-max (real money) Seat #1 is the button
Seat 1: _SKR (290)
Seat 2: 14arkaitz (310)
Seat 3: Pout971 (300)
*** ANTE/BLINDS ***
14arkaitz posts small blind 10
Pout971 posts big blind 20
Dealt to _SKR [4s 4h]
*** PRE-FLOP *** 
_SKR raises 270 to 290 and is all-in
14arkaitz folds
Pout971 folds
_SKR collected 320 from pot
*** SUMMARY ***
Total pot 320 | No rake
Seat 1: _SKR (button) won 320


Winamax Poker - Tournament "Expresso Nitro" buyIn: 1.86€ + 0.14€ level: 1 - HandId: #2697290232696406017-3-1675116504 - Holdem no limit (10/20) - 2023/01/30 22:08:24 UTC
Table: 'Expresso Nitro(628011821)#0' 3-max (real money) Seat #2 is the button
Seat 1: _SKR (320)
Seat 2: 14arkaitz (300)
Seat 3: Pout971 (280)
*** ANTE/BLINDS ***
Pout971 posts small blind 10
_SKR posts big blind 20
Dealt to _SKR [Qd Ac]
*** PRE-FLOP *** 
14arkaitz folds
Pout971 calls 10
_SKR raises 300 to 320 and is all-in
Pout971 folds
_SKR collected 340 from pot
*** SUMMARY ***
Total pot 340 | No rake
Seat 1: _SKR (big blind) won 340


Winamax Poker - Tournament "Expresso Nitro" buyIn: 1.86€ + 0.14€ level: 1 - HandId: #2697290232696406017-4-1675116518 - Holdem no limit (10/20) - 2023/01/30 22:08:38 UTC
Table: 'Expresso Nitro(628011821)#0' 3-max (real money) Seat #3 is the button
Seat 1: _SKR (340)
Seat 2: 14arkaitz (300)
Seat 3: Pout971 (260)
*** ANTE/BLINDS ***
_SKR posts small blind 10
14arkaitz posts big blind 20
Dealt to _SKR [5h 9s]
*** PRE-FLOP *** 
Pout971 calls 20
_SKR folds
14arkaitz raises 280 to 300 and is all-in
Pout971 folds
14arkaitz collected 330 from pot
*** SUMMARY ***
Total pot 330 | No rake
Seat 2: 14arkaitz (big blind) won 330


Winamax Poker - Tournament "Expresso Nitro" buyIn: 1.86€ + 0.14€ level: 1 - HandId: #2697290232696406017-5-1675116525 - Holdem no limit (10/20) - 2023/01/30 22:08:45 UTC
Table: 'Expresso Nitro(628011821)#0' 3-max (real money) Seat #1 is the button
Seat 1: _SKR (330)
Seat 2: 14arkaitz (330)
Seat 3: Pout971 (240)
*** ANTE/BLINDS ***
14arkaitz posts small blind 10
Pout971 posts big blind 20
Dealt to _SKR [Qh 4s]
*** PRE-FLOP *** 
_SKR folds
14arkaitz raises 310 to 330 and is all-in
Pout971 folds
14arkaitz collected 350 from pot
*** SUMMARY ***
Total pot 350 | No rake
Seat 2: 14arkaitz (small blind) won 350


Winamax Poker - Tournament "Expresso Nitro" buyIn: 1.86€ + 0.14€ level: 1 - HandId: #2697290232696406017-6-1675116532 - Holdem no limit (10/20) - 2023/01/30 22:08:52 UTC
Table: 'Expresso Nitro(628011821)#0' 3-max (real money) Seat #2 is the button
Seat 1: _SKR (330)
Seat 2: 14arkaitz (350)
Seat 3: Pout971 (220)
*** ANTE/BLINDS ***
Pout971 posts small blind 10
_SKR posts big blind 20
Dealt to _SKR [8d 3d]
*** PRE-FLOP *** 
14arkaitz raises 330 to 350 and is all-in
Pout971 calls 210 and is all-in
_SKR folds
*** FLOP *** [2c Jh 9h]
*** TURN *** [2c Jh 9h][2d]
*** RIVER *** [2c Jh 9h 2d][9c]
*** SHOW DOWN ***
Pout971 shows [Td Qc] (Two pairs : 9 and 2)
14arkaitz shows [8h Kc] (Two pairs : 9 and 2)
14arkaitz collected 590 from pot
*** SUMMARY ***
Total pot 590 | No rake
Board: [2c Jh 9h 2d 9c]
Seat 2: 14arkaitz (button) showed [8h Kc] and won 590 with Two pairs : 9 and 2
Seat 3: Pout971 (small blind) showed [Td Qc] and lost with Two pairs : 9 and 2


Winamax Poker - Tournament "Expresso Nitro" buyIn: 1.86€ + 0.14€ level: 2 - HandId: #2697290232696406017-7-1675116551 - Holdem no limit (15/30) - 2023/01/30 22:09:11 UTC
Table: 'Expresso Nitro(628011821)#0' 3-max (real money) Seat #1 is the button
Seat 1: _SKR (310)
Seat 2: 14arkaitz (590)
*** ANTE/BLINDS ***
_SKR posts small blind 15
14arkaitz posts big blind 30
Dealt to _SKR [Qs 4c]
*** PRE-FLOP *** 
_SKR folds
14arkaitz collected 45 from pot
*** SUMMARY ***
Total pot 45 | No rake
Seat 2: 14arkaitz (big blind) won 45


Winamax Poker - Tournament "Expresso Nitro" buyIn: 1.86€ + 0.14€ level: 2 - HandId: #2697290232696406017-8-1675116559 - Holdem no limit (15/30) - 2023/01/30 22:09:19 UTC
Table: 'Expresso Nitro(628011821)#0' 3-max (real money) Seat #2 is the button
Seat 1: _SKR (295)
Seat 2: 14arkaitz (605)
*** ANTE/BLINDS ***
14arkaitz posts small blind 15
_SKR posts big blind 30
Dealt to _SKR [9s 9h]
*** PRE-FLOP *** 
14arkaitz calls 15
_SKR raises 265 to 295 and is all-in
14arkaitz folds
_SKR collected 325 from pot
*** SUMMARY ***
Total pot 325 | No rake
Seat 1: _SKR (big blind) won 325


Winamax Poker - Tournament "Expresso Nitro" buyIn: 1.86€ + 0.14€ level: 2 - HandId: #2697290232696406017-9-1675116567 - Holdem no limit (15/30) - 2023/01/30 22:09:27 UTC
Table: 'Expresso Nitro(628011821)#0' 3-max (real money) Seat #1 is the button
Seat 1: _SKR (325)
Seat 2: 14arkaitz (575)
*** ANTE/BLINDS ***
_SKR posts small blind 15
14arkaitz posts big blind 30
Dealt to _SKR [7c Ks]
*** PRE-FLOP *** 
_SKR raises 295 to 325 and is all-in
14arkaitz calls 295
*** FLOP *** [Kd Ac Qh]
*** TURN *** [Kd Ac Qh][Td]
*** RIVER *** [Kd Ac Qh Td][2c]
*** SHOW DOWN ***
14arkaitz shows [6s 6h] (One pair : 6)
_SKR shows [7c Ks] (One pair : Kings)
_SKR collected 650 from pot
*** SUMMARY ***
Total pot 650 | No rake
Board: [Kd Ac Qh Td 2c]
Seat 1: _SKR (small blind) (button) showed [7c Ks] and won 650 with One pair : Kings
Seat 2: 14arkaitz (big blind) showed [6s 6h] and lost with One pair : 6


Winamax Poker - Tournament "Expresso Nitro" buyIn: 1.86€ + 0.14€ level: 2 - HandId: #2697290232696406017-10-1675116581 - Holdem no limit (15/30) - 2023/01/30 22:09:41 UTC
Table: 'Expresso Nitro(628011821)#0' 3-max (real money) Seat #2 is the button
Seat 1: _SKR (650)
Seat 2: 14arkaitz (250)
*** ANTE/BLINDS ***
14arkaitz posts small blind 15
_SKR posts big blind 30
Dealt to _SKR [Qd Th]
*** PRE-FLOP *** 
14arkaitz raises 220 to 250 and is all-in
_SKR calls 220
*** FLOP *** [6d 7c Tc]
*** TURN *** [6d 7c Tc][Qc]
*** RIVER *** [6d 7c Tc Qc][2h]
*** SHOW DOWN ***
14arkaitz shows [Kd 3h] (High card : King)
_SKR shows [Qd Th] (Two pairs : Queens and Tens)
_SKR collected 500 from pot
*** SUMMARY ***
Total pot 500 | No rake
Board: [6d 7c Tc Qc 2h]
Seat 1: _SKR (big blind) showed [Qd Th] and won 500 with Two pairs : Queens and Tens
Seat 2: 14arkaitz (small blind) (button) showed [Kd 3h] and lost with High card : King


