Winamax Poker - Tournament "Expresso Nitro" buyIn: 0.93€ + 0.07€ level: 1 - HandId: #2692543928762105857-1-1674829827 - Holdem no limit (10/20) - 2023/01/27 14:30:27 UTC
Table: 'Expresso Nitro(626906736)#0' 3-max (real money) Seat #3 is the button
Seat 1: Dembledoo (300)
Seat 2: _SKR (300)
Seat 3: 1SALISSURE (300)
*** ANTE/BLINDS ***
Dembledoo posts small blind 10
_SKR posts big blind 20
Dealt to _SKR [5h Th]
*** PRE-FLOP *** 
1SALISSURE raises 280 to 300 and is all-in
Dembledoo folds
_SKR folds
1SALISSURE collected 330 from pot
*** SUMMARY ***
Total pot 330 | No rake
Seat 3: 1SALISSURE (button) won 330


Winamax Poker - Tournament "Expresso Nitro" buyIn: 0.93€ + 0.07€ level: 1 - HandId: #2692543928762105857-2-1674829851 - Holdem no limit (10/20) - 2023/01/27 14:30:51 UTC
Table: 'Expresso Nitro(626906736)#0' 3-max (real money) Seat #1 is the button
Seat 1: Dembledoo (290)
Seat 2: _SKR (280)
Seat 3: 1SALISSURE (330)
*** ANTE/BLINDS ***
_SKR posts small blind 10
1SALISSURE posts big blind 20
Dealt to _SKR [3c 9h]
*** PRE-FLOP *** 
Dembledoo folds
_SKR folds
1SALISSURE collected 30 from pot
*** SUMMARY ***
Total pot 30 | No rake
Seat 3: 1SALISSURE (big blind) won 30


Winamax Poker - Tournament "Expresso Nitro" buyIn: 0.93€ + 0.07€ level: 1 - HandId: #2692543928762105857-3-1674829857 - Holdem no limit (10/20) - 2023/01/27 14:30:57 UTC
Table: 'Expresso Nitro(626906736)#0' 3-max (real money) Seat #2 is the button
Seat 1: Dembledoo (290)
Seat 2: _SKR (270)
Seat 3: 1SALISSURE (340)
*** ANTE/BLINDS ***
1SALISSURE posts small blind 10
Dembledoo posts big blind 20
Dealt to _SKR [5d 6d]
*** PRE-FLOP *** 
_SKR folds
1SALISSURE raises 320 to 340 and is all-in
Dembledoo calls 270 and is all-in
*** FLOP *** [Ad 7d Qh]
*** TURN *** [Ad 7d Qh][7h]
*** RIVER *** [Ad 7d Qh 7h][Kd]
*** SHOW DOWN ***
Dembledoo shows [Ks Kh] (Full of Kings and 7)
1SALISSURE shows [6h 6s] (Two pairs : 7 and 6)
1SALISSURE collected 50 from side pot 1
Dembledoo collected 580 from main pot
*** SUMMARY ***
Total pot 630 | No rake
Board: [Ad 7d Qh 7h Kd]
Seat 1: Dembledoo (big blind) showed [Ks Kh] and won 580 with Full of Kings and 7
Seat 3: 1SALISSURE (small blind) showed [6h 6s] and won 50 with Two pairs : 7 and 6


Winamax Poker - Tournament "Expresso Nitro" buyIn: 0.93€ + 0.07€ level: 1 - HandId: #2692543928762105857-4-1674829872 - Holdem no limit (10/20) - 2023/01/27 14:31:12 UTC
Table: 'Expresso Nitro(626906736)#0' 3-max (real money) Seat #3 is the button
Seat 1: Dembledoo (580)
Seat 2: _SKR (270)
Seat 3: 1SALISSURE (50)
*** ANTE/BLINDS ***
Dembledoo posts small blind 10
_SKR posts big blind 20
Dealt to _SKR [9c 5s]
*** PRE-FLOP *** 
1SALISSURE folds
Dembledoo calls 10
_SKR checks
*** FLOP *** [Ah Qs 3h]
Dembledoo bets 20
_SKR folds
Dembledoo collected 60 from pot
*** SUMMARY ***
Total pot 60 | No rake
Board: [Ah Qs 3h]
Seat 1: Dembledoo (small blind) won 60


Winamax Poker - Tournament "Expresso Nitro" buyIn: 0.93€ + 0.07€ level: 2 - HandId: #2692543928762105857-5-1674829897 - Holdem no limit (15/30) - 2023/01/27 14:31:37 UTC
Table: 'Expresso Nitro(626906736)#0' 3-max (real money) Seat #1 is the button
Seat 1: Dembledoo (600)
Seat 2: _SKR (250)
Seat 3: 1SALISSURE (50)
*** ANTE/BLINDS ***
_SKR posts small blind 15
1SALISSURE posts big blind 30
Dealt to _SKR [4s Ts]
*** PRE-FLOP *** 
Dembledoo calls 30
_SKR folds
1SALISSURE checks
*** FLOP *** [9c 6d 7s]
1SALISSURE bets 20 and is all-in
Dembledoo folds
1SALISSURE collected 95 from pot
*** SUMMARY ***
Total pot 95 | No rake
Board: [9c 6d 7s]
Seat 3: 1SALISSURE (big blind) won 95


Winamax Poker - Tournament "Expresso Nitro" buyIn: 0.93€ + 0.07€ level: 2 - HandId: #2692543928762105857-6-1674829925 - Holdem no limit (15/30) - 2023/01/27 14:32:05 UTC
Table: 'Expresso Nitro(626906736)#0' 3-max (real money) Seat #2 is the button
Seat 1: Dembledoo (570)
Seat 2: _SKR (235)
Seat 3: 1SALISSURE (95)
*** ANTE/BLINDS ***
1SALISSURE posts small blind 15
Dembledoo posts big blind 30
Dealt to _SKR [5s Qh]
*** PRE-FLOP *** 
_SKR folds
1SALISSURE raises 65 to 95 and is all-in
Dembledoo calls 65
*** FLOP *** [5h 4h 3s]
*** TURN *** [5h 4h 3s][5d]
*** RIVER *** [5h 4h 3s 5d][6d]
*** SHOW DOWN ***
Dembledoo shows [6s Qc] (Two pairs : 6 and 5)
1SALISSURE shows [Jc 2d] (Straight 6 high)
1SALISSURE collected 190 from pot
*** SUMMARY ***
Total pot 190 | No rake
Board: [5h 4h 3s 5d 6d]
Seat 1: Dembledoo (big blind) showed [6s Qc] and lost with Two pairs : 6 and 5
Seat 3: 1SALISSURE (small blind) showed [Jc 2d] and won 190 with Straight 6 high


Winamax Poker - Tournament "Expresso Nitro" buyIn: 0.93€ + 0.07€ level: 3 - HandId: #2692543928762105857-7-1674829944 - Holdem no limit (20/40) - 2023/01/27 14:32:24 UTC
Table: 'Expresso Nitro(626906736)#0' 3-max (real money) Seat #3 is the button
Seat 1: Dembledoo (475)
Seat 2: _SKR (235)
Seat 3: 1SALISSURE (190)
*** ANTE/BLINDS ***
Dembledoo posts small blind 20
_SKR posts big blind 40
Dealt to _SKR [5s 6c]
*** PRE-FLOP *** 
1SALISSURE raises 150 to 190 and is all-in
Dembledoo folds
_SKR folds
1SALISSURE collected 250 from pot
*** SUMMARY ***
Total pot 250 | No rake
Seat 3: 1SALISSURE (button) won 250


Winamax Poker - Tournament "Expresso Nitro" buyIn: 0.93€ + 0.07€ level: 3 - HandId: #2692543928762105857-8-1674829952 - Holdem no limit (20/40) - 2023/01/27 14:32:32 UTC
Table: 'Expresso Nitro(626906736)#0' 3-max (real money) Seat #1 is the button
Seat 1: Dembledoo (455)
Seat 2: _SKR (195)
Seat 3: 1SALISSURE (250)
*** ANTE/BLINDS ***
_SKR posts small blind 20
1SALISSURE posts big blind 40
Dealt to _SKR [8s 6d]
*** PRE-FLOP *** 
Dembledoo calls 40
_SKR folds
1SALISSURE raises 210 to 250 and is all-in
Dembledoo calls 210
*** FLOP *** [Th 6s 4h]
*** TURN *** [Th 6s 4h][9d]
*** RIVER *** [Th 6s 4h 9d][6h]
*** SHOW DOWN ***
Dembledoo shows [Ks 8h] (One pair : 6)
1SALISSURE shows [Qd Ah] (One pair : 6)
1SALISSURE collected 520 from pot
*** SUMMARY ***
Total pot 520 | No rake
Board: [Th 6s 4h 9d 6h]
Seat 1: Dembledoo (button) showed [Ks 8h] and lost with One pair : 6
Seat 3: 1SALISSURE (big blind) showed [Qd Ah] and won 520 with One pair : 6


Winamax Poker - Tournament "Expresso Nitro" buyIn: 0.93€ + 0.07€ level: 3 - HandId: #2692543928762105857-9-1674829977 - Holdem no limit (20/40) - 2023/01/27 14:32:57 UTC
Table: 'Expresso Nitro(626906736)#0' 3-max (real money) Seat #2 is the button
Seat 1: Dembledoo (205)
Seat 2: _SKR (175)
Seat 3: 1SALISSURE (520)
*** ANTE/BLINDS ***
1SALISSURE posts small blind 20
Dembledoo posts big blind 40
Dealt to _SKR [5h As]
*** PRE-FLOP *** 
_SKR raises 135 to 175 and is all-in
1SALISSURE folds
Dembledoo calls 135
*** FLOP *** [Td Tc 7h]
*** TURN *** [Td Tc 7h][Qh]
*** RIVER *** [Td Tc 7h Qh][5s]
*** SHOW DOWN ***
Dembledoo shows [8d Ks] (One pair : Tens)
_SKR shows [5h As] (Two pairs : Tens and 5)
_SKR collected 370 from pot
*** SUMMARY ***
Total pot 370 | No rake
Board: [Td Tc 7h Qh 5s]
Seat 1: Dembledoo (big blind) showed [8d Ks] and lost with One pair : Tens
Seat 2: _SKR (button) showed [5h As] and won 370 with Two pairs : Tens and 5


Winamax Poker - Tournament "Expresso Nitro" buyIn: 0.93€ + 0.07€ level: 3 - HandId: #2692543928762105857-10-1674829997 - Holdem no limit (20/40) - 2023/01/27 14:33:17 UTC
Table: 'Expresso Nitro(626906736)#0' 3-max (real money) Seat #3 is the button
Seat 1: Dembledoo (30)
Seat 2: _SKR (370)
Seat 3: 1SALISSURE (500)
*** ANTE/BLINDS ***
Dembledoo posts small blind 20
_SKR posts big blind 40
Dealt to _SKR [8h 2h]
*** PRE-FLOP *** 
1SALISSURE raises 460 to 500 and is all-in
Dembledoo calls 10 and is all-in
_SKR folds
*** FLOP *** [9s 2d Ah]
*** TURN *** [9s 2d Ah][3s]
*** RIVER *** [9s 2d Ah 3s][3d]
*** SHOW DOWN ***
Dembledoo shows [Qc Jh] (One pair : 3)
1SALISSURE shows [8d Ac] (Two pairs : Aces and 3)
1SALISSURE collected 570 from pot
*** SUMMARY ***
Total pot 570 | No rake
Board: [9s 2d Ah 3s 3d]
Seat 1: Dembledoo (small blind) showed [Qc Jh] and lost with One pair : 3
Seat 3: 1SALISSURE (button) showed [8d Ac] and won 570 with Two pairs : Aces and 3


Winamax Poker - Tournament "Expresso Nitro" buyIn: 0.93€ + 0.07€ level: 4 - HandId: #2692543928762105857-11-1674830012 - Holdem no limit (30/60) - 2023/01/27 14:33:32 UTC
Table: 'Expresso Nitro(626906736)#0' 3-max (real money) Seat #2 is the button
Seat 2: _SKR (330)
Seat 3: 1SALISSURE (570)
*** ANTE/BLINDS ***
_SKR posts small blind 30
1SALISSURE posts big blind 60
Dealt to _SKR [5s 9h]
*** PRE-FLOP *** 
_SKR folds
1SALISSURE collected 90 from pot
*** SUMMARY ***
Total pot 90 | No rake
Seat 3: 1SALISSURE (big blind) won 90


Winamax Poker - Tournament "Expresso Nitro" buyIn: 0.93€ + 0.07€ level: 4 - HandId: #2692543928762105857-12-1674830015 - Holdem no limit (30/60) - 2023/01/27 14:33:35 UTC
Table: 'Expresso Nitro(626906736)#0' 3-max (real money) Seat #3 is the button
Seat 2: _SKR (300)
Seat 3: 1SALISSURE (600)
*** ANTE/BLINDS ***
1SALISSURE posts small blind 30
_SKR posts big blind 60
Dealt to _SKR [6d 5c]
*** PRE-FLOP *** 
1SALISSURE raises 540 to 600 and is all-in
_SKR folds
1SALISSURE collected 660 from pot
*** SUMMARY ***
Total pot 660 | No rake
Seat 3: 1SALISSURE (small blind) (button) won 660


Winamax Poker - Tournament "Expresso Nitro" buyIn: 0.93€ + 0.07€ level: 4 - HandId: #2692543928762105857-13-1674830020 - Holdem no limit (30/60) - 2023/01/27 14:33:40 UTC
Table: 'Expresso Nitro(626906736)#0' 3-max (real money) Seat #2 is the button
Seat 2: _SKR (240)
Seat 3: 1SALISSURE (660)
*** ANTE/BLINDS ***
_SKR posts small blind 30
1SALISSURE posts big blind 60
Dealt to _SKR [8h 9c]
*** PRE-FLOP *** 
_SKR raises 180 to 240 and is all-in
1SALISSURE calls 180
*** FLOP *** [Ts 2s 5c]
*** TURN *** [Ts 2s 5c][3d]
*** RIVER *** [Ts 2s 5c 3d][4s]
*** SHOW DOWN ***
_SKR shows [8h 9c] (High card : Ten)
1SALISSURE shows [Qd 7h] (High card : Queen)
1SALISSURE collected 480 from pot
*** SUMMARY ***
Total pot 480 | No rake
Board: [Ts 2s 5c 3d 4s]
Seat 2: _SKR (small blind) (button) showed [8h 9c] and lost with High card : Ten
Seat 3: 1SALISSURE (big blind) showed [Qd 7h] and won 480 with High card : Queen


