Winamax Poker - Tournament "Expresso Nitro" buyIn: 1.86€ + 0.14€ level: 1 - HandId: #2695202079726632961-1-1674999635 - Holdem no limit (10/20) - 2023/01/29 13:40:35 UTC
Table: 'Expresso Nitro(627525635)#0' 3-max (real money) Seat #3 is the button
Seat 1: _SKR (300)
Seat 2: HO_Pichichi4 (300)
Seat 3: leilanie (300)
*** ANTE/BLINDS ***
_SKR posts small blind 10
HO_Pichichi4 posts big blind 20
Dealt to _SKR [3s 9d]
*** PRE-FLOP *** 
leilanie folds
_SKR folds
HO_Pichichi4 collected 30 from pot
*** SUMMARY ***
Total pot 30 | No rake
Seat 2: HO_Pichichi4 (big blind) won 30


Winamax Poker - Tournament "Expresso Nitro" buyIn: 1.86€ + 0.14€ level: 1 - HandId: #2695202079726632961-2-1674999640 - Holdem no limit (10/20) - 2023/01/29 13:40:40 UTC
Table: 'Expresso Nitro(627525635)#0' 3-max (real money) Seat #1 is the button
Seat 1: _SKR (290)
Seat 2: HO_Pichichi4 (310)
Seat 3: leilanie (300)
*** ANTE/BLINDS ***
HO_Pichichi4 posts small blind 10
leilanie posts big blind 20
Dealt to _SKR [8d Kh]
*** PRE-FLOP *** 
_SKR folds
HO_Pichichi4 calls 10
leilanie checks
*** FLOP *** [6s 5c Qc]
HO_Pichichi4 checks
leilanie bets 40
HO_Pichichi4 folds
leilanie collected 80 from pot
*** SUMMARY ***
Total pot 80 | No rake
Board: [6s 5c Qc]
Seat 3: leilanie (big blind) won 80


Winamax Poker - Tournament "Expresso Nitro" buyIn: 1.86€ + 0.14€ level: 1 - HandId: #2695202079726632961-3-1674999658 - Holdem no limit (10/20) - 2023/01/29 13:40:58 UTC
Table: 'Expresso Nitro(627525635)#0' 3-max (real money) Seat #2 is the button
Seat 1: _SKR (290)
Seat 2: HO_Pichichi4 (290)
Seat 3: leilanie (320)
*** ANTE/BLINDS ***
leilanie posts small blind 10
_SKR posts big blind 20
Dealt to _SKR [5h Kc]
*** PRE-FLOP *** 
HO_Pichichi4 calls 20
leilanie folds
_SKR checks
*** FLOP *** [6c 8s Ah]
_SKR checks
HO_Pichichi4 bets 50
_SKR folds
HO_Pichichi4 collected 100 from pot
*** SUMMARY ***
Total pot 100 | No rake
Board: [6c 8s Ah]
Seat 2: HO_Pichichi4 (button) won 100


Winamax Poker - Tournament "Expresso Nitro" buyIn: 1.86€ + 0.14€ level: 1 - HandId: #2695202079726632961-4-1674999672 - Holdem no limit (10/20) - 2023/01/29 13:41:12 UTC
Table: 'Expresso Nitro(627525635)#0' 3-max (real money) Seat #3 is the button
Seat 1: _SKR (270)
Seat 2: HO_Pichichi4 (320)
Seat 3: leilanie (310)
*** ANTE/BLINDS ***
_SKR posts small blind 10
HO_Pichichi4 posts big blind 20
Dealt to _SKR [6s 3h]
*** PRE-FLOP *** 
leilanie raises 30 to 50
_SKR folds
HO_Pichichi4 raises 270 to 320 and is all-in
leilanie calls 260 and is all-in
*** FLOP *** [8h Th 4h]
*** TURN *** [8h Th 4h][Jd]
*** RIVER *** [8h Th 4h Jd][Ks]
*** SHOW DOWN ***
HO_Pichichi4 shows [Ac 6c] (High card : Ace)
leilanie shows [Ah 5h] (Flush Ace high)
leilanie collected 630 from main pot
HO_Pichichi4 collected 10 from side pot 1
*** SUMMARY ***
Total pot 640 | No rake
Board: [8h Th 4h Jd Ks]
Seat 2: HO_Pichichi4 (big blind) showed [Ac 6c] and won 10 with High card : Ace
Seat 3: leilanie (button) showed [Ah 5h] and won 630 with Flush Ace high


Winamax Poker - Tournament "Expresso Nitro" buyIn: 1.86€ + 0.14€ level: 1 - HandId: #2695202079726632961-5-1674999687 - Holdem no limit (10/20) - 2023/01/29 13:41:27 UTC
Table: 'Expresso Nitro(627525635)#0' 3-max (real money) Seat #1 is the button
Seat 1: _SKR (260)
Seat 2: HO_Pichichi4 (10)
Seat 3: leilanie (630)
*** ANTE/BLINDS ***
HO_Pichichi4 posts small blind 10 and is all-in
leilanie posts big blind 20
Dealt to _SKR [Kd Ah]
*** PRE-FLOP *** 
_SKR raises 20 to 40
leilanie folds
*** FLOP *** [5d 9c 3s]
*** TURN *** [5d 9c 3s][6h]
*** RIVER *** [5d 9c 3s 6h][7d]
*** SHOW DOWN ***
_SKR shows [Kd Ah] (High card : Ace)
HO_Pichichi4 shows [Jh 3c] (One pair : 3)
HO_Pichichi4 collected 30 from main pot
_SKR collected 40 from side pot 1
*** SUMMARY ***
Total pot 70 | No rake
Board: [5d 9c 3s 6h 7d]
Seat 1: _SKR (button) showed [Kd Ah] and won 40 with High card : Ace
Seat 2: HO_Pichichi4 (small blind) showed [Jh 3c] and won 30 with One pair : 3


Winamax Poker - Tournament "Expresso Nitro" buyIn: 1.86€ + 0.14€ level: 2 - HandId: #2695202079726632961-6-1674999698 - Holdem no limit (15/30) - 2023/01/29 13:41:38 UTC
Table: 'Expresso Nitro(627525635)#0' 3-max (real money) Seat #2 is the button
Seat 1: _SKR (260)
Seat 2: HO_Pichichi4 (30)
Seat 3: leilanie (610)
*** ANTE/BLINDS ***
leilanie posts small blind 15
_SKR posts big blind 30
Dealt to _SKR [Js 4s]
*** PRE-FLOP *** 
HO_Pichichi4 calls 30 and is all-in
leilanie folds
*** FLOP *** [9d As 4d]
*** TURN *** [9d As 4d][7h]
*** RIVER *** [9d As 4d 7h][Qc]
*** SHOW DOWN ***
_SKR shows [Js 4s] (One pair : 4)
HO_Pichichi4 shows [Kh 4h] (One pair : 4)
HO_Pichichi4 collected 75 from pot
*** SUMMARY ***
Total pot 75 | No rake
Board: [9d As 4d 7h Qc]
Seat 1: _SKR (big blind) showed [Js 4s] and lost with One pair : 4
Seat 2: HO_Pichichi4 (button) showed [Kh 4h] and won 75 with One pair : 4


Winamax Poker - Tournament "Expresso Nitro" buyIn: 1.86€ + 0.14€ level: 2 - HandId: #2695202079726632961-7-1674999710 - Holdem no limit (15/30) - 2023/01/29 13:41:50 UTC
Table: 'Expresso Nitro(627525635)#0' 3-max (real money) Seat #3 is the button
Seat 1: _SKR (230)
Seat 2: HO_Pichichi4 (75)
Seat 3: leilanie (595)
*** ANTE/BLINDS ***
_SKR posts small blind 15
HO_Pichichi4 posts big blind 30
Dealt to _SKR [2c Qd]
*** PRE-FLOP *** 
leilanie raises 30 to 60
_SKR folds
HO_Pichichi4 raises 15 to 75 and is all-in
leilanie calls 15
*** FLOP *** [Th Ah 3h]
*** TURN *** [Th Ah 3h][5c]
*** RIVER *** [Th Ah 3h 5c][8c]
*** SHOW DOWN ***
HO_Pichichi4 shows [4h 9d] (High card : Ace)
leilanie shows [Kh Ac] (One pair : Aces)
leilanie collected 165 from pot
*** SUMMARY ***
Total pot 165 | No rake
Board: [Th Ah 3h 5c 8c]
Seat 2: HO_Pichichi4 (big blind) showed [4h 9d] and lost with High card : Ace
Seat 3: leilanie (button) showed [Kh Ac] and won 165 with One pair : Aces


Winamax Poker - Tournament "Expresso Nitro" buyIn: 1.86€ + 0.14€ level: 2 - HandId: #2695202079726632961-8-1674999730 - Holdem no limit (15/30) - 2023/01/29 13:42:10 UTC
Table: 'Expresso Nitro(627525635)#0' 3-max (real money) Seat #3 is the button
Seat 1: _SKR (215)
Seat 3: leilanie (685)
*** ANTE/BLINDS ***
leilanie posts small blind 15
_SKR posts big blind 30
Dealt to _SKR [7h 4d]
*** PRE-FLOP *** 
leilanie calls 15
_SKR checks
*** FLOP *** [Kh 7d Qc]
_SKR checks
leilanie bets 45
_SKR folds
leilanie collected 105 from pot
*** SUMMARY ***
Total pot 105 | No rake
Board: [Kh 7d Qc]
Seat 3: leilanie (small blind) (button) won 105


Winamax Poker - Tournament "Expresso Nitro" buyIn: 1.86€ + 0.14€ level: 2 - HandId: #2695202079726632961-9-1674999747 - Holdem no limit (15/30) - 2023/01/29 13:42:27 UTC
Table: 'Expresso Nitro(627525635)#0' 3-max (real money) Seat #1 is the button
Seat 1: _SKR (185)
Seat 3: leilanie (715)
*** ANTE/BLINDS ***
_SKR posts small blind 15
leilanie posts big blind 30
Dealt to _SKR [7d 4h]
*** PRE-FLOP *** 
_SKR folds
leilanie collected 45 from pot
*** SUMMARY ***
Total pot 45 | No rake
Seat 3: leilanie (big blind) won 45


Winamax Poker - Tournament "Expresso Nitro" buyIn: 1.86€ + 0.14€ level: 2 - HandId: #2695202079726632961-10-1674999751 - Holdem no limit (15/30) - 2023/01/29 13:42:31 UTC
Table: 'Expresso Nitro(627525635)#0' 3-max (real money) Seat #3 is the button
Seat 1: _SKR (170)
Seat 3: leilanie (730)
*** ANTE/BLINDS ***
leilanie posts small blind 15
_SKR posts big blind 30
Dealt to _SKR [Tc 6d]
*** PRE-FLOP *** 
leilanie calls 15
_SKR checks
*** FLOP *** [4h 3h 5s]
_SKR checks
leilanie bets 30
_SKR folds
leilanie collected 90 from pot
*** SUMMARY ***
Total pot 90 | No rake
Board: [4h 3h 5s]
Seat 3: leilanie (small blind) (button) won 90


Winamax Poker - Tournament "Expresso Nitro" buyIn: 1.86€ + 0.14€ level: 3 - HandId: #2695202079726632961-11-1674999762 - Holdem no limit (20/40) - 2023/01/29 13:42:42 UTC
Table: 'Expresso Nitro(627525635)#0' 3-max (real money) Seat #1 is the button
Seat 1: _SKR (140)
Seat 3: leilanie (760)
*** ANTE/BLINDS ***
_SKR posts small blind 20
leilanie posts big blind 40
Dealt to _SKR [5c 6c]
*** PRE-FLOP *** 
_SKR raises 100 to 140 and is all-in
leilanie folds
_SKR collected 180 from pot
*** SUMMARY ***
Total pot 180 | No rake
Seat 1: _SKR (small blind) (button) won 180


Winamax Poker - Tournament "Expresso Nitro" buyIn: 1.86€ + 0.14€ level: 3 - HandId: #2695202079726632961-12-1674999772 - Holdem no limit (20/40) - 2023/01/29 13:42:52 UTC
Table: 'Expresso Nitro(627525635)#0' 3-max (real money) Seat #3 is the button
Seat 1: _SKR (180)
Seat 3: leilanie (720)
*** ANTE/BLINDS ***
leilanie posts small blind 20
_SKR posts big blind 40
Dealt to _SKR [Th 4d]
*** PRE-FLOP *** 
leilanie folds
_SKR collected 60 from pot
*** SUMMARY ***
Total pot 60 | No rake
Seat 1: _SKR (big blind) won 60


Winamax Poker - Tournament "Expresso Nitro" buyIn: 1.86€ + 0.14€ level: 3 - HandId: #2695202079726632961-13-1674999775 - Holdem no limit (20/40) - 2023/01/29 13:42:55 UTC
Table: 'Expresso Nitro(627525635)#0' 3-max (real money) Seat #1 is the button
Seat 1: _SKR (200)
Seat 3: leilanie (700)
*** ANTE/BLINDS ***
_SKR posts small blind 20
leilanie posts big blind 40
Dealt to _SKR [Tc Js]
*** PRE-FLOP *** 
_SKR raises 160 to 200 and is all-in
leilanie folds
_SKR collected 240 from pot
*** SUMMARY ***
Total pot 240 | No rake
Seat 1: _SKR (small blind) (button) won 240


Winamax Poker - Tournament "Expresso Nitro" buyIn: 1.86€ + 0.14€ level: 3 - HandId: #2695202079726632961-14-1674999781 - Holdem no limit (20/40) - 2023/01/29 13:43:01 UTC
Table: 'Expresso Nitro(627525635)#0' 3-max (real money) Seat #3 is the button
Seat 1: _SKR (240)
Seat 3: leilanie (660)
*** ANTE/BLINDS ***
leilanie posts small blind 20
_SKR posts big blind 40
Dealt to _SKR [6d Ad]
*** PRE-FLOP *** 
leilanie raises 40 to 80
_SKR raises 160 to 240 and is all-in
leilanie raises 160 to 400
*** FLOP *** [2c 9c 6s]
*** TURN *** [2c 9c 6s][Jd]
*** RIVER *** [2c 9c 6s Jd][Js]
*** SHOW DOWN ***
_SKR shows [6d Ad] (Two pairs : Jacks and 6)
leilanie shows [Kd Jc] (Trips of Jacks)
leilanie collected 640 from pot
*** SUMMARY ***
Total pot 640 | No rake
Board: [2c 9c 6s Jd Js]
Seat 1: _SKR (big blind) showed [6d Ad] and lost with Two pairs : Jacks and 6
Seat 3: leilanie (small blind) (button) showed [Kd Jc] and won 640 with Trips of Jacks


