Winamax Poker - Tournament "Expresso Nitro" buyIn: 0.93€ + 0.07€ level: 1 - HandId: #2689741527025975297-1-1674649341 - Holdem no limit (10/20) - 2023/01/25 12:22:21 UTC
Table: 'Expresso Nitro(626254251)#0' 3-max (real money) Seat #3 is the button
Seat 1: _SKR (300)
Seat 2: Les2QQd1Mec (300)
Seat 3: ryryy49 (300)
*** ANTE/BLINDS ***
_SKR posts small blind 10
Les2QQd1Mec posts big blind 20
Dealt to _SKR [3c Js]
*** PRE-FLOP *** 
ryryy49 folds
_SKR folds
Les2QQd1Mec collected 30 from pot
*** SUMMARY ***
Total pot 30 | No rake
Seat 2: Les2QQd1Mec (big blind) won 30


Winamax Poker - Tournament "Expresso Nitro" buyIn: 0.93€ + 0.07€ level: 1 - HandId: #2689741527025975297-2-1674649345 - Holdem no limit (10/20) - 2023/01/25 12:22:25 UTC
Table: 'Expresso Nitro(626254251)#0' 3-max (real money) Seat #1 is the button
Seat 1: _SKR (290)
Seat 2: Les2QQd1Mec (310)
Seat 3: ryryy49 (300)
*** ANTE/BLINDS ***
Les2QQd1Mec posts small blind 10
ryryy49 posts big blind 20
Dealt to _SKR [Kd 2s]
*** PRE-FLOP *** 
_SKR folds
Les2QQd1Mec folds
ryryy49 collected 30 from pot
*** SUMMARY ***
Total pot 30 | No rake
Seat 3: ryryy49 (big blind) won 30


Winamax Poker - Tournament "Expresso Nitro" buyIn: 0.93€ + 0.07€ level: 1 - HandId: #2689741527025975297-3-1674649356 - Holdem no limit (10/20) - 2023/01/25 12:22:36 UTC
Table: 'Expresso Nitro(626254251)#0' 3-max (real money) Seat #2 is the button
Seat 1: _SKR (290)
Seat 2: Les2QQd1Mec (300)
Seat 3: ryryy49 (310)
*** ANTE/BLINDS ***
ryryy49 posts small blind 10
_SKR posts big blind 20
Dealt to _SKR [3c Tc]
*** PRE-FLOP *** 
Les2QQd1Mec folds
ryryy49 raises 290 to 310 and is all-in
_SKR folds
ryryy49 collected 330 from pot
*** SUMMARY ***
Total pot 330 | No rake
Seat 3: ryryy49 (small blind) won 330


Winamax Poker - Tournament "Expresso Nitro" buyIn: 0.93€ + 0.07€ level: 1 - HandId: #2689741527025975297-4-1674649370 - Holdem no limit (10/20) - 2023/01/25 12:22:50 UTC
Table: 'Expresso Nitro(626254251)#0' 3-max (real money) Seat #3 is the button
Seat 1: _SKR (270)
Seat 2: Les2QQd1Mec (300)
Seat 3: ryryy49 (330)
*** ANTE/BLINDS ***
_SKR posts small blind 10
Les2QQd1Mec posts big blind 20
Dealt to _SKR [Qs 9h]
*** PRE-FLOP *** 
ryryy49 calls 20
_SKR folds
Les2QQd1Mec checks
*** FLOP *** [Jc 3h Kc]
Les2QQd1Mec checks
ryryy49 checks
*** TURN *** [Jc 3h Kc][8d]
Les2QQd1Mec checks
ryryy49 bets 50
Les2QQd1Mec folds
ryryy49 collected 100 from pot
*** SUMMARY ***
Total pot 100 | No rake
Board: [Jc 3h Kc 8d]
Seat 3: ryryy49 (button) won 100


Winamax Poker - Tournament "Expresso Nitro" buyIn: 0.93€ + 0.07€ level: 2 - HandId: #2689741527025975297-5-1674649406 - Holdem no limit (15/30) - 2023/01/25 12:23:26 UTC
Table: 'Expresso Nitro(626254251)#0' 3-max (real money) Seat #1 is the button
Seat 1: _SKR (260)
Seat 2: Les2QQd1Mec (280)
Seat 3: ryryy49 (360)
*** ANTE/BLINDS ***
Les2QQd1Mec posts small blind 15
ryryy49 posts big blind 30
Dealt to _SKR [5h 3h]
*** PRE-FLOP *** 
_SKR folds
Les2QQd1Mec folds
ryryy49 collected 45 from pot
*** SUMMARY ***
Total pot 45 | No rake
Seat 3: ryryy49 (big blind) won 45


Winamax Poker - Tournament "Expresso Nitro" buyIn: 0.93€ + 0.07€ level: 2 - HandId: #2689741527025975297-6-1674649422 - Holdem no limit (15/30) - 2023/01/25 12:23:42 UTC
Table: 'Expresso Nitro(626254251)#0' 3-max (real money) Seat #2 is the button
Seat 1: _SKR (260)
Seat 2: Les2QQd1Mec (265)
Seat 3: ryryy49 (375)
*** ANTE/BLINDS ***
ryryy49 posts small blind 15
_SKR posts big blind 30
Dealt to _SKR [Tc 7d]
*** PRE-FLOP *** 
Les2QQd1Mec folds
ryryy49 folds
_SKR collected 45 from pot
*** SUMMARY ***
Total pot 45 | No rake
Seat 1: _SKR (big blind) won 45


Winamax Poker - Tournament "Expresso Nitro" buyIn: 0.93€ + 0.07€ level: 2 - HandId: #2689741527025975297-7-1674649426 - Holdem no limit (15/30) - 2023/01/25 12:23:46 UTC
Table: 'Expresso Nitro(626254251)#0' 3-max (real money) Seat #3 is the button
Seat 1: _SKR (275)
Seat 2: Les2QQd1Mec (265)
Seat 3: ryryy49 (360)
*** ANTE/BLINDS ***
_SKR posts small blind 15
Les2QQd1Mec posts big blind 30
Dealt to _SKR [9h Ts]
*** PRE-FLOP *** 
ryryy49 calls 30
_SKR raises 245 to 275 and is all-in
Les2QQd1Mec folds
ryryy49 folds
_SKR collected 335 from pot
*** SUMMARY ***
Total pot 335 | No rake
Seat 1: _SKR (small blind) won 335


Winamax Poker - Tournament "Expresso Nitro" buyIn: 0.93€ + 0.07€ level: 2 - HandId: #2689741527025975297-8-1674649441 - Holdem no limit (15/30) - 2023/01/25 12:24:01 UTC
Table: 'Expresso Nitro(626254251)#0' 3-max (real money) Seat #1 is the button
Seat 1: _SKR (335)
Seat 2: Les2QQd1Mec (235)
Seat 3: ryryy49 (330)
*** ANTE/BLINDS ***
Les2QQd1Mec posts small blind 15
ryryy49 posts big blind 30
Dealt to _SKR [8h 5h]
*** PRE-FLOP *** 
_SKR folds
Les2QQd1Mec folds
ryryy49 collected 45 from pot
*** SUMMARY ***
Total pot 45 | No rake
Seat 3: ryryy49 (big blind) won 45


Winamax Poker - Tournament "Expresso Nitro" buyIn: 0.93€ + 0.07€ level: 2 - HandId: #2689741527025975297-9-1674649450 - Holdem no limit (15/30) - 2023/01/25 12:24:10 UTC
Table: 'Expresso Nitro(626254251)#0' 3-max (real money) Seat #2 is the button
Seat 1: _SKR (335)
Seat 2: Les2QQd1Mec (220)
Seat 3: ryryy49 (345)
*** ANTE/BLINDS ***
ryryy49 posts small blind 15
_SKR posts big blind 30
Dealt to _SKR [9s Kh]
*** PRE-FLOP *** 
Les2QQd1Mec raises 30 to 60
ryryy49 raises 285 to 345 and is all-in
_SKR folds
Les2QQd1Mec folds
ryryy49 collected 435 from pot
*** SUMMARY ***
Total pot 435 | No rake
Seat 3: ryryy49 (small blind) won 435


Winamax Poker - Tournament "Expresso Nitro" buyIn: 0.93€ + 0.07€ level: 3 - HandId: #2689741527025975297-10-1674649461 - Holdem no limit (20/40) - 2023/01/25 12:24:21 UTC
Table: 'Expresso Nitro(626254251)#0' 3-max (real money) Seat #3 is the button
Seat 1: _SKR (305)
Seat 2: Les2QQd1Mec (160)
Seat 3: ryryy49 (435)
*** ANTE/BLINDS ***
_SKR posts small blind 20
Les2QQd1Mec posts big blind 40
Dealt to _SKR [4d 2d]
*** PRE-FLOP *** 
ryryy49 calls 40
_SKR folds
Les2QQd1Mec raises 120 to 160 and is all-in
ryryy49 raises 275 to 435 and is all-in
*** FLOP *** [Ad Tc 7d]
*** TURN *** [Ad Tc 7d][Jc]
*** RIVER *** [Ad Tc 7d Jc][4c]
*** SHOW DOWN ***
Les2QQd1Mec shows [9h As] (One pair : Aces)
ryryy49 shows [6s 4s] (One pair : 4)
ryryy49 collected 275 from side pot 1
Les2QQd1Mec collected 340 from main pot
*** SUMMARY ***
Total pot 615 | No rake
Board: [Ad Tc 7d Jc 4c]
Seat 2: Les2QQd1Mec (big blind) showed [9h As] and won 340 with One pair : Aces
Seat 3: ryryy49 (button) showed [6s 4s] and won 275 with One pair : 4


Winamax Poker - Tournament "Expresso Nitro" buyIn: 0.93€ + 0.07€ level: 3 - HandId: #2689741527025975297-11-1674649478 - Holdem no limit (20/40) - 2023/01/25 12:24:38 UTC
Table: 'Expresso Nitro(626254251)#0' 3-max (real money) Seat #1 is the button
Seat 1: _SKR (285)
Seat 2: Les2QQd1Mec (340)
Seat 3: ryryy49 (275)
*** ANTE/BLINDS ***
Les2QQd1Mec posts small blind 20
ryryy49 posts big blind 40
Dealt to _SKR [Ad 2c]
*** PRE-FLOP *** 
_SKR raises 245 to 285 and is all-in
Les2QQd1Mec raises 55 to 340 and is all-in
ryryy49 folds
*** FLOP *** [6h 6d Jh]
*** TURN *** [6h 6d Jh][8d]
*** RIVER *** [6h 6d Jh 8d][2d]
*** SHOW DOWN ***
_SKR shows [Ad 2c] (Two pairs : 6 and 2)
Les2QQd1Mec shows [Jc Ks] (Two pairs : Jacks and 6)
Les2QQd1Mec collected 665 from pot
*** SUMMARY ***
Total pot 665 | No rake
Board: [6h 6d Jh 8d 2d]
Seat 1: _SKR (button) showed [Ad 2c] and lost with Two pairs : 6 and 2
Seat 2: Les2QQd1Mec (small blind) showed [Jc Ks] and won 665 with Two pairs : Jacks and 6


