Winamax Poker - Tournament "Expresso Nitro" buyIn: 1.86€ + 0.14€ level: 1 - HandId: #2696618276473012225-1-1675090121 - Holdem no limit (10/20) - 2023/01/30 14:48:41 UTC
Table: 'Expresso Nitro(627855369)#0' 3-max (real money) Seat #2 is the button
Seat 1: Queladrogue (300)
Seat 2: Netsuko123 (300)
Seat 3: _SKR (300)
*** ANTE/BLINDS ***
_SKR posts small blind 10
Queladrogue posts big blind 20
Dealt to _SKR [7c Th]
*** PRE-FLOP *** 
Netsuko123 raises 40 to 60
_SKR folds
Queladrogue folds
Netsuko123 collected 90 from pot
*** SUMMARY ***
Total pot 90 | No rake
Seat 2: Netsuko123 (button) won 90


Winamax Poker - Tournament "Expresso Nitro" buyIn: 1.86€ + 0.14€ level: 1 - HandId: #2696618276473012225-2-1675090132 - Holdem no limit (10/20) - 2023/01/30 14:48:52 UTC
Table: 'Expresso Nitro(627855369)#0' 3-max (real money) Seat #3 is the button
Seat 1: Queladrogue (280)
Seat 2: Netsuko123 (330)
Seat 3: _SKR (290)
*** ANTE/BLINDS ***
Queladrogue posts small blind 10
Netsuko123 posts big blind 20
Dealt to _SKR [6h Td]
*** PRE-FLOP *** 
_SKR folds
Queladrogue folds
Netsuko123 collected 30 from pot
*** SUMMARY ***
Total pot 30 | No rake
Seat 2: Netsuko123 (big blind) won 30


Winamax Poker - Tournament "Expresso Nitro" buyIn: 1.86€ + 0.14€ level: 1 - HandId: #2696618276473012225-3-1675090138 - Holdem no limit (10/20) - 2023/01/30 14:48:58 UTC
Table: 'Expresso Nitro(627855369)#0' 3-max (real money) Seat #1 is the button
Seat 1: Queladrogue (270)
Seat 2: Netsuko123 (340)
Seat 3: _SKR (290)
*** ANTE/BLINDS ***
Netsuko123 posts small blind 10
_SKR posts big blind 20
Dealt to _SKR [Ad Jh]
*** PRE-FLOP *** 
Queladrogue folds
Netsuko123 raises 40 to 60
_SKR raises 230 to 290 and is all-in
Netsuko123 calls 230
*** FLOP *** [3s 7c Ts]
*** TURN *** [3s 7c Ts][9d]
*** RIVER *** [3s 7c Ts 9d][8c]
*** SHOW DOWN ***
Netsuko123 shows [As Th] (One pair : Tens)
_SKR shows [Ad Jh] (Straight Jack high)
_SKR collected 580 from pot
*** SUMMARY ***
Total pot 580 | No rake
Board: [3s 7c Ts 9d 8c]
Seat 2: Netsuko123 (small blind) showed [As Th] and lost with One pair : Tens
Seat 3: _SKR (big blind) showed [Ad Jh] and won 580 with Straight Jack high


Winamax Poker - Tournament "Expresso Nitro" buyIn: 1.86€ + 0.14€ level: 1 - HandId: #2696618276473012225-4-1675090161 - Holdem no limit (10/20) - 2023/01/30 14:49:21 UTC
Table: 'Expresso Nitro(627855369)#0' 3-max (real money) Seat #2 is the button
Seat 1: Queladrogue (270)
Seat 2: Netsuko123 (50)
Seat 3: _SKR (580)
*** ANTE/BLINDS ***
_SKR posts small blind 10
Queladrogue posts big blind 20
Dealt to _SKR [Kh 5h]
*** PRE-FLOP *** 
Netsuko123 raises 30 to 50 and is all-in
_SKR folds
Queladrogue calls 30
*** FLOP *** [Kd 2d 8d]
*** TURN *** [Kd 2d 8d][Th]
*** RIVER *** [Kd 2d 8d Th][6d]
*** SHOW DOWN ***
Netsuko123 shows [3c Tc] (One pair : Tens)
Queladrogue shows [Ts 6h] (Two pairs : Tens and 6)
Queladrogue collected 110 from pot
*** SUMMARY ***
Total pot 110 | No rake
Board: [Kd 2d 8d Th 6d]
Seat 1: Queladrogue (big blind) showed [Ts 6h] and won 110 with Two pairs : Tens and 6
Seat 2: Netsuko123 (button) showed [3c Tc] and lost with One pair : Tens


Winamax Poker - Tournament "Expresso Nitro" buyIn: 1.86€ + 0.14€ level: 2 - HandId: #2696618276473012225-5-1675090178 - Holdem no limit (15/30) - 2023/01/30 14:49:38 UTC
Table: 'Expresso Nitro(627855369)#0' 3-max (real money) Seat #1 is the button
Seat 1: Queladrogue (330)
Seat 3: _SKR (570)
*** ANTE/BLINDS ***
Queladrogue posts small blind 15
_SKR posts big blind 30
Dealt to _SKR [Kc 4h]
*** PRE-FLOP *** 
Queladrogue folds
_SKR collected 45 from pot
*** SUMMARY ***
Total pot 45 | No rake
Seat 3: _SKR (big blind) won 45


Winamax Poker - Tournament "Expresso Nitro" buyIn: 1.86€ + 0.14€ level: 2 - HandId: #2696618276473012225-6-1675090186 - Holdem no limit (15/30) - 2023/01/30 14:49:46 UTC
Table: 'Expresso Nitro(627855369)#0' 3-max (real money) Seat #3 is the button
Seat 1: Queladrogue (315)
Seat 3: _SKR (585)
*** ANTE/BLINDS ***
_SKR posts small blind 15
Queladrogue posts big blind 30
Dealt to _SKR [2s Jc]
*** PRE-FLOP *** 
_SKR folds
Queladrogue collected 45 from pot
*** SUMMARY ***
Total pot 45 | No rake
Seat 1: Queladrogue (big blind) won 45


Winamax Poker - Tournament "Expresso Nitro" buyIn: 1.86€ + 0.14€ level: 2 - HandId: #2696618276473012225-7-1675090190 - Holdem no limit (15/30) - 2023/01/30 14:49:50 UTC
Table: 'Expresso Nitro(627855369)#0' 3-max (real money) Seat #1 is the button
Seat 1: Queladrogue (330)
Seat 3: _SKR (570)
*** ANTE/BLINDS ***
Queladrogue posts small blind 15
_SKR posts big blind 30
Dealt to _SKR [3s Qd]
*** PRE-FLOP *** 
Queladrogue folds
_SKR collected 45 from pot
*** SUMMARY ***
Total pot 45 | No rake
Seat 3: _SKR (big blind) won 45


Winamax Poker - Tournament "Expresso Nitro" buyIn: 1.86€ + 0.14€ level: 2 - HandId: #2696618276473012225-8-1675090196 - Holdem no limit (15/30) - 2023/01/30 14:49:56 UTC
Table: 'Expresso Nitro(627855369)#0' 3-max (real money) Seat #3 is the button
Seat 1: Queladrogue (315)
Seat 3: _SKR (585)
*** ANTE/BLINDS ***
_SKR posts small blind 15
Queladrogue posts big blind 30
Dealt to _SKR [Kc 8d]
*** PRE-FLOP *** 
_SKR raises 555 to 585 and is all-in
Queladrogue calls 285 and is all-in
*** FLOP *** [Ks 3h Js]
*** TURN *** [Ks 3h Js][4d]
*** RIVER *** [Ks 3h Js 4d][4h]
*** SHOW DOWN ***
Queladrogue shows [2s 2c] (Two pairs : 4 and 2)
_SKR shows [Kc 8d] (Two pairs : Kings and 4)
_SKR collected 900 from pot
*** SUMMARY ***
Total pot 900 | No rake
Board: [Ks 3h Js 4d 4h]
Seat 1: Queladrogue (big blind) showed [2s 2c] and lost with Two pairs : 4 and 2
Seat 3: _SKR (small blind) (button) showed [Kc 8d] and won 900 with Two pairs : Kings and 4


