Winamax Poker - Tournament "Expresso Nitro" buyIn: 0.93€ + 0.07€ level: 1 - HandId: #2717617436735045633-1-1676229058 - Holdem no limit (10/20) - 2023/02/12 19:10:58 UTC
Table: 'Expresso Nitro(632744617)#0' 3-max (real money) Seat #3 is the button
Seat 1: Dragibus 91 (300)
Seat 2: bugsy160 (300)
Seat 3: _SKR (300)
*** ANTE/BLINDS ***
Dragibus 91 posts small blind 10
bugsy160 posts big blind 20
Dealt to _SKR [7d 7s]
*** PRE-FLOP *** 
_SKR raises 280 to 300 and is all-in
Dragibus 91 folds
bugsy160 folds
_SKR collected 330 from pot
*** SUMMARY ***
Total pot 330 | No rake
Seat 3: _SKR (button) won 330


Winamax Poker - Tournament "Expresso Nitro" buyIn: 0.93€ + 0.07€ level: 1 - HandId: #2717617436735045633-2-1676229066 - Holdem no limit (10/20) - 2023/02/12 19:11:06 UTC
Table: 'Expresso Nitro(632744617)#0' 3-max (real money) Seat #1 is the button
Seat 1: Dragibus 91 (290)
Seat 2: bugsy160 (280)
Seat 3: _SKR (330)
*** ANTE/BLINDS ***
bugsy160 posts small blind 10
_SKR posts big blind 20
Dealt to _SKR [6d 4c]
*** PRE-FLOP *** 
Dragibus 91 raises 20 to 40
bugsy160 folds
_SKR folds
Dragibus 91 collected 70 from pot
*** SUMMARY ***
Total pot 70 | No rake
Seat 1: Dragibus 91 (button) won 70


Winamax Poker - Tournament "Expresso Nitro" buyIn: 0.93€ + 0.07€ level: 1 - HandId: #2717617436735045633-3-1676229077 - Holdem no limit (10/20) - 2023/02/12 19:11:17 UTC
Table: 'Expresso Nitro(632744617)#0' 3-max (real money) Seat #2 is the button
Seat 1: Dragibus 91 (320)
Seat 2: bugsy160 (270)
Seat 3: _SKR (310)
*** ANTE/BLINDS ***
_SKR posts small blind 10
Dragibus 91 posts big blind 20
Dealt to _SKR [2c Js]
*** PRE-FLOP *** 
bugsy160 folds
_SKR folds
Dragibus 91 collected 30 from pot
*** SUMMARY ***
Total pot 30 | No rake
Seat 1: Dragibus 91 (big blind) won 30


Winamax Poker - Tournament "Expresso Nitro" buyIn: 0.93€ + 0.07€ level: 1 - HandId: #2717617436735045633-4-1676229083 - Holdem no limit (10/20) - 2023/02/12 19:11:23 UTC
Table: 'Expresso Nitro(632744617)#0' 3-max (real money) Seat #3 is the button
Seat 1: Dragibus 91 (330)
Seat 2: bugsy160 (270)
Seat 3: _SKR (300)
*** ANTE/BLINDS ***
Dragibus 91 posts small blind 10
bugsy160 posts big blind 20
Dealt to _SKR [Jc As]
*** PRE-FLOP *** 
_SKR raises 20 to 40
Dragibus 91 calls 30
bugsy160 raises 230 to 270 and is all-in
_SKR raises 30 to 300 and is all-in
Dragibus 91 folds
*** FLOP *** [2c Kc 6c]
*** TURN *** [2c Kc 6c][9c]
*** RIVER *** [2c Kc 6c 9c][7c]
*** SHOW DOWN ***
bugsy160 shows [Td Ah] (Flush King high)
_SKR shows [Jc As] (Flush King high)
_SKR collected 610 from pot
*** SUMMARY ***
Total pot 610 | No rake
Board: [2c Kc 6c 9c 7c]
Seat 2: bugsy160 (big blind) showed [Td Ah] and lost with Flush King high
Seat 3: _SKR (button) showed [Jc As] and won 610 with Flush King high


Winamax Poker - Tournament "Expresso Nitro" buyIn: 0.93€ + 0.07€ level: 1 - HandId: #2717617436735045633-5-1676229110 - Holdem no limit (10/20) - 2023/02/12 19:11:50 UTC
Table: 'Expresso Nitro(632744617)#0' 3-max (real money) Seat #3 is the button
Seat 1: Dragibus 91 (290)
Seat 3: _SKR (610)
*** ANTE/BLINDS ***
_SKR posts small blind 10
Dragibus 91 posts big blind 20
Dealt to _SKR [Ts 5s]
*** PRE-FLOP *** 
_SKR folds
Dragibus 91 collected 30 from pot
*** SUMMARY ***
Total pot 30 | No rake
Seat 1: Dragibus 91 (big blind) won 30


Winamax Poker - Tournament "Expresso Nitro" buyIn: 0.93€ + 0.07€ level: 2 - HandId: #2717617436735045633-6-1676229114 - Holdem no limit (15/30) - 2023/02/12 19:11:54 UTC
Table: 'Expresso Nitro(632744617)#0' 3-max (real money) Seat #1 is the button
Seat 1: Dragibus 91 (300)
Seat 3: _SKR (600)
*** ANTE/BLINDS ***
Dragibus 91 posts small blind 15
_SKR posts big blind 30
Dealt to _SKR [Qc Ks]
*** PRE-FLOP *** 
Dragibus 91 calls 15
_SKR raises 570 to 600 and is all-in
Dragibus 91 folds
_SKR collected 630 from pot
*** SUMMARY ***
Total pot 630 | No rake
Seat 3: _SKR (big blind) won 630


Winamax Poker - Tournament "Expresso Nitro" buyIn: 0.93€ + 0.07€ level: 2 - HandId: #2717617436735045633-7-1676229130 - Holdem no limit (15/30) - 2023/02/12 19:12:10 UTC
Table: 'Expresso Nitro(632744617)#0' 3-max (real money) Seat #3 is the button
Seat 1: Dragibus 91 (270)
Seat 3: _SKR (630)
*** ANTE/BLINDS ***
_SKR posts small blind 15
Dragibus 91 posts big blind 30
Dealt to _SKR [7c Ah]
*** PRE-FLOP *** 
_SKR raises 30 to 60
Dragibus 91 raises 30 to 90
_SKR raises 540 to 630 and is all-in
Dragibus 91 calls 180 and is all-in
*** FLOP *** [5c Ks Jh]
*** TURN *** [5c Ks Jh][3s]
*** RIVER *** [5c Ks Jh 3s][6h]
*** SHOW DOWN ***
Dragibus 91 shows [8d 8c] (One pair : 8)
_SKR shows [7c Ah] (High card : Ace)
_SKR collected 360 from side pot 1
Dragibus 91 collected 540 from main pot
*** SUMMARY ***
Total pot 900 | No rake
Board: [5c Ks Jh 3s 6h]
Seat 1: Dragibus 91 (big blind) showed [8d 8c] and won 540 with One pair : 8
Seat 3: _SKR (small blind) (button) showed [7c Ah] and won 360 with High card : Ace


Winamax Poker - Tournament "Expresso Nitro" buyIn: 0.93€ + 0.07€ level: 2 - HandId: #2717617436735045633-8-1676229151 - Holdem no limit (15/30) - 2023/02/12 19:12:31 UTC
Table: 'Expresso Nitro(632744617)#0' 3-max (real money) Seat #1 is the button
Seat 1: Dragibus 91 (540)
Seat 3: _SKR (360)
*** ANTE/BLINDS ***
Dragibus 91 posts small blind 15
_SKR posts big blind 30
Dealt to _SKR [5d Ac]
*** PRE-FLOP *** 
Dragibus 91 raises 30 to 60
_SKR raises 300 to 360 and is all-in
Dragibus 91 calls 300
*** FLOP *** [8c 8d Qd]
*** TURN *** [8c 8d Qd][Kc]
*** RIVER *** [8c 8d Qd Kc][Ks]
*** SHOW DOWN ***
_SKR shows [5d Ac] (Two pairs : Kings and 8)
Dragibus 91 shows [Ad 8s] (Full of 8 and Kings)
Dragibus 91 collected 720 from pot
*** SUMMARY ***
Total pot 720 | No rake
Board: [8c 8d Qd Kc Ks]
Seat 1: Dragibus 91 (small blind) (button) showed [Ad 8s] and won 720 with Full of 8 and Kings
Seat 3: _SKR (big blind) showed [5d Ac] and lost with Two pairs : Kings and 8


