Winamax Poker - Tournament "Expresso Nitro" buyIn: 0.93€ + 0.07€ level: 1 - HandId: #2680883122618236929-1-1674083223 - Holdem no limit (10/20) - 2023/01/18 23:07:03 UTC
Table: 'Expresso Nitro(624191743)#0' 3-max (real money) Seat #2 is the button
Seat 1: ELCARLOS (300)
Seat 2: Punken (300)
Seat 3: _SKR (300)
*** ANTE/BLINDS ***
_SKR posts small blind 10
ELCARLOS posts big blind 20
Dealt to _SKR [3s 3d]
*** PRE-FLOP *** 
Punken folds
_SKR raises 280 to 300 and is all-in
ELCARLOS folds
_SKR collected 320 from pot
*** SUMMARY ***
Total pot 320 | No rake
Seat 3: _SKR (small blind) won 320


Winamax Poker - Tournament "Expresso Nitro" buyIn: 0.93€ + 0.07€ level: 1 - HandId: #2680883122618236929-2-1674083239 - Holdem no limit (10/20) - 2023/01/18 23:07:19 UTC
Table: 'Expresso Nitro(624191743)#0' 3-max (real money) Seat #3 is the button
Seat 1: ELCARLOS (280)
Seat 2: Punken (300)
Seat 3: _SKR (320)
*** ANTE/BLINDS ***
ELCARLOS posts small blind 10
Punken posts big blind 20
Dealt to _SKR [Ts Qs]
*** PRE-FLOP *** 
_SKR raises 20 to 40
ELCARLOS calls 30
Punken raises 260 to 300 and is all-in
_SKR folds
ELCARLOS folds
Punken collected 380 from pot
*** SUMMARY ***
Total pot 380 | No rake
Seat 2: Punken (big blind) won 380


Winamax Poker - Tournament "Expresso Nitro" buyIn: 0.93€ + 0.07€ level: 1 - HandId: #2680883122618236929-3-1674083258 - Holdem no limit (10/20) - 2023/01/18 23:07:38 UTC
Table: 'Expresso Nitro(624191743)#0' 3-max (real money) Seat #1 is the button
Seat 1: ELCARLOS (240)
Seat 2: Punken (380)
Seat 3: _SKR (280)
*** ANTE/BLINDS ***
Punken posts small blind 10
_SKR posts big blind 20
Dealt to _SKR [7h Ts]
*** PRE-FLOP *** 
ELCARLOS raises 220 to 240 and is all-in
Punken folds
_SKR folds
ELCARLOS collected 270 from pot
*** SUMMARY ***
Total pot 270 | No rake
Seat 1: ELCARLOS (button) won 270


Winamax Poker - Tournament "Expresso Nitro" buyIn: 0.93€ + 0.07€ level: 1 - HandId: #2680883122618236929-4-1674083272 - Holdem no limit (10/20) - 2023/01/18 23:07:52 UTC
Table: 'Expresso Nitro(624191743)#0' 3-max (real money) Seat #2 is the button
Seat 1: ELCARLOS (270)
Seat 2: Punken (370)
Seat 3: _SKR (260)
*** ANTE/BLINDS ***
_SKR posts small blind 10
ELCARLOS posts big blind 20
Dealt to _SKR [Ts Jh]
*** PRE-FLOP *** 
Punken raises 30 to 50
_SKR folds
ELCARLOS raises 220 to 270 and is all-in
Punken calls 220
*** FLOP *** [Ah 9s 7c]
*** TURN *** [Ah 9s 7c][Tc]
*** RIVER *** [Ah 9s 7c Tc][3d]
*** SHOW DOWN ***
Punken shows [Td Qs] (One pair : Tens)
ELCARLOS shows [8s As] (One pair : Aces)
ELCARLOS collected 550 from pot
*** SUMMARY ***
Total pot 550 | No rake
Board: [Ah 9s 7c Tc 3d]
Seat 1: ELCARLOS (big blind) showed [8s As] and won 550 with One pair : Aces
Seat 2: Punken (button) showed [Td Qs] and lost with One pair : Tens


Winamax Poker - Tournament "Expresso Nitro" buyIn: 0.93€ + 0.07€ level: 2 - HandId: #2680883122618236929-5-1674083293 - Holdem no limit (15/30) - 2023/01/18 23:08:13 UTC
Table: 'Expresso Nitro(624191743)#0' 3-max (real money) Seat #3 is the button
Seat 1: ELCARLOS (550)
Seat 2: Punken (100)
Seat 3: _SKR (250)
*** ANTE/BLINDS ***
ELCARLOS posts small blind 15
Punken posts big blind 30
Dealt to _SKR [Td 6s]
*** PRE-FLOP *** 
_SKR folds
ELCARLOS raises 520 to 550 and is all-in
Punken folds
ELCARLOS collected 580 from pot
*** SUMMARY ***
Total pot 580 | No rake
Seat 1: ELCARLOS (small blind) won 580


Winamax Poker - Tournament "Expresso Nitro" buyIn: 0.93€ + 0.07€ level: 2 - HandId: #2680883122618236929-6-1674083302 - Holdem no limit (15/30) - 2023/01/18 23:08:22 UTC
Table: 'Expresso Nitro(624191743)#0' 3-max (real money) Seat #1 is the button
Seat 1: ELCARLOS (580)
Seat 2: Punken (70)
Seat 3: _SKR (250)
*** ANTE/BLINDS ***
Punken posts small blind 15
_SKR posts big blind 30
Dealt to _SKR [Js 7h]
*** PRE-FLOP *** 
ELCARLOS folds
Punken folds
_SKR collected 45 from pot
*** SUMMARY ***
Total pot 45 | No rake
Seat 3: _SKR (big blind) won 45


Winamax Poker - Tournament "Expresso Nitro" buyIn: 0.93€ + 0.07€ level: 2 - HandId: #2680883122618236929-7-1674083307 - Holdem no limit (15/30) - 2023/01/18 23:08:27 UTC
Table: 'Expresso Nitro(624191743)#0' 3-max (real money) Seat #2 is the button
Seat 1: ELCARLOS (580)
Seat 2: Punken (55)
Seat 3: _SKR (265)
*** ANTE/BLINDS ***
_SKR posts small blind 15
ELCARLOS posts big blind 30
Dealt to _SKR [8s 4h]
*** PRE-FLOP *** 
Punken raises 25 to 55 and is all-in
_SKR folds
ELCARLOS calls 25
*** FLOP *** [Ad 2s 3d]
*** TURN *** [Ad 2s 3d][2c]
*** RIVER *** [Ad 2s 3d 2c][Kc]
*** SHOW DOWN ***
ELCARLOS shows [Ks 9s] (Two pairs : Kings and 2)
Punken shows [6d Ac] (Two pairs : Aces and 2)
Punken collected 125 from pot
*** SUMMARY ***
Total pot 125 | No rake
Board: [Ad 2s 3d 2c Kc]
Seat 1: ELCARLOS (big blind) showed [Ks 9s] and lost with Two pairs : Kings and 2
Seat 2: Punken (button) showed [6d Ac] and won 125 with Two pairs : Aces and 2


Winamax Poker - Tournament "Expresso Nitro" buyIn: 0.93€ + 0.07€ level: 2 - HandId: #2680883122618236929-8-1674083323 - Holdem no limit (15/30) - 2023/01/18 23:08:43 UTC
Table: 'Expresso Nitro(624191743)#0' 3-max (real money) Seat #3 is the button
Seat 1: ELCARLOS (525)
Seat 2: Punken (125)
Seat 3: _SKR (250)
*** ANTE/BLINDS ***
ELCARLOS posts small blind 15
Punken posts big blind 30
Dealt to _SKR [4c Qd]
*** PRE-FLOP *** 
_SKR folds
ELCARLOS raises 495 to 525 and is all-in
Punken folds
ELCARLOS collected 555 from pot
*** SUMMARY ***
Total pot 555 | No rake
Seat 1: ELCARLOS (small blind) won 555


Winamax Poker - Tournament "Expresso Nitro" buyIn: 0.93€ + 0.07€ level: 2 - HandId: #2680883122618236929-9-1674083331 - Holdem no limit (15/30) - 2023/01/18 23:08:51 UTC
Table: 'Expresso Nitro(624191743)#0' 3-max (real money) Seat #1 is the button
Seat 1: ELCARLOS (555)
Seat 2: Punken (95)
Seat 3: _SKR (250)
*** ANTE/BLINDS ***
Punken posts small blind 15
_SKR posts big blind 30
Dealt to _SKR [9d 3d]
*** PRE-FLOP *** 
ELCARLOS folds
Punken folds
_SKR collected 45 from pot
*** SUMMARY ***
Total pot 45 | No rake
Seat 3: _SKR (big blind) won 45


Winamax Poker - Tournament "Expresso Nitro" buyIn: 0.93€ + 0.07€ level: 2 - HandId: #2680883122618236929-10-1674083336 - Holdem no limit (15/30) - 2023/01/18 23:08:56 UTC
Table: 'Expresso Nitro(624191743)#0' 3-max (real money) Seat #2 is the button
Seat 1: ELCARLOS (555)
Seat 2: Punken (80)
Seat 3: _SKR (265)
*** ANTE/BLINDS ***
_SKR posts small blind 15
ELCARLOS posts big blind 30
Dealt to _SKR [8h 3h]
*** PRE-FLOP *** 
Punken raises 50 to 80 and is all-in
_SKR folds
ELCARLOS calls 50
*** FLOP *** [6d 9h Ah]
*** TURN *** [6d 9h Ah][Jd]
*** RIVER *** [6d 9h Ah Jd][7h]
*** SHOW DOWN ***
Punken shows [7c Tc] (One pair : 7)
ELCARLOS shows [Th 9s] (One pair : 9)
ELCARLOS collected 175 from pot
*** SUMMARY ***
Total pot 175 | No rake
Board: [6d 9h Ah Jd 7h]
Seat 1: ELCARLOS (big blind) showed [Th 9s] and won 175 with One pair : 9
Seat 2: Punken (button) showed [7c Tc] and lost with One pair : 7


Winamax Poker - Tournament "Expresso Nitro" buyIn: 0.93€ + 0.07€ level: 3 - HandId: #2680883122618236929-11-1674083352 - Holdem no limit (20/40) - 2023/01/18 23:09:12 UTC
Table: 'Expresso Nitro(624191743)#0' 3-max (real money) Seat #1 is the button
Seat 1: ELCARLOS (650)
Seat 3: _SKR (250)
*** ANTE/BLINDS ***
ELCARLOS posts small blind 20
_SKR posts big blind 40
Dealt to _SKR [6d Js]
*** PRE-FLOP *** 
ELCARLOS calls 20
_SKR checks
*** FLOP *** [7s 5h Kh]
_SKR checks
ELCARLOS bets 40
_SKR folds
ELCARLOS collected 120 from pot
*** SUMMARY ***
Total pot 120 | No rake
Board: [7s 5h Kh]
Seat 1: ELCARLOS (small blind) (button) won 120


Winamax Poker - Tournament "Expresso Nitro" buyIn: 0.93€ + 0.07€ level: 3 - HandId: #2680883122618236929-12-1674083380 - Holdem no limit (20/40) - 2023/01/18 23:09:40 UTC
Table: 'Expresso Nitro(624191743)#0' 3-max (real money) Seat #3 is the button
Seat 1: ELCARLOS (690)
Seat 3: _SKR (210)
*** ANTE/BLINDS ***
_SKR posts small blind 20
ELCARLOS posts big blind 40
Dealt to _SKR [Js 5d]
*** PRE-FLOP *** 
_SKR folds
ELCARLOS collected 60 from pot
*** SUMMARY ***
Total pot 60 | No rake
Seat 1: ELCARLOS (big blind) won 60


Winamax Poker - Tournament "Expresso Nitro" buyIn: 0.93€ + 0.07€ level: 3 - HandId: #2680883122618236929-13-1674083383 - Holdem no limit (20/40) - 2023/01/18 23:09:43 UTC
Table: 'Expresso Nitro(624191743)#0' 3-max (real money) Seat #1 is the button
Seat 1: ELCARLOS (710)
Seat 3: _SKR (190)
*** ANTE/BLINDS ***
ELCARLOS posts small blind 20
_SKR posts big blind 40
Dealt to _SKR [As 4c]
*** PRE-FLOP *** 
ELCARLOS calls 20
_SKR raises 150 to 190 and is all-in
ELCARLOS folds
_SKR collected 230 from pot
*** SUMMARY ***
Total pot 230 | No rake
Seat 3: _SKR (big blind) won 230


Winamax Poker - Tournament "Expresso Nitro" buyIn: 0.93€ + 0.07€ level: 3 - HandId: #2680883122618236929-14-1674083392 - Holdem no limit (20/40) - 2023/01/18 23:09:52 UTC
Table: 'Expresso Nitro(624191743)#0' 3-max (real money) Seat #3 is the button
Seat 1: ELCARLOS (670)
Seat 3: _SKR (230)
*** ANTE/BLINDS ***
_SKR posts small blind 20
ELCARLOS posts big blind 40
Dealt to _SKR [Ad Ks]
*** PRE-FLOP *** 
_SKR raises 190 to 230 and is all-in
ELCARLOS calls 190
*** FLOP *** [6d 8c 8d]
*** TURN *** [6d 8c 8d][Jh]
*** RIVER *** [6d 8c 8d Jh][Td]
*** SHOW DOWN ***
ELCARLOS shows [Kc 7c] (One pair : 8)
_SKR shows [Ad Ks] (One pair : 8)
_SKR collected 460 from pot
*** SUMMARY ***
Total pot 460 | No rake
Board: [6d 8c 8d Jh Td]
Seat 1: ELCARLOS (big blind) showed [Kc 7c] and lost with One pair : 8
Seat 3: _SKR (small blind) (button) showed [Ad Ks] and won 460 with One pair : 8


Winamax Poker - Tournament "Expresso Nitro" buyIn: 0.93€ + 0.07€ level: 4 - HandId: #2680883122618236929-15-1674083405 - Holdem no limit (30/60) - 2023/01/18 23:10:05 UTC
Table: 'Expresso Nitro(624191743)#0' 3-max (real money) Seat #1 is the button
Seat 1: ELCARLOS (440)
Seat 3: _SKR (460)
*** ANTE/BLINDS ***
ELCARLOS posts small blind 30
_SKR posts big blind 60
Dealt to _SKR [5s 2s]
*** PRE-FLOP *** 
ELCARLOS folds
_SKR collected 90 from pot
*** SUMMARY ***
Total pot 90 | No rake
Seat 3: _SKR (big blind) won 90


Winamax Poker - Tournament "Expresso Nitro" buyIn: 0.93€ + 0.07€ level: 4 - HandId: #2680883122618236929-16-1674083409 - Holdem no limit (30/60) - 2023/01/18 23:10:09 UTC
Table: 'Expresso Nitro(624191743)#0' 3-max (real money) Seat #3 is the button
Seat 1: ELCARLOS (410)
Seat 3: _SKR (490)
*** ANTE/BLINDS ***
_SKR posts small blind 30
ELCARLOS posts big blind 60
Dealt to _SKR [4c Qh]
*** PRE-FLOP *** 
_SKR folds
ELCARLOS collected 90 from pot
*** SUMMARY ***
Total pot 90 | No rake
Seat 1: ELCARLOS (big blind) won 90


Winamax Poker - Tournament "Expresso Nitro" buyIn: 0.93€ + 0.07€ level: 4 - HandId: #2680883122618236929-17-1674083419 - Holdem no limit (30/60) - 2023/01/18 23:10:19 UTC
Table: 'Expresso Nitro(624191743)#0' 3-max (real money) Seat #1 is the button
Seat 1: ELCARLOS (440)
Seat 3: _SKR (460)
*** ANTE/BLINDS ***
ELCARLOS posts small blind 30
_SKR posts big blind 60
Dealt to _SKR [Js Qc]
*** PRE-FLOP *** 
ELCARLOS raises 380 to 440 and is all-in
_SKR folds
ELCARLOS collected 500 from pot
*** SUMMARY ***
Total pot 500 | No rake
Seat 1: ELCARLOS (small blind) (button) won 500


Winamax Poker - Tournament "Expresso Nitro" buyIn: 0.93€ + 0.07€ level: 4 - HandId: #2680883122618236929-18-1674083427 - Holdem no limit (30/60) - 2023/01/18 23:10:27 UTC
Table: 'Expresso Nitro(624191743)#0' 3-max (real money) Seat #3 is the button
Seat 1: ELCARLOS (500)
Seat 3: _SKR (400)
*** ANTE/BLINDS ***
_SKR posts small blind 30
ELCARLOS posts big blind 60
Dealt to _SKR [6h 5h]
*** PRE-FLOP *** 
_SKR raises 340 to 400 and is all-in
ELCARLOS folds
_SKR collected 460 from pot
*** SUMMARY ***
Total pot 460 | No rake
Seat 3: _SKR (small blind) (button) won 460


Winamax Poker - Tournament "Expresso Nitro" buyIn: 0.93€ + 0.07€ level: 4 - HandId: #2680883122618236929-19-1674083433 - Holdem no limit (30/60) - 2023/01/18 23:10:33 UTC
Table: 'Expresso Nitro(624191743)#0' 3-max (real money) Seat #1 is the button
Seat 1: ELCARLOS (440)
Seat 3: _SKR (460)
*** ANTE/BLINDS ***
ELCARLOS posts small blind 30
_SKR posts big blind 60
Dealt to _SKR [9c Jd]
*** PRE-FLOP *** 
ELCARLOS raises 380 to 440 and is all-in
_SKR folds
ELCARLOS collected 500 from pot
*** SUMMARY ***
Total pot 500 | No rake
Seat 1: ELCARLOS (small blind) (button) won 500


Winamax Poker - Tournament "Expresso Nitro" buyIn: 0.93€ + 0.07€ level: 4 - HandId: #2680883122618236929-20-1674083440 - Holdem no limit (30/60) - 2023/01/18 23:10:40 UTC
Table: 'Expresso Nitro(624191743)#0' 3-max (real money) Seat #3 is the button
Seat 1: ELCARLOS (500)
Seat 3: _SKR (400)
*** ANTE/BLINDS ***
_SKR posts small blind 30
ELCARLOS posts big blind 60
Dealt to _SKR [5h 6h]
*** PRE-FLOP *** 
_SKR raises 340 to 400 and is all-in
ELCARLOS calls 340
*** FLOP *** [8c 4h 7c]
*** TURN *** [8c 4h 7c][3c]
*** RIVER *** [8c 4h 7c 3c][9s]
*** SHOW DOWN ***
ELCARLOS shows [As 4s] (One pair : 4)
_SKR shows [5h 6h] (Straight 9 high)
_SKR collected 800 from pot
*** SUMMARY ***
Total pot 800 | No rake
Board: [8c 4h 7c 3c 9s]
Seat 1: ELCARLOS (big blind) showed [As 4s] and lost with One pair : 4
Seat 3: _SKR (small blind) (button) showed [5h 6h] and won 800 with Straight 9 high


Winamax Poker - Tournament "Expresso Nitro" buyIn: 0.93€ + 0.07€ level: 4 - HandId: #2680883122618236929-21-1674083454 - Holdem no limit (30/60) - 2023/01/18 23:10:54 UTC
Table: 'Expresso Nitro(624191743)#0' 3-max (real money) Seat #1 is the button
Seat 1: ELCARLOS (100)
Seat 3: _SKR (800)
*** ANTE/BLINDS ***
ELCARLOS posts small blind 30
_SKR posts big blind 60
Dealt to _SKR [6s Kd]
*** PRE-FLOP *** 
ELCARLOS raises 40 to 100 and is all-in
_SKR calls 40
*** FLOP *** [7s Ts 6d]
*** TURN *** [7s Ts 6d][7d]
*** RIVER *** [7s Ts 6d 7d][Ad]
*** SHOW DOWN ***
_SKR shows [6s Kd] (Two pairs : 7 and 6)
ELCARLOS shows [9d Th] (Two pairs : Tens and 7)
ELCARLOS collected 200 from pot
*** SUMMARY ***
Total pot 200 | No rake
Board: [7s Ts 6d 7d Ad]
Seat 1: ELCARLOS (small blind) (button) showed [9d Th] and won 200 with Two pairs : Tens and 7
Seat 3: _SKR (big blind) showed [6s Kd] and lost with Two pairs : 7 and 6


Winamax Poker - Tournament "Expresso Nitro" buyIn: 0.93€ + 0.07€ level: 5 - HandId: #2680883122618236929-22-1674083467 - Holdem no limit (40/80) - 2023/01/18 23:11:07 UTC
Table: 'Expresso Nitro(624191743)#0' 3-max (real money) Seat #3 is the button
Seat 1: ELCARLOS (200)
Seat 3: _SKR (700)
*** ANTE/BLINDS ***
_SKR posts small blind 40
ELCARLOS posts big blind 80
Dealt to _SKR [Tc 2d]
*** PRE-FLOP *** 
_SKR folds
ELCARLOS collected 120 from pot
*** SUMMARY ***
Total pot 120 | No rake
Seat 1: ELCARLOS (big blind) won 120


Winamax Poker - Tournament "Expresso Nitro" buyIn: 0.93€ + 0.07€ level: 5 - HandId: #2680883122618236929-23-1674083471 - Holdem no limit (40/80) - 2023/01/18 23:11:11 UTC
Table: 'Expresso Nitro(624191743)#0' 3-max (real money) Seat #1 is the button
Seat 1: ELCARLOS (240)
Seat 3: _SKR (660)
*** ANTE/BLINDS ***
ELCARLOS posts small blind 40
_SKR posts big blind 80
Dealt to _SKR [9d 2d]
*** PRE-FLOP *** 
ELCARLOS raises 160 to 240 and is all-in
_SKR calls 160
*** FLOP *** [Tc Ts Jc]
*** TURN *** [Tc Ts Jc][9c]
*** RIVER *** [Tc Ts Jc 9c][9s]
*** SHOW DOWN ***
ELCARLOS shows [3d Ah] (Two pairs : Tens and 9)
_SKR shows [9d 2d] (Full of 9 and Tens)
_SKR collected 480 from pot
*** SUMMARY ***
Total pot 480 | No rake
Board: [Tc Ts Jc 9c 9s]
Seat 1: ELCARLOS (small blind) (button) showed [3d Ah] and lost with Two pairs : Tens and 9
Seat 3: _SKR (big blind) showed [9d 2d] and won 480 with Full of 9 and Tens


