Winamax Poker - Tournament "Expresso Nitro" buyIn: 1.86€ + 0.14€ level: 1 - HandId: #2695209269501886465-1-1675000053 - Holdem no limit (10/20) - 2023/01/29 13:47:33 UTC
Table: 'Expresso Nitro(627527309)#0' 3-max (real money) Seat #1 is the button
Seat 1: &Flav& (300)
Seat 2: mjesus27 (300)
Seat 3: _SKR (300)
*** ANTE/BLINDS ***
mjesus27 posts small blind 10
_SKR posts big blind 20
Dealt to _SKR [Kd Th]
*** PRE-FLOP *** 
&Flav& raises 280 to 300 and is all-in
mjesus27 folds
_SKR folds
&Flav& collected 330 from pot
*** SUMMARY ***
Total pot 330 | No rake
Seat 1: &Flav& (button) won 330


Winamax Poker - Tournament "Expresso Nitro" buyIn: 1.86€ + 0.14€ level: 1 - HandId: #2695209269501886465-2-1675000072 - Holdem no limit (10/20) - 2023/01/29 13:47:52 UTC
Table: 'Expresso Nitro(627527309)#0' 3-max (real money) Seat #2 is the button
Seat 1: &Flav& (330)
Seat 2: mjesus27 (290)
Seat 3: _SKR (280)
*** ANTE/BLINDS ***
_SKR posts small blind 10
&Flav& posts big blind 20
Dealt to _SKR [Qc Kc]
*** PRE-FLOP *** 
mjesus27 raises 270 to 290 and is all-in
_SKR calls 270 and is all-in
&Flav& folds
*** FLOP *** [7d Qs 4h]
*** TURN *** [7d Qs 4h][Ah]
*** RIVER *** [7d Qs 4h Ah][4d]
*** SHOW DOWN ***
mjesus27 shows [Qh 6d] (Two pairs : Queens and 4)
_SKR shows [Qc Kc] (Two pairs : Queens and 4)
_SKR collected 290 from main pot
mjesus27 collected 300 from side pot 1
*** SUMMARY ***
Total pot 590 | No rake
Board: [7d Qs 4h Ah 4d]
Seat 2: mjesus27 (button) showed [Qh 6d] and won 300 with Two pairs : Queens and 4
Seat 3: _SKR (small blind) showed [Qc Kc] and won 290 with Two pairs : Queens and 4


Winamax Poker - Tournament "Expresso Nitro" buyIn: 1.86€ + 0.14€ level: 1 - HandId: #2695209269501886465-3-1675000094 - Holdem no limit (10/20) - 2023/01/29 13:48:14 UTC
Table: 'Expresso Nitro(627527309)#0' 3-max (real money) Seat #3 is the button
Seat 1: &Flav& (310)
Seat 2: mjesus27 (300)
Seat 3: _SKR (290)
*** ANTE/BLINDS ***
&Flav& posts small blind 10
mjesus27 posts big blind 20
Dealt to _SKR [Qh 6h]
*** PRE-FLOP *** 
_SKR folds
&Flav& raises 290 to 310 and is all-in
mjesus27 folds
&Flav& collected 330 from pot
*** SUMMARY ***
Total pot 330 | No rake
Seat 1: &Flav& (small blind) won 330


Winamax Poker - Tournament "Expresso Nitro" buyIn: 1.86€ + 0.14€ level: 1 - HandId: #2695209269501886465-4-1675000105 - Holdem no limit (10/20) - 2023/01/29 13:48:25 UTC
Table: 'Expresso Nitro(627527309)#0' 3-max (real money) Seat #1 is the button
Seat 1: &Flav& (330)
Seat 2: mjesus27 (280)
Seat 3: _SKR (290)
*** ANTE/BLINDS ***
mjesus27 posts small blind 10
_SKR posts big blind 20
Dealt to _SKR [4c 3c]
*** PRE-FLOP *** 
&Flav& calls 20
mjesus27 folds
_SKR checks
*** FLOP *** [6h 7d Th]
_SKR checks
&Flav& bets 50
_SKR folds
&Flav& collected 100 from pot
*** SUMMARY ***
Total pot 100 | No rake
Board: [6h 7d Th]
Seat 1: &Flav& (button) won 100


Winamax Poker - Tournament "Expresso Nitro" buyIn: 1.86€ + 0.14€ level: 2 - HandId: #2695209269501886465-5-1675000128 - Holdem no limit (15/30) - 2023/01/29 13:48:48 UTC
Table: 'Expresso Nitro(627527309)#0' 3-max (real money) Seat #2 is the button
Seat 1: &Flav& (360)
Seat 2: mjesus27 (270)
Seat 3: _SKR (270)
*** ANTE/BLINDS ***
_SKR posts small blind 15
&Flav& posts big blind 30
Dealt to _SKR [5c Ks]
*** PRE-FLOP *** 
mjesus27 raises 240 to 270 and is all-in
_SKR folds
&Flav& folds
mjesus27 collected 315 from pot
*** SUMMARY ***
Total pot 315 | No rake
Seat 2: mjesus27 (button) won 315


Winamax Poker - Tournament "Expresso Nitro" buyIn: 1.86€ + 0.14€ level: 2 - HandId: #2695209269501886465-6-1675000143 - Holdem no limit (15/30) - 2023/01/29 13:49:03 UTC
Table: 'Expresso Nitro(627527309)#0' 3-max (real money) Seat #3 is the button
Seat 1: &Flav& (330)
Seat 2: mjesus27 (315)
Seat 3: _SKR (255)
*** ANTE/BLINDS ***
&Flav& posts small blind 15
mjesus27 posts big blind 30
Dealt to _SKR [Qh 8c]
*** PRE-FLOP *** 
_SKR folds
&Flav& raises 300 to 330 and is all-in
mjesus27 folds
&Flav& collected 360 from pot
*** SUMMARY ***
Total pot 360 | No rake
Seat 1: &Flav& (small blind) won 360


Winamax Poker - Tournament "Expresso Nitro" buyIn: 1.86€ + 0.14€ level: 2 - HandId: #2695209269501886465-7-1675000152 - Holdem no limit (15/30) - 2023/01/29 13:49:12 UTC
Table: 'Expresso Nitro(627527309)#0' 3-max (real money) Seat #1 is the button
Seat 1: &Flav& (360)
Seat 2: mjesus27 (285)
Seat 3: _SKR (255)
*** ANTE/BLINDS ***
mjesus27 posts small blind 15
_SKR posts big blind 30
Dealt to _SKR [Qs Jh]
*** PRE-FLOP *** 
&Flav& folds
mjesus27 raises 255 to 285 and is all-in
_SKR folds
mjesus27 collected 315 from pot
*** SUMMARY ***
Total pot 315 | No rake
Seat 2: mjesus27 (small blind) won 315


Winamax Poker - Tournament "Expresso Nitro" buyIn: 1.86€ + 0.14€ level: 2 - HandId: #2695209269501886465-8-1675000164 - Holdem no limit (15/30) - 2023/01/29 13:49:24 UTC
Table: 'Expresso Nitro(627527309)#0' 3-max (real money) Seat #2 is the button
Seat 1: &Flav& (360)
Seat 2: mjesus27 (315)
Seat 3: _SKR (225)
*** ANTE/BLINDS ***
_SKR posts small blind 15
&Flav& posts big blind 30
Dealt to _SKR [8s 2s]
*** PRE-FLOP *** 
mjesus27 raises 285 to 315 and is all-in
_SKR folds
&Flav& calls 285
*** FLOP *** [4c Kc Jc]
*** TURN *** [4c Kc Jc][Ts]
*** RIVER *** [4c Kc Jc Ts][Jh]
*** SHOW DOWN ***
mjesus27 shows [Kd 9s] (Two pairs : Kings and Jacks)
&Flav& shows [Ac Qh] (Straight Ace high)
&Flav& collected 645 from pot
*** SUMMARY ***
Total pot 645 | No rake
Board: [4c Kc Jc Ts Jh]
Seat 1: &Flav& (big blind) showed [Ac Qh] and won 645 with Straight Ace high
Seat 2: mjesus27 (button) showed [Kd 9s] and lost with Two pairs : Kings and Jacks


Winamax Poker - Tournament "Expresso Nitro" buyIn: 1.86€ + 0.14€ level: 3 - HandId: #2695209269501886465-9-1675000183 - Holdem no limit (20/40) - 2023/01/29 13:49:43 UTC
Table: 'Expresso Nitro(627527309)#0' 3-max (real money) Seat #1 is the button
Seat 1: &Flav& (690)
Seat 3: _SKR (210)
*** ANTE/BLINDS ***
&Flav& posts small blind 20
_SKR posts big blind 40
Dealt to _SKR [Td Qc]
*** PRE-FLOP *** 
&Flav& folds
_SKR collected 60 from pot
*** SUMMARY ***
Total pot 60 | No rake
Seat 3: _SKR (big blind) won 60


Winamax Poker - Tournament "Expresso Nitro" buyIn: 1.86€ + 0.14€ level: 3 - HandId: #2695209269501886465-10-1675000187 - Holdem no limit (20/40) - 2023/01/29 13:49:47 UTC
Table: 'Expresso Nitro(627527309)#0' 3-max (real money) Seat #3 is the button
Seat 1: &Flav& (670)
Seat 3: _SKR (230)
*** ANTE/BLINDS ***
_SKR posts small blind 20
&Flav& posts big blind 40
Dealt to _SKR [Td 2d]
*** PRE-FLOP *** 
_SKR folds
&Flav& collected 60 from pot
*** SUMMARY ***
Total pot 60 | No rake
Seat 1: &Flav& (big blind) won 60


Winamax Poker - Tournament "Expresso Nitro" buyIn: 1.86€ + 0.14€ level: 3 - HandId: #2695209269501886465-11-1675000204 - Holdem no limit (20/40) - 2023/01/29 13:50:04 UTC
Table: 'Expresso Nitro(627527309)#0' 3-max (real money) Seat #1 is the button
Seat 1: &Flav& (690)
Seat 3: _SKR (210)
*** ANTE/BLINDS ***
&Flav& posts small blind 20
_SKR posts big blind 40
Dealt to _SKR [Qc Kd]
*** PRE-FLOP *** 
&Flav& calls 20
_SKR raises 170 to 210 and is all-in
&Flav& calls 170
*** FLOP *** [3s 9h 2s]
*** TURN *** [3s 9h 2s][7h]
*** RIVER *** [3s 9h 2s 7h][Jc]
*** SHOW DOWN ***
&Flav& shows [4d Qd] (High card : Queen)
_SKR shows [Qc Kd] (High card : King)
_SKR collected 420 from pot
*** SUMMARY ***
Total pot 420 | No rake
Board: [3s 9h 2s 7h Jc]
Seat 1: &Flav& (small blind) (button) showed [4d Qd] and lost with High card : Queen
Seat 3: _SKR (big blind) showed [Qc Kd] and won 420 with High card : King


Winamax Poker - Tournament "Expresso Nitro" buyIn: 1.86€ + 0.14€ level: 3 - HandId: #2695209269501886465-12-1675000222 - Holdem no limit (20/40) - 2023/01/29 13:50:22 UTC
Table: 'Expresso Nitro(627527309)#0' 3-max (real money) Seat #3 is the button
Seat 1: &Flav& (480)
Seat 3: _SKR (420)
*** ANTE/BLINDS ***
_SKR posts small blind 20
&Flav& posts big blind 40
Dealt to _SKR [Th 6c]
*** PRE-FLOP *** 
_SKR folds
&Flav& collected 60 from pot
*** SUMMARY ***
Total pot 60 | No rake
Seat 1: &Flav& (big blind) won 60


Winamax Poker - Tournament "Expresso Nitro" buyIn: 1.86€ + 0.14€ level: 3 - HandId: #2695209269501886465-13-1675000226 - Holdem no limit (20/40) - 2023/01/29 13:50:26 UTC
Table: 'Expresso Nitro(627527309)#0' 3-max (real money) Seat #1 is the button
Seat 1: &Flav& (500)
Seat 3: _SKR (400)
*** ANTE/BLINDS ***
&Flav& posts small blind 20
_SKR posts big blind 40
Dealt to _SKR [Kc 9d]
*** PRE-FLOP *** 
&Flav& folds
_SKR collected 60 from pot
*** SUMMARY ***
Total pot 60 | No rake
Seat 3: _SKR (big blind) won 60


Winamax Poker - Tournament "Expresso Nitro" buyIn: 1.86€ + 0.14€ level: 4 - HandId: #2695209269501886465-14-1675000231 - Holdem no limit (30/60) - 2023/01/29 13:50:31 UTC
Table: 'Expresso Nitro(627527309)#0' 3-max (real money) Seat #3 is the button
Seat 1: &Flav& (480)
Seat 3: _SKR (420)
*** ANTE/BLINDS ***
_SKR posts small blind 30
&Flav& posts big blind 60
Dealt to _SKR [Ts Qd]
*** PRE-FLOP *** 
_SKR raises 360 to 420 and is all-in
&Flav& calls 360
*** FLOP *** [4h As 3h]
*** TURN *** [4h As 3h][Jh]
*** RIVER *** [4h As 3h Jh][4d]
*** SHOW DOWN ***
&Flav& shows [9d 6d] (One pair : 4)
_SKR shows [Ts Qd] (One pair : 4)
_SKR collected 840 from pot
*** SUMMARY ***
Total pot 840 | No rake
Board: [4h As 3h Jh 4d]
Seat 1: &Flav& (big blind) showed [9d 6d] and lost with One pair : 4
Seat 3: _SKR (small blind) (button) showed [Ts Qd] and won 840 with One pair : 4


Winamax Poker - Tournament "Expresso Nitro" buyIn: 1.86€ + 0.14€ level: 4 - HandId: #2695209269501886465-15-1675000252 - Holdem no limit (30/60) - 2023/01/29 13:50:52 UTC
Table: 'Expresso Nitro(627527309)#0' 3-max (real money) Seat #1 is the button
Seat 1: &Flav& (60)
Seat 3: _SKR (840)
*** ANTE/BLINDS ***
&Flav& posts small blind 30
_SKR posts big blind 60
Dealt to _SKR [5h Jc]
*** PRE-FLOP *** 
&Flav& calls 30 and is all-in
*** FLOP *** [Ts 5c Qd]
*** TURN *** [Ts 5c Qd][5d]
*** RIVER *** [Ts 5c Qd 5d][2h]
*** SHOW DOWN ***
&Flav& shows [6h Qs] (Two pairs : Queens and 5)
_SKR shows [5h Jc] (Trips of 5)
_SKR collected 120 from pot
*** SUMMARY ***
Total pot 120 | No rake
Board: [Ts 5c Qd 5d 2h]
Seat 1: &Flav& (small blind) (button) showed [6h Qs] and lost with Two pairs : Queens and 5
Seat 3: _SKR (big blind) showed [5h Jc] and won 120 with Trips of 5


