Winamax Poker - Tournament "Expresso Nitro" buyIn: 0.93€ + 0.07€ level: 1 - HandId: #2689866111142330369-1-1674656545 - Holdem no limit (10/20) - 2023/01/25 14:22:25 UTC
Table: 'Expresso Nitro(626283258)#0' 3-max (real money) Seat #2 is the button
Seat 1: _SKR (300)
Seat 2: IamAAnarKist (300)
Seat 3: Munky 62 (300)
*** ANTE/BLINDS ***
Munky 62 posts small blind 10
_SKR posts big blind 20
Dealt to _SKR [Td Th]
*** PRE-FLOP *** 
IamAAnarKist folds
Munky 62 folds
_SKR collected 30 from pot
*** SUMMARY ***
Total pot 30 | No rake
Seat 1: _SKR (big blind) won 30


Winamax Poker - Tournament "Expresso Nitro" buyIn: 0.93€ + 0.07€ level: 1 - HandId: #2689866111142330369-2-1674656548 - Holdem no limit (10/20) - 2023/01/25 14:22:28 UTC
Table: 'Expresso Nitro(626283258)#0' 3-max (real money) Seat #3 is the button
Seat 1: _SKR (310)
Seat 2: IamAAnarKist (300)
Seat 3: Munky 62 (290)
*** ANTE/BLINDS ***
_SKR posts small blind 10
IamAAnarKist posts big blind 20
Dealt to _SKR [6h 3h]
*** PRE-FLOP *** 
Munky 62 folds
_SKR folds
IamAAnarKist collected 30 from pot
*** SUMMARY ***
Total pot 30 | No rake
Seat 2: IamAAnarKist (big blind) won 30


Winamax Poker - Tournament "Expresso Nitro" buyIn: 0.93€ + 0.07€ level: 1 - HandId: #2689866111142330369-3-1674656554 - Holdem no limit (10/20) - 2023/01/25 14:22:34 UTC
Table: 'Expresso Nitro(626283258)#0' 3-max (real money) Seat #1 is the button
Seat 1: _SKR (300)
Seat 2: IamAAnarKist (310)
Seat 3: Munky 62 (290)
*** ANTE/BLINDS ***
IamAAnarKist posts small blind 10
Munky 62 posts big blind 20
Dealt to _SKR [6s 6d]
*** PRE-FLOP *** 
_SKR raises 280 to 300 and is all-in
IamAAnarKist folds
Munky 62 folds
_SKR collected 330 from pot
*** SUMMARY ***
Total pot 330 | No rake
Seat 1: _SKR (button) won 330


Winamax Poker - Tournament "Expresso Nitro" buyIn: 0.93€ + 0.07€ level: 1 - HandId: #2689866111142330369-4-1674656560 - Holdem no limit (10/20) - 2023/01/25 14:22:40 UTC
Table: 'Expresso Nitro(626283258)#0' 3-max (real money) Seat #2 is the button
Seat 1: _SKR (330)
Seat 2: IamAAnarKist (300)
Seat 3: Munky 62 (270)
*** ANTE/BLINDS ***
Munky 62 posts small blind 10
_SKR posts big blind 20
Dealt to _SKR [2c Jh]
*** PRE-FLOP *** 
IamAAnarKist folds
Munky 62 raises 250 to 270 and is all-in
_SKR folds
Munky 62 collected 290 from pot
*** SUMMARY ***
Total pot 290 | No rake
Seat 3: Munky 62 (small blind) won 290


Winamax Poker - Tournament "Expresso Nitro" buyIn: 0.93€ + 0.07€ level: 1 - HandId: #2689866111142330369-5-1674656569 - Holdem no limit (10/20) - 2023/01/25 14:22:49 UTC
Table: 'Expresso Nitro(626283258)#0' 3-max (real money) Seat #3 is the button
Seat 1: _SKR (310)
Seat 2: IamAAnarKist (300)
Seat 3: Munky 62 (290)
*** ANTE/BLINDS ***
_SKR posts small blind 10
IamAAnarKist posts big blind 20
Dealt to _SKR [As Ad]
*** PRE-FLOP *** 
Munky 62 folds
_SKR calls 10
IamAAnarKist raises 280 to 300 and is all-in
_SKR calls 280
*** FLOP *** [Jc 9d 3d]
*** TURN *** [Jc 9d 3d][2s]
*** RIVER *** [Jc 9d 3d 2s][Js]
*** SHOW DOWN ***
IamAAnarKist shows [7d 7c] (Two pairs : Jacks and 7)
_SKR shows [As Ad] (Two pairs : Aces and Jacks)
_SKR collected 600 from pot
*** SUMMARY ***
Total pot 600 | No rake
Board: [Jc 9d 3d 2s Js]
Seat 1: _SKR (small blind) showed [As Ad] and won 600 with Two pairs : Aces and Jacks
Seat 2: IamAAnarKist (big blind) showed [7d 7c] and lost with Two pairs : Jacks and 7


Winamax Poker - Tournament "Expresso Nitro" buyIn: 0.93€ + 0.07€ level: 1 - HandId: #2689866111142330369-6-1674656588 - Holdem no limit (10/20) - 2023/01/25 14:23:08 UTC
Table: 'Expresso Nitro(626283258)#0' 3-max (real money) Seat #3 is the button
Seat 1: _SKR (610)
Seat 3: Munky 62 (290)
*** ANTE/BLINDS ***
Munky 62 posts small blind 10
_SKR posts big blind 20
Dealt to _SKR [3c 3d]
*** PRE-FLOP *** 
Munky 62 raises 270 to 290 and is all-in
_SKR raises 270 to 560
*** FLOP *** [Qs 2c Ac]
*** TURN *** [Qs 2c Ac][7s]
*** RIVER *** [Qs 2c Ac 7s][6s]
*** SHOW DOWN ***
_SKR shows [3c 3d] (One pair : 3)
Munky 62 shows [Ah 4s] (One pair : Aces)
Munky 62 collected 580 from main pot
_SKR collected 270 from side pot 1
*** SUMMARY ***
Total pot 850 | No rake
Board: [Qs 2c Ac 7s 6s]
Seat 1: _SKR (big blind) showed [3c 3d] and won 270 with One pair : 3
Seat 3: Munky 62 (small blind) (button) showed [Ah 4s] and won 580 with One pair : Aces


Winamax Poker - Tournament "Expresso Nitro" buyIn: 0.93€ + 0.07€ level: 1 - HandId: #2689866111142330369-7-1674656599 - Holdem no limit (10/20) - 2023/01/25 14:23:19 UTC
Table: 'Expresso Nitro(626283258)#0' 3-max (real money) Seat #1 is the button
Seat 1: _SKR (320)
Seat 3: Munky 62 (580)
*** ANTE/BLINDS ***
_SKR posts small blind 10
Munky 62 posts big blind 20
Dealt to _SKR [5h Jc]
*** PRE-FLOP *** 
_SKR folds
Munky 62 collected 30 from pot
*** SUMMARY ***
Total pot 30 | No rake
Seat 3: Munky 62 (big blind) won 30


Winamax Poker - Tournament "Expresso Nitro" buyIn: 0.93€ + 0.07€ level: 2 - HandId: #2689866111142330369-8-1674656603 - Holdem no limit (15/30) - 2023/01/25 14:23:23 UTC
Table: 'Expresso Nitro(626283258)#0' 3-max (real money) Seat #3 is the button
Seat 1: _SKR (310)
Seat 3: Munky 62 (590)
*** ANTE/BLINDS ***
Munky 62 posts small blind 15
_SKR posts big blind 30
Dealt to _SKR [Th Jd]
*** PRE-FLOP *** 
Munky 62 folds
_SKR collected 45 from pot
*** SUMMARY ***
Total pot 45 | No rake
Seat 1: _SKR (big blind) won 45


Winamax Poker - Tournament "Expresso Nitro" buyIn: 0.93€ + 0.07€ level: 2 - HandId: #2689866111142330369-9-1674656606 - Holdem no limit (15/30) - 2023/01/25 14:23:26 UTC
Table: 'Expresso Nitro(626283258)#0' 3-max (real money) Seat #1 is the button
Seat 1: _SKR (325)
Seat 3: Munky 62 (575)
*** ANTE/BLINDS ***
_SKR posts small blind 15
Munky 62 posts big blind 30
Dealt to _SKR [7d 5s]
*** PRE-FLOP *** 
_SKR folds
Munky 62 collected 45 from pot
*** SUMMARY ***
Total pot 45 | No rake
Seat 3: Munky 62 (big blind) won 45


Winamax Poker - Tournament "Expresso Nitro" buyIn: 0.93€ + 0.07€ level: 2 - HandId: #2689866111142330369-10-1674656609 - Holdem no limit (15/30) - 2023/01/25 14:23:29 UTC
Table: 'Expresso Nitro(626283258)#0' 3-max (real money) Seat #3 is the button
Seat 1: _SKR (310)
Seat 3: Munky 62 (590)
*** ANTE/BLINDS ***
Munky 62 posts small blind 15
_SKR posts big blind 30
Dealt to _SKR [Ad 3h]
*** PRE-FLOP *** 
Munky 62 folds
_SKR collected 45 from pot
*** SUMMARY ***
Total pot 45 | No rake
Seat 1: _SKR (big blind) won 45


Winamax Poker - Tournament "Expresso Nitro" buyIn: 0.93€ + 0.07€ level: 2 - HandId: #2689866111142330369-11-1674656613 - Holdem no limit (15/30) - 2023/01/25 14:23:33 UTC
Table: 'Expresso Nitro(626283258)#0' 3-max (real money) Seat #1 is the button
Seat 1: _SKR (325)
Seat 3: Munky 62 (575)
*** ANTE/BLINDS ***
_SKR posts small blind 15
Munky 62 posts big blind 30
Dealt to _SKR [7d 8c]
*** PRE-FLOP *** 
_SKR folds
Munky 62 collected 45 from pot
*** SUMMARY ***
Total pot 45 | No rake
Seat 3: Munky 62 (big blind) won 45


Winamax Poker - Tournament "Expresso Nitro" buyIn: 0.93€ + 0.07€ level: 2 - HandId: #2689866111142330369-12-1674656616 - Holdem no limit (15/30) - 2023/01/25 14:23:36 UTC
Table: 'Expresso Nitro(626283258)#0' 3-max (real money) Seat #3 is the button
Seat 1: _SKR (310)
Seat 3: Munky 62 (590)
*** ANTE/BLINDS ***
Munky 62 posts small blind 15
_SKR posts big blind 30
Dealt to _SKR [Kh 2s]
*** PRE-FLOP *** 
Munky 62 calls 15
_SKR checks
*** FLOP *** [Kc Ah 8d]
_SKR checks
Munky 62 checks
*** TURN *** [Kc Ah 8d][Ts]
_SKR checks
Munky 62 checks
*** RIVER *** [Kc Ah 8d Ts][7h]
_SKR bets 30
Munky 62 raises 120 to 150
_SKR calls 120
*** SHOW DOWN ***
_SKR shows [Kh 2s] (One pair : Kings)
Munky 62 shows [9h Jd] (Straight Jack high)
Munky 62 collected 360 from pot
*** SUMMARY ***
Total pot 360 | No rake
Board: [Kc Ah 8d Ts 7h]
Seat 1: _SKR (big blind) showed [Kh 2s] and lost with One pair : Kings
Seat 3: Munky 62 (small blind) (button) showed [9h Jd] and won 360 with Straight Jack high


Winamax Poker - Tournament "Expresso Nitro" buyIn: 0.93€ + 0.07€ level: 3 - HandId: #2689866111142330369-13-1674656664 - Holdem no limit (20/40) - 2023/01/25 14:24:24 UTC
Table: 'Expresso Nitro(626283258)#0' 3-max (real money) Seat #1 is the button
Seat 1: _SKR (130)
Seat 3: Munky 62 (770)
*** ANTE/BLINDS ***
_SKR posts small blind 20
Munky 62 posts big blind 40
Dealt to _SKR [7s Tc]
*** PRE-FLOP *** 
_SKR raises 90 to 130 and is all-in
Munky 62 calls 90
*** FLOP *** [Qs 9c 5c]
*** TURN *** [Qs 9c 5c][9d]
*** RIVER *** [Qs 9c 5c 9d][3s]
*** SHOW DOWN ***
_SKR shows [7s Tc] (One pair : 9)
Munky 62 shows [7c Ah] (One pair : 9)
Munky 62 collected 260 from pot
*** SUMMARY ***
Total pot 260 | No rake
Board: [Qs 9c 5c 9d 3s]
Seat 1: _SKR (small blind) (button) showed [7s Tc] and lost with One pair : 9
Seat 3: Munky 62 (big blind) showed [7c Ah] and won 260 with One pair : 9


