Winamax Poker - Tournament "Expresso Nitro" buyIn: 0.93€ + 0.07€ level: 1 - HandId: #2689874997429665793-1-1674657080 - Holdem no limit (10/20) - 2023/01/25 14:31:20 UTC
Table: 'Expresso Nitro(626285327)#0' 3-max (real money) Seat #1 is the button
Seat 1: Krimo0o (300)
Seat 2: _SKR (300)
Seat 3: Larry Flet (300)
*** ANTE/BLINDS ***
_SKR posts small blind 10
Larry Flet posts big blind 20
Dealt to _SKR [3s 3d]
*** PRE-FLOP *** 
Krimo0o raises 280 to 300 and is all-in
_SKR folds
Larry Flet folds
Krimo0o collected 330 from pot
*** SUMMARY ***
Total pot 330 | No rake
Seat 1: Krimo0o (button) won 330


Winamax Poker - Tournament "Expresso Nitro" buyIn: 0.93€ + 0.07€ level: 1 - HandId: #2689874997429665793-2-1674657092 - Holdem no limit (10/20) - 2023/01/25 14:31:32 UTC
Table: 'Expresso Nitro(626285327)#0' 3-max (real money) Seat #2 is the button
Seat 1: Krimo0o (330)
Seat 2: _SKR (290)
Seat 3: Larry Flet (280)
*** ANTE/BLINDS ***
Larry Flet posts small blind 10
Krimo0o posts big blind 20
Dealt to _SKR [6c Jc]
*** PRE-FLOP *** 
_SKR folds
Larry Flet folds
Krimo0o collected 30 from pot
*** SUMMARY ***
Total pot 30 | No rake
Seat 1: Krimo0o (big blind) won 30


Winamax Poker - Tournament "Expresso Nitro" buyIn: 0.93€ + 0.07€ level: 1 - HandId: #2689874997429665793-3-1674657098 - Holdem no limit (10/20) - 2023/01/25 14:31:38 UTC
Table: 'Expresso Nitro(626285327)#0' 3-max (real money) Seat #3 is the button
Seat 1: Krimo0o (340)
Seat 2: _SKR (290)
Seat 3: Larry Flet (270)
*** ANTE/BLINDS ***
Krimo0o posts small blind 10
_SKR posts big blind 20
Dealt to _SKR [3h Kc]
*** PRE-FLOP *** 
Larry Flet raises 30 to 50
Krimo0o folds
_SKR folds
Larry Flet collected 80 from pot
*** SUMMARY ***
Total pot 80 | No rake
Seat 3: Larry Flet (button) won 80


Winamax Poker - Tournament "Expresso Nitro" buyIn: 0.93€ + 0.07€ level: 1 - HandId: #2689874997429665793-4-1674657108 - Holdem no limit (10/20) - 2023/01/25 14:31:48 UTC
Table: 'Expresso Nitro(626285327)#0' 3-max (real money) Seat #1 is the button
Seat 1: Krimo0o (330)
Seat 2: _SKR (270)
Seat 3: Larry Flet (300)
*** ANTE/BLINDS ***
_SKR posts small blind 10
Larry Flet posts big blind 20
Dealt to _SKR [Kc 8c]
*** PRE-FLOP *** 
Krimo0o folds
_SKR raises 20 to 40
Larry Flet folds
_SKR collected 60 from pot
*** SUMMARY ***
Total pot 60 | No rake
Seat 2: _SKR (small blind) won 60


Winamax Poker - Tournament "Expresso Nitro" buyIn: 0.93€ + 0.07€ level: 1 - HandId: #2689874997429665793-5-1674657117 - Holdem no limit (10/20) - 2023/01/25 14:31:57 UTC
Table: 'Expresso Nitro(626285327)#0' 3-max (real money) Seat #2 is the button
Seat 1: Krimo0o (330)
Seat 2: _SKR (290)
Seat 3: Larry Flet (280)
*** ANTE/BLINDS ***
Larry Flet posts small blind 10
Krimo0o posts big blind 20
Dealt to _SKR [Jd 7h]
*** PRE-FLOP *** 
_SKR folds
Larry Flet folds
Krimo0o collected 30 from pot
*** SUMMARY ***
Total pot 30 | No rake
Seat 1: Krimo0o (big blind) won 30


Winamax Poker - Tournament "Expresso Nitro" buyIn: 0.93€ + 0.07€ level: 1 - HandId: #2689874997429665793-6-1674657124 - Holdem no limit (10/20) - 2023/01/25 14:32:04 UTC
Table: 'Expresso Nitro(626285327)#0' 3-max (real money) Seat #3 is the button
Seat 1: Krimo0o (340)
Seat 2: _SKR (290)
Seat 3: Larry Flet (270)
*** ANTE/BLINDS ***
Krimo0o posts small blind 10
_SKR posts big blind 20
Dealt to _SKR [Qh 8s]
*** PRE-FLOP *** 
Larry Flet folds
Krimo0o calls 10
_SKR checks
*** FLOP *** [4d Th Ah]
Krimo0o checks
_SKR checks
*** TURN *** [4d Th Ah][Jd]
Krimo0o checks
_SKR checks
*** RIVER *** [4d Th Ah Jd][Qc]
Krimo0o checks
_SKR checks
*** SHOW DOWN ***
Krimo0o shows [3d 5s] (High card : Ace)
_SKR shows [Qh 8s] (One pair : Queens)
_SKR collected 40 from pot
*** SUMMARY ***
Total pot 40 | No rake
Board: [4d Th Ah Jd Qc]
Seat 1: Krimo0o (small blind) showed [3d 5s] and lost with High card : Ace
Seat 2: _SKR (big blind) showed [Qh 8s] and won 40 with One pair : Queens


Winamax Poker - Tournament "Expresso Nitro" buyIn: 0.93€ + 0.07€ level: 2 - HandId: #2689874997429665793-7-1674657166 - Holdem no limit (15/30) - 2023/01/25 14:32:46 UTC
Table: 'Expresso Nitro(626285327)#0' 3-max (real money) Seat #1 is the button
Seat 1: Krimo0o (320)
Seat 2: _SKR (310)
Seat 3: Larry Flet (270)
*** ANTE/BLINDS ***
_SKR posts small blind 15
Larry Flet posts big blind 30
Dealt to _SKR [As 6c]
*** PRE-FLOP *** 
Krimo0o folds
_SKR raises 280 to 310 and is all-in
Larry Flet folds
_SKR collected 340 from pot
*** SUMMARY ***
Total pot 340 | No rake
Seat 2: _SKR (small blind) won 340


Winamax Poker - Tournament "Expresso Nitro" buyIn: 0.93€ + 0.07€ level: 2 - HandId: #2689874997429665793-8-1674657178 - Holdem no limit (15/30) - 2023/01/25 14:32:58 UTC
Table: 'Expresso Nitro(626285327)#0' 3-max (real money) Seat #2 is the button
Seat 1: Krimo0o (320)
Seat 2: _SKR (340)
Seat 3: Larry Flet (240)
*** ANTE/BLINDS ***
Larry Flet posts small blind 15
Krimo0o posts big blind 30
Dealt to _SKR [7d Th]
*** PRE-FLOP *** 
_SKR folds
Larry Flet raises 60 to 90
Krimo0o folds
Larry Flet collected 120 from pot
*** SUMMARY ***
Total pot 120 | No rake
Seat 3: Larry Flet (small blind) won 120


Winamax Poker - Tournament "Expresso Nitro" buyIn: 0.93€ + 0.07€ level: 2 - HandId: #2689874997429665793-9-1674657185 - Holdem no limit (15/30) - 2023/01/25 14:33:05 UTC
Table: 'Expresso Nitro(626285327)#0' 3-max (real money) Seat #3 is the button
Seat 1: Krimo0o (290)
Seat 2: _SKR (340)
Seat 3: Larry Flet (270)
*** ANTE/BLINDS ***
Krimo0o posts small blind 15
_SKR posts big blind 30
Dealt to _SKR [Ah 7s]
*** PRE-FLOP *** 
Larry Flet folds
Krimo0o folds
_SKR collected 45 from pot
*** SUMMARY ***
Total pot 45 | No rake
Seat 2: _SKR (big blind) won 45


Winamax Poker - Tournament "Expresso Nitro" buyIn: 0.93€ + 0.07€ level: 3 - HandId: #2689874997429665793-10-1674657196 - Holdem no limit (20/40) - 2023/01/25 14:33:16 UTC
Table: 'Expresso Nitro(626285327)#0' 3-max (real money) Seat #1 is the button
Seat 1: Krimo0o (275)
Seat 2: _SKR (355)
Seat 3: Larry Flet (270)
*** ANTE/BLINDS ***
_SKR posts small blind 20
Larry Flet posts big blind 40
Dealt to _SKR [3c Kh]
*** PRE-FLOP *** 
Krimo0o folds
_SKR folds
Larry Flet collected 60 from pot
*** SUMMARY ***
Total pot 60 | No rake
Seat 3: Larry Flet (big blind) won 60


Winamax Poker - Tournament "Expresso Nitro" buyIn: 0.93€ + 0.07€ level: 3 - HandId: #2689874997429665793-11-1674657203 - Holdem no limit (20/40) - 2023/01/25 14:33:23 UTC
Table: 'Expresso Nitro(626285327)#0' 3-max (real money) Seat #2 is the button
Seat 1: Krimo0o (275)
Seat 2: _SKR (335)
Seat 3: Larry Flet (290)
*** ANTE/BLINDS ***
Larry Flet posts small blind 20
Krimo0o posts big blind 40
Dealt to _SKR [2c 4d]
*** PRE-FLOP *** 
_SKR folds
Larry Flet folds
Krimo0o collected 60 from pot
*** SUMMARY ***
Total pot 60 | No rake
Seat 1: Krimo0o (big blind) won 60


Winamax Poker - Tournament "Expresso Nitro" buyIn: 0.93€ + 0.07€ level: 3 - HandId: #2689874997429665793-12-1674657209 - Holdem no limit (20/40) - 2023/01/25 14:33:29 UTC
Table: 'Expresso Nitro(626285327)#0' 3-max (real money) Seat #3 is the button
Seat 1: Krimo0o (295)
Seat 2: _SKR (335)
Seat 3: Larry Flet (270)
*** ANTE/BLINDS ***
Krimo0o posts small blind 20
_SKR posts big blind 40
Dealt to _SKR [Qc 4h]
*** PRE-FLOP *** 
Larry Flet folds
Krimo0o calls 20
_SKR checks
*** FLOP *** [Td As 3c]
Krimo0o checks
_SKR checks
*** TURN *** [Td As 3c][8s]
Krimo0o checks
_SKR checks
*** RIVER *** [Td As 3c 8s][Qh]
Krimo0o checks
_SKR bets 52
Krimo0o folds
_SKR collected 132 from pot
*** SUMMARY ***
Total pot 132 | No rake
Board: [Td As 3c 8s Qh]
Seat 2: _SKR (big blind) won 132


Winamax Poker - Tournament "Expresso Nitro" buyIn: 0.93€ + 0.07€ level: 3 - HandId: #2689874997429665793-13-1674657238 - Holdem no limit (20/40) - 2023/01/25 14:33:58 UTC
Table: 'Expresso Nitro(626285327)#0' 3-max (real money) Seat #1 is the button
Seat 1: Krimo0o (255)
Seat 2: _SKR (375)
Seat 3: Larry Flet (270)
*** ANTE/BLINDS ***
_SKR posts small blind 20
Larry Flet posts big blind 40
Dealt to _SKR [5s 5c]
*** PRE-FLOP *** 
Krimo0o folds
_SKR raises 335 to 375 and is all-in
Larry Flet folds
_SKR collected 415 from pot
*** SUMMARY ***
Total pot 415 | No rake
Seat 2: _SKR (small blind) won 415


Winamax Poker - Tournament "Expresso Nitro" buyIn: 0.93€ + 0.07€ level: 3 - HandId: #2689874997429665793-14-1674657253 - Holdem no limit (20/40) - 2023/01/25 14:34:13 UTC
Table: 'Expresso Nitro(626285327)#0' 3-max (real money) Seat #2 is the button
Seat 1: Krimo0o (255)
Seat 2: _SKR (415)
Seat 3: Larry Flet (230)
*** ANTE/BLINDS ***
Larry Flet posts small blind 20
Krimo0o posts big blind 40
Dealt to _SKR [Jd 8h]
*** PRE-FLOP *** 
_SKR folds
Larry Flet raises 190 to 230 and is all-in
Krimo0o folds
Larry Flet collected 270 from pot
*** SUMMARY ***
Total pot 270 | No rake
Seat 3: Larry Flet (small blind) won 270


Winamax Poker - Tournament "Expresso Nitro" buyIn: 0.93€ + 0.07€ level: 4 - HandId: #2689874997429665793-15-1674657259 - Holdem no limit (30/60) - 2023/01/25 14:34:19 UTC
Table: 'Expresso Nitro(626285327)#0' 3-max (real money) Seat #3 is the button
Seat 1: Krimo0o (215)
Seat 2: _SKR (415)
Seat 3: Larry Flet (270)
*** ANTE/BLINDS ***
Krimo0o posts small blind 30
_SKR posts big blind 60
Dealt to _SKR [Th 3s]
*** PRE-FLOP *** 
Larry Flet raises 210 to 270 and is all-in
Krimo0o folds
_SKR folds
Larry Flet collected 360 from pot
*** SUMMARY ***
Total pot 360 | No rake
Seat 3: Larry Flet (button) won 360


Winamax Poker - Tournament "Expresso Nitro" buyIn: 0.93€ + 0.07€ level: 4 - HandId: #2689874997429665793-16-1674657270 - Holdem no limit (30/60) - 2023/01/25 14:34:30 UTC
Table: 'Expresso Nitro(626285327)#0' 3-max (real money) Seat #1 is the button
Seat 1: Krimo0o (185)
Seat 2: _SKR (355)
Seat 3: Larry Flet (360)
*** ANTE/BLINDS ***
_SKR posts small blind 30
Larry Flet posts big blind 60
Dealt to _SKR [3s 6c]
*** PRE-FLOP *** 
Krimo0o raises 125 to 185 and is all-in
_SKR folds
Larry Flet folds
Krimo0o collected 275 from pot
*** SUMMARY ***
Total pot 275 | No rake
Seat 1: Krimo0o (button) won 275


Winamax Poker - Tournament "Expresso Nitro" buyIn: 0.93€ + 0.07€ level: 4 - HandId: #2689874997429665793-17-1674657278 - Holdem no limit (30/60) - 2023/01/25 14:34:38 UTC
Table: 'Expresso Nitro(626285327)#0' 3-max (real money) Seat #2 is the button
Seat 1: Krimo0o (275)
Seat 2: _SKR (325)
Seat 3: Larry Flet (300)
*** ANTE/BLINDS ***
Larry Flet posts small blind 30
Krimo0o posts big blind 60
Dealt to _SKR [6d Jh]
*** PRE-FLOP *** 
_SKR folds
Larry Flet raises 90 to 150
Krimo0o folds
Larry Flet collected 210 from pot
*** SUMMARY ***
Total pot 210 | No rake
Seat 3: Larry Flet (small blind) won 210


Winamax Poker - Tournament "Expresso Nitro" buyIn: 0.93€ + 0.07€ level: 4 - HandId: #2689874997429665793-18-1674657291 - Holdem no limit (30/60) - 2023/01/25 14:34:51 UTC
Table: 'Expresso Nitro(626285327)#0' 3-max (real money) Seat #3 is the button
Seat 1: Krimo0o (215)
Seat 2: _SKR (325)
Seat 3: Larry Flet (360)
*** ANTE/BLINDS ***
Krimo0o posts small blind 30
_SKR posts big blind 60
Dealt to _SKR [Ks Ts]
*** PRE-FLOP *** 
Larry Flet folds
Krimo0o raises 155 to 215 and is all-in
_SKR calls 155
*** FLOP *** [3c Jh 6c]
*** TURN *** [3c Jh 6c][Kh]
*** RIVER *** [3c Jh 6c Kh][9d]
*** SHOW DOWN ***
Krimo0o shows [8c Qh] (High card : King)
_SKR shows [Ks Ts] (One pair : Kings)
_SKR collected 430 from pot
*** SUMMARY ***
Total pot 430 | No rake
Board: [3c Jh 6c Kh 9d]
Seat 1: Krimo0o (small blind) showed [8c Qh] and lost with High card : King
Seat 2: _SKR (big blind) showed [Ks Ts] and won 430 with One pair : Kings


Winamax Poker - Tournament "Expresso Nitro" buyIn: 0.93€ + 0.07€ level: 4 - HandId: #2689874997429665793-19-1674657308 - Holdem no limit (30/60) - 2023/01/25 14:35:08 UTC
Table: 'Expresso Nitro(626285327)#0' 3-max (real money) Seat #2 is the button
Seat 2: _SKR (540)
Seat 3: Larry Flet (360)
*** ANTE/BLINDS ***
_SKR posts small blind 30
Larry Flet posts big blind 60
Dealt to _SKR [5h Jd]
*** PRE-FLOP *** 
_SKR folds
Larry Flet collected 90 from pot
*** SUMMARY ***
Total pot 90 | No rake
Seat 3: Larry Flet (big blind) won 90


Winamax Poker - Tournament "Expresso Nitro" buyIn: 0.93€ + 0.07€ level: 5 - HandId: #2689874997429665793-20-1674657317 - Holdem no limit (40/80) - 2023/01/25 14:35:17 UTC
Table: 'Expresso Nitro(626285327)#0' 3-max (real money) Seat #3 is the button
Seat 2: _SKR (510)
Seat 3: Larry Flet (390)
*** ANTE/BLINDS ***
Larry Flet posts small blind 40
_SKR posts big blind 80
Dealt to _SKR [7h 5h]
*** PRE-FLOP *** 
Larry Flet raises 80 to 160
_SKR folds
Larry Flet collected 240 from pot
*** SUMMARY ***
Total pot 240 | No rake
Seat 3: Larry Flet (small blind) (button) won 240


Winamax Poker - Tournament "Expresso Nitro" buyIn: 0.93€ + 0.07€ level: 5 - HandId: #2689874997429665793-21-1674657324 - Holdem no limit (40/80) - 2023/01/25 14:35:24 UTC
Table: 'Expresso Nitro(626285327)#0' 3-max (real money) Seat #2 is the button
Seat 2: _SKR (430)
Seat 3: Larry Flet (470)
*** ANTE/BLINDS ***
_SKR posts small blind 40
Larry Flet posts big blind 80
Dealt to _SKR [8s Qd]
*** PRE-FLOP *** 
_SKR raises 350 to 430 and is all-in
Larry Flet folds
_SKR collected 510 from pot
*** SUMMARY ***
Total pot 510 | No rake
Seat 2: _SKR (small blind) (button) won 510


Winamax Poker - Tournament "Expresso Nitro" buyIn: 0.93€ + 0.07€ level: 5 - HandId: #2689874997429665793-22-1674657329 - Holdem no limit (40/80) - 2023/01/25 14:35:29 UTC
Table: 'Expresso Nitro(626285327)#0' 3-max (real money) Seat #3 is the button
Seat 2: _SKR (510)
Seat 3: Larry Flet (390)
*** ANTE/BLINDS ***
Larry Flet posts small blind 40
_SKR posts big blind 80
Dealt to _SKR [Jd Th]
*** PRE-FLOP *** 
Larry Flet folds
_SKR collected 120 from pot
*** SUMMARY ***
Total pot 120 | No rake
Seat 2: _SKR (big blind) won 120


Winamax Poker - Tournament "Expresso Nitro" buyIn: 0.93€ + 0.07€ level: 5 - HandId: #2689874997429665793-23-1674657333 - Holdem no limit (40/80) - 2023/01/25 14:35:33 UTC
Table: 'Expresso Nitro(626285327)#0' 3-max (real money) Seat #2 is the button
Seat 2: _SKR (550)
Seat 3: Larry Flet (350)
*** ANTE/BLINDS ***
_SKR posts small blind 40
Larry Flet posts big blind 80
Dealt to _SKR [7c 4c]
*** PRE-FLOP *** 
_SKR folds
Larry Flet collected 120 from pot
*** SUMMARY ***
Total pot 120 | No rake
Seat 3: Larry Flet (big blind) won 120


Winamax Poker - Tournament "Expresso Nitro" buyIn: 0.93€ + 0.07€ level: 5 - HandId: #2689874997429665793-24-1674657338 - Holdem no limit (40/80) - 2023/01/25 14:35:38 UTC
Table: 'Expresso Nitro(626285327)#0' 3-max (real money) Seat #3 is the button
Seat 2: _SKR (510)
Seat 3: Larry Flet (390)
*** ANTE/BLINDS ***
Larry Flet posts small blind 40
_SKR posts big blind 80
Dealt to _SKR [As Ac]
*** PRE-FLOP *** 
Larry Flet folds
_SKR collected 120 from pot
*** SUMMARY ***
Total pot 120 | No rake
Seat 2: _SKR (big blind) won 120


Winamax Poker - Tournament "Expresso Nitro" buyIn: 0.93€ + 0.07€ level: 5 - HandId: #2689874997429665793-25-1674657342 - Holdem no limit (40/80) - 2023/01/25 14:35:42 UTC
Table: 'Expresso Nitro(626285327)#0' 3-max (real money) Seat #2 is the button
Seat 2: _SKR (550)
Seat 3: Larry Flet (350)
*** ANTE/BLINDS ***
_SKR posts small blind 40
Larry Flet posts big blind 80
Dealt to _SKR [Jd Ac]
*** PRE-FLOP *** 
_SKR raises 470 to 550 and is all-in
Larry Flet calls 270 and is all-in
*** FLOP *** [9d 7s Ad]
*** TURN *** [9d 7s Ad][4d]
*** RIVER *** [9d 7s Ad 4d][Kc]
*** SHOW DOWN ***
Larry Flet shows [5c Ah] (One pair : Aces)
_SKR shows [Jd Ac] (One pair : Aces)
_SKR collected 900 from pot
*** SUMMARY ***
Total pot 900 | No rake
Board: [9d 7s Ad 4d Kc]
Seat 2: _SKR (small blind) (button) showed [Jd Ac] and won 900 with One pair : Aces
Seat 3: Larry Flet (big blind) showed [5c Ah] and lost with One pair : Aces


