Winamax Poker - Tournament "Expresso Nitro" buyIn: 1.86€ + 0.14€ level: 1 - HandId: #2698121231558770689-1-1675181633 - Holdem no limit (10/20) - 2023/01/31 16:13:53 UTC
Table: 'Expresso Nitro(628205303)#0' 3-max (real money) Seat #3 is the button
Seat 1: CASTERAN 69 (300)
Seat 2: MrJoyman (300)
Seat 3: _SKR (300)
*** ANTE/BLINDS ***
CASTERAN 69 posts small blind 10
MrJoyman posts big blind 20
Dealt to _SKR [Td 7d]
*** PRE-FLOP *** 
_SKR folds
CASTERAN 69 calls 10
MrJoyman checks
*** FLOP *** [Kh As Ah]
CASTERAN 69 bets 20
MrJoyman folds
CASTERAN 69 collected 60 from pot
*** SUMMARY ***
Total pot 60 | No rake
Board: [Kh As Ah]
Seat 1: CASTERAN 69 (small blind) won 60


Winamax Poker - Tournament "Expresso Nitro" buyIn: 1.86€ + 0.14€ level: 1 - HandId: #2698121231558770689-2-1675181648 - Holdem no limit (10/20) - 2023/01/31 16:14:08 UTC
Table: 'Expresso Nitro(628205303)#0' 3-max (real money) Seat #1 is the button
Seat 1: CASTERAN 69 (320)
Seat 2: MrJoyman (280)
Seat 3: _SKR (300)
*** ANTE/BLINDS ***
MrJoyman posts small blind 10
_SKR posts big blind 20
Dealt to _SKR [7s As]
*** PRE-FLOP *** 
CASTERAN 69 calls 20
MrJoyman raises 260 to 280 and is all-in
_SKR raises 20 to 300 and is all-in
CASTERAN 69 folds
*** FLOP *** [3h 7d 7c]
*** TURN *** [3h 7d 7c][5d]
*** RIVER *** [3h 7d 7c 5d][Js]
*** SHOW DOWN ***
MrJoyman shows [Qc Kc] (One pair : 7)
_SKR shows [7s As] (Trips of 7)
_SKR collected 600 from pot
*** SUMMARY ***
Total pot 600 | No rake
Board: [3h 7d 7c 5d Js]
Seat 2: MrJoyman (small blind) showed [Qc Kc] and lost with One pair : 7
Seat 3: _SKR (big blind) showed [7s As] and won 600 with Trips of 7


Winamax Poker - Tournament "Expresso Nitro" buyIn: 1.86€ + 0.14€ level: 1 - HandId: #2698121231558770689-3-1675181668 - Holdem no limit (10/20) - 2023/01/31 16:14:28 UTC
Table: 'Expresso Nitro(628205303)#0' 3-max (real money) Seat #3 is the button
Seat 1: CASTERAN 69 (300)
Seat 3: _SKR (600)
*** ANTE/BLINDS ***
_SKR posts small blind 10
CASTERAN 69 posts big blind 20
Dealt to _SKR [Kh 9h]
*** PRE-FLOP *** 
_SKR raises 20 to 40
CASTERAN 69 calls 20
*** FLOP *** [2d Ts 3h]
CASTERAN 69 bets 20
_SKR folds
CASTERAN 69 collected 100 from pot
*** SUMMARY ***
Total pot 100 | No rake
Board: [2d Ts 3h]
Seat 1: CASTERAN 69 (big blind) won 100


Winamax Poker - Tournament "Expresso Nitro" buyIn: 1.86€ + 0.14€ level: 1 - HandId: #2698121231558770689-4-1675181680 - Holdem no limit (10/20) - 2023/01/31 16:14:40 UTC
Table: 'Expresso Nitro(628205303)#0' 3-max (real money) Seat #1 is the button
Seat 1: CASTERAN 69 (340)
Seat 3: _SKR (560)
*** ANTE/BLINDS ***
CASTERAN 69 posts small blind 10
_SKR posts big blind 20
Dealt to _SKR [Js Qc]
*** PRE-FLOP *** 
CASTERAN 69 calls 10
_SKR raises 30 to 50
CASTERAN 69 calls 30
*** FLOP *** [6c Ah 8c]
_SKR checks
CASTERAN 69 checks
*** TURN *** [6c Ah 8c][Kc]
_SKR checks
CASTERAN 69 bets 35
_SKR calls 35
*** RIVER *** [6c Ah 8c Kc][As]
_SKR bets 111
CASTERAN 69 raises 144 to 255 and is all-in
_SKR folds
CASTERAN 69 collected 536 from pot
*** SUMMARY ***
Total pot 536 | No rake
Board: [6c Ah 8c Kc As]
Seat 1: CASTERAN 69 (small blind) (button) won 536


Winamax Poker - Tournament "Expresso Nitro" buyIn: 1.86€ + 0.14€ level: 2 - HandId: #2698121231558770689-5-1675181722 - Holdem no limit (15/30) - 2023/01/31 16:15:22 UTC
Table: 'Expresso Nitro(628205303)#0' 3-max (real money) Seat #3 is the button
Seat 1: CASTERAN 69 (536)
Seat 3: _SKR (364)
*** ANTE/BLINDS ***
_SKR posts small blind 15
CASTERAN 69 posts big blind 30
Dealt to _SKR [2c 7h]
*** PRE-FLOP *** 
_SKR folds
CASTERAN 69 collected 45 from pot
*** SUMMARY ***
Total pot 45 | No rake
Seat 1: CASTERAN 69 (big blind) won 45


Winamax Poker - Tournament "Expresso Nitro" buyIn: 1.86€ + 0.14€ level: 2 - HandId: #2698121231558770689-6-1675181727 - Holdem no limit (15/30) - 2023/01/31 16:15:27 UTC
Table: 'Expresso Nitro(628205303)#0' 3-max (real money) Seat #1 is the button
Seat 1: CASTERAN 69 (551)
Seat 3: _SKR (349)
*** ANTE/BLINDS ***
CASTERAN 69 posts small blind 15
_SKR posts big blind 30
Dealt to _SKR [Tc Jc]
*** PRE-FLOP *** 
CASTERAN 69 raises 30 to 60
_SKR calls 30
*** FLOP *** [6s Jh As]
_SKR checks
CASTERAN 69 checks
*** TURN *** [6s Jh As][Jd]
_SKR bets 78
CASTERAN 69 raises 78 to 156
_SKR raises 133 to 289 and is all-in
CASTERAN 69 calls 133
*** RIVER *** [6s Jh As Jd][Ac]
*** SHOW DOWN ***
CASTERAN 69 shows [6c 6d] (Full of 6 and Aces)
_SKR shows [Tc Jc] (Full of Jacks and Aces)
_SKR collected 698 from pot
*** SUMMARY ***
Total pot 698 | No rake
Board: [6s Jh As Jd Ac]
Seat 1: CASTERAN 69 (small blind) (button) showed [6c 6d] and lost with Full of 6 and Aces
Seat 3: _SKR (big blind) showed [Tc Jc] and won 698 with Full of Jacks and Aces


Winamax Poker - Tournament "Expresso Nitro" buyIn: 1.86€ + 0.14€ level: 3 - HandId: #2698121231558770689-7-1675181757 - Holdem no limit (20/40) - 2023/01/31 16:15:57 UTC
Table: 'Expresso Nitro(628205303)#0' 3-max (real money) Seat #3 is the button
Seat 1: CASTERAN 69 (202)
Seat 3: _SKR (698)
*** ANTE/BLINDS ***
_SKR posts small blind 20
CASTERAN 69 posts big blind 40
Dealt to _SKR [9h Td]
*** PRE-FLOP *** 
_SKR raises 658 to 698 and is all-in
CASTERAN 69 folds
_SKR collected 738 from pot
*** SUMMARY ***
Total pot 738 | No rake
Seat 3: _SKR (small blind) (button) won 738


Winamax Poker - Tournament "Expresso Nitro" buyIn: 1.86€ + 0.14€ level: 3 - HandId: #2698121231558770689-8-1675181764 - Holdem no limit (20/40) - 2023/01/31 16:16:04 UTC
Table: 'Expresso Nitro(628205303)#0' 3-max (real money) Seat #1 is the button
Seat 1: CASTERAN 69 (162)
Seat 3: _SKR (738)
*** ANTE/BLINDS ***
CASTERAN 69 posts small blind 20
_SKR posts big blind 40
Dealt to _SKR [Jh Ah]
*** PRE-FLOP *** 
CASTERAN 69 raises 122 to 162 and is all-in
_SKR calls 122
*** FLOP *** [2s 3d Jd]
*** TURN *** [2s 3d Jd][Ks]
*** RIVER *** [2s 3d Jd Ks][Qc]
*** SHOW DOWN ***
_SKR shows [Jh Ah] (One pair : Jacks)
CASTERAN 69 shows [Ac Ad] (One pair : Aces)
CASTERAN 69 collected 324 from pot
*** SUMMARY ***
Total pot 324 | No rake
Board: [2s 3d Jd Ks Qc]
Seat 1: CASTERAN 69 (small blind) (button) showed [Ac Ad] and won 324 with One pair : Aces
Seat 3: _SKR (big blind) showed [Jh Ah] and lost with One pair : Jacks


Winamax Poker - Tournament "Expresso Nitro" buyIn: 1.86€ + 0.14€ level: 3 - HandId: #2698121231558770689-9-1675181777 - Holdem no limit (20/40) - 2023/01/31 16:16:17 UTC
Table: 'Expresso Nitro(628205303)#0' 3-max (real money) Seat #3 is the button
Seat 1: CASTERAN 69 (324)
Seat 3: _SKR (576)
*** ANTE/BLINDS ***
_SKR posts small blind 20
CASTERAN 69 posts big blind 40
Dealt to _SKR [6h 4d]
*** PRE-FLOP *** 
_SKR folds
CASTERAN 69 collected 60 from pot
*** SUMMARY ***
Total pot 60 | No rake
Seat 1: CASTERAN 69 (big blind) won 60


Winamax Poker - Tournament "Expresso Nitro" buyIn: 1.86€ + 0.14€ level: 3 - HandId: #2698121231558770689-10-1675181790 - Holdem no limit (20/40) - 2023/01/31 16:16:30 UTC
Table: 'Expresso Nitro(628205303)#0' 3-max (real money) Seat #1 is the button
Seat 1: CASTERAN 69 (344)
Seat 3: _SKR (556)
*** ANTE/BLINDS ***
CASTERAN 69 posts small blind 20
_SKR posts big blind 40
Dealt to _SKR [6d 5d]
*** PRE-FLOP *** 
CASTERAN 69 calls 20
_SKR checks
*** FLOP *** [Qh 5s Ac]
_SKR checks
CASTERAN 69 bets 40
_SKR calls 40
*** TURN *** [Qh 5s Ac][Td]
_SKR checks
CASTERAN 69 checks
*** RIVER *** [Qh 5s Ac Td][7h]
_SKR checks
CASTERAN 69 checks
*** SHOW DOWN ***
CASTERAN 69 shows [Kd 2h] (High card : Ace)
_SKR shows [6d 5d] (One pair : 5)
_SKR collected 160 from pot
*** SUMMARY ***
Total pot 160 | No rake
Board: [Qh 5s Ac Td 7h]
Seat 1: CASTERAN 69 (small blind) (button) showed [Kd 2h] and lost with High card : Ace
Seat 3: _SKR (big blind) showed [6d 5d] and won 160 with One pair : 5


Winamax Poker - Tournament "Expresso Nitro" buyIn: 1.86€ + 0.14€ level: 4 - HandId: #2698121231558770689-11-1675181834 - Holdem no limit (30/60) - 2023/01/31 16:17:14 UTC
Table: 'Expresso Nitro(628205303)#0' 3-max (real money) Seat #3 is the button
Seat 1: CASTERAN 69 (264)
Seat 3: _SKR (636)
*** ANTE/BLINDS ***
_SKR posts small blind 30
CASTERAN 69 posts big blind 60
Dealt to _SKR [Tc 9h]
*** PRE-FLOP *** 
_SKR raises 576 to 636 and is all-in
CASTERAN 69 folds
_SKR collected 696 from pot
*** SUMMARY ***
Total pot 696 | No rake
Seat 3: _SKR (small blind) (button) won 696


Winamax Poker - Tournament "Expresso Nitro" buyIn: 1.86€ + 0.14€ level: 4 - HandId: #2698121231558770689-12-1675181841 - Holdem no limit (30/60) - 2023/01/31 16:17:21 UTC
Table: 'Expresso Nitro(628205303)#0' 3-max (real money) Seat #1 is the button
Seat 1: CASTERAN 69 (204)
Seat 3: _SKR (696)
*** ANTE/BLINDS ***
CASTERAN 69 posts small blind 30
_SKR posts big blind 60
Dealt to _SKR [Qc Kh]
*** PRE-FLOP *** 
CASTERAN 69 folds
_SKR collected 90 from pot
*** SUMMARY ***
Total pot 90 | No rake
Seat 3: _SKR (big blind) won 90


Winamax Poker - Tournament "Expresso Nitro" buyIn: 1.86€ + 0.14€ level: 4 - HandId: #2698121231558770689-13-1675181846 - Holdem no limit (30/60) - 2023/01/31 16:17:26 UTC
Table: 'Expresso Nitro(628205303)#0' 3-max (real money) Seat #3 is the button
Seat 1: CASTERAN 69 (174)
Seat 3: _SKR (726)
*** ANTE/BLINDS ***
_SKR posts small blind 30
CASTERAN 69 posts big blind 60
Dealt to _SKR [8c 6h]
*** PRE-FLOP *** 
_SKR folds
CASTERAN 69 collected 90 from pot
*** SUMMARY ***
Total pot 90 | No rake
Seat 1: CASTERAN 69 (big blind) won 90


Winamax Poker - Tournament "Expresso Nitro" buyIn: 1.86€ + 0.14€ level: 4 - HandId: #2698121231558770689-14-1675181852 - Holdem no limit (30/60) - 2023/01/31 16:17:32 UTC
Table: 'Expresso Nitro(628205303)#0' 3-max (real money) Seat #1 is the button
Seat 1: CASTERAN 69 (204)
Seat 3: _SKR (696)
*** ANTE/BLINDS ***
CASTERAN 69 posts small blind 30
_SKR posts big blind 60
Dealt to _SKR [4s 2c]
*** PRE-FLOP *** 
CASTERAN 69 raises 144 to 204 and is all-in
_SKR folds
CASTERAN 69 collected 264 from pot
*** SUMMARY ***
Total pot 264 | No rake
Seat 1: CASTERAN 69 (small blind) (button) won 264


Winamax Poker - Tournament "Expresso Nitro" buyIn: 1.86€ + 0.14€ level: 4 - HandId: #2698121231558770689-15-1675181861 - Holdem no limit (30/60) - 2023/01/31 16:17:41 UTC
Table: 'Expresso Nitro(628205303)#0' 3-max (real money) Seat #3 is the button
Seat 1: CASTERAN 69 (264)
Seat 3: _SKR (636)
*** ANTE/BLINDS ***
_SKR posts small blind 30
CASTERAN 69 posts big blind 60
Dealt to _SKR [Qd Kc]
*** PRE-FLOP *** 
_SKR raises 576 to 636 and is all-in
CASTERAN 69 calls 204 and is all-in
*** FLOP *** [9s Kd 2h]
*** TURN *** [9s Kd 2h][Jh]
*** RIVER *** [9s Kd 2h Jh][Ts]
*** SHOW DOWN ***
CASTERAN 69 shows [9d Tc] (Two pairs : Tens and 9)
_SKR shows [Qd Kc] (Straight King high)
_SKR collected 900 from pot
*** SUMMARY ***
Total pot 900 | No rake
Board: [9s Kd 2h Jh Ts]
Seat 1: CASTERAN 69 (big blind) showed [9d Tc] and lost with Two pairs : Tens and 9
Seat 3: _SKR (small blind) (button) showed [Qd Kc] and won 900 with Straight King high


