Winamax Poker - Tournament "Expresso Nitro" buyIn: 0.93€ + 0.07€ level: 1 - HandId: #2690583185997168641-1-1674686790 - Holdem no limit (10/20) - 2023/01/25 22:46:30 UTC
Table: 'Expresso Nitro(626450215)#0' 3-max (real money) Seat #1 is the button
Seat 1: raptor1206 (300)
Seat 2: _SKR (300)
Seat 3: stuCCungar (300)
*** ANTE/BLINDS ***
_SKR posts small blind 10
stuCCungar posts big blind 20
Dealt to _SKR [9s Ac]
*** PRE-FLOP *** 
raptor1206 raises 280 to 300 and is all-in
_SKR folds
stuCCungar folds
raptor1206 collected 330 from pot
*** SUMMARY ***
Total pot 330 | No rake
Seat 1: raptor1206 (button) won 330


Winamax Poker - Tournament "Expresso Nitro" buyIn: 0.93€ + 0.07€ level: 1 - HandId: #2690583185997168641-2-1674686801 - Holdem no limit (10/20) - 2023/01/25 22:46:41 UTC
Table: 'Expresso Nitro(626450215)#0' 3-max (real money) Seat #2 is the button
Seat 1: raptor1206 (330)
Seat 2: _SKR (290)
Seat 3: stuCCungar (280)
*** ANTE/BLINDS ***
stuCCungar posts small blind 10
raptor1206 posts big blind 20
Dealt to _SKR [4h Td]
*** PRE-FLOP *** 
_SKR folds
stuCCungar folds
raptor1206 collected 30 from pot
*** SUMMARY ***
Total pot 30 | No rake
Seat 1: raptor1206 (big blind) won 30


Winamax Poker - Tournament "Expresso Nitro" buyIn: 0.93€ + 0.07€ level: 1 - HandId: #2690583185997168641-3-1674686807 - Holdem no limit (10/20) - 2023/01/25 22:46:47 UTC
Table: 'Expresso Nitro(626450215)#0' 3-max (real money) Seat #3 is the button
Seat 1: raptor1206 (340)
Seat 2: _SKR (290)
Seat 3: stuCCungar (270)
*** ANTE/BLINDS ***
raptor1206 posts small blind 10
_SKR posts big blind 20
Dealt to _SKR [Th 2h]
*** PRE-FLOP *** 
stuCCungar folds
raptor1206 raises 320 to 340 and is all-in
_SKR folds
raptor1206 collected 360 from pot
*** SUMMARY ***
Total pot 360 | No rake
Seat 1: raptor1206 (small blind) won 360


Winamax Poker - Tournament "Expresso Nitro" buyIn: 0.93€ + 0.07€ level: 1 - HandId: #2690583185997168641-4-1674686815 - Holdem no limit (10/20) - 2023/01/25 22:46:55 UTC
Table: 'Expresso Nitro(626450215)#0' 3-max (real money) Seat #1 is the button
Seat 1: raptor1206 (360)
Seat 2: _SKR (270)
Seat 3: stuCCungar (270)
*** ANTE/BLINDS ***
_SKR posts small blind 10
stuCCungar posts big blind 20
Dealt to _SKR [7h 3d]
*** PRE-FLOP *** 
raptor1206 raises 340 to 360 and is all-in
_SKR folds
stuCCungar folds
raptor1206 collected 390 from pot
*** SUMMARY ***
Total pot 390 | No rake
Seat 1: raptor1206 (button) won 390


Winamax Poker - Tournament "Expresso Nitro" buyIn: 0.93€ + 0.07€ level: 1 - HandId: #2690583185997168641-5-1674686821 - Holdem no limit (10/20) - 2023/01/25 22:47:01 UTC
Table: 'Expresso Nitro(626450215)#0' 3-max (real money) Seat #2 is the button
Seat 1: raptor1206 (390)
Seat 2: _SKR (260)
Seat 3: stuCCungar (250)
*** ANTE/BLINDS ***
stuCCungar posts small blind 10
raptor1206 posts big blind 20
Dealt to _SKR [9s 8d]
*** PRE-FLOP *** 
_SKR folds
stuCCungar folds
raptor1206 collected 30 from pot
*** SUMMARY ***
Total pot 30 | No rake
Seat 1: raptor1206 (big blind) won 30


Winamax Poker - Tournament "Expresso Nitro" buyIn: 0.93€ + 0.07€ level: 1 - HandId: #2690583185997168641-6-1674686832 - Holdem no limit (10/20) - 2023/01/25 22:47:12 UTC
Table: 'Expresso Nitro(626450215)#0' 3-max (real money) Seat #3 is the button
Seat 1: raptor1206 (400)
Seat 2: _SKR (260)
Seat 3: stuCCungar (240)
*** ANTE/BLINDS ***
raptor1206 posts small blind 10
_SKR posts big blind 20
Dealt to _SKR [Ts As]
*** PRE-FLOP *** 
stuCCungar folds
raptor1206 raises 380 to 400 and is all-in
_SKR calls 240 and is all-in
*** FLOP *** [8h 2h 4d]
*** TURN *** [8h 2h 4d][3d]
*** RIVER *** [8h 2h 4d 3d][Jd]
*** SHOW DOWN ***
raptor1206 shows [9h Tc] (High card : Jack)
_SKR shows [Ts As] (High card : Ace)
_SKR collected 520 from main pot
raptor1206 collected 140 from side pot 1
*** SUMMARY ***
Total pot 660 | No rake
Board: [8h 2h 4d 3d Jd]
Seat 1: raptor1206 (small blind) showed [9h Tc] and won 140 with High card : Jack
Seat 2: _SKR (big blind) showed [Ts As] and won 520 with High card : Ace


Winamax Poker - Tournament "Expresso Nitro" buyIn: 0.93€ + 0.07€ level: 2 - HandId: #2690583185997168641-7-1674686855 - Holdem no limit (15/30) - 2023/01/25 22:47:35 UTC
Table: 'Expresso Nitro(626450215)#0' 3-max (real money) Seat #1 is the button
Seat 1: raptor1206 (140)
Seat 2: _SKR (520)
Seat 3: stuCCungar (240)
*** ANTE/BLINDS ***
_SKR posts small blind 15
stuCCungar posts big blind 30
Dealt to _SKR [9d 6h]
*** PRE-FLOP *** 
raptor1206 raises 110 to 140 and is all-in
_SKR folds
stuCCungar folds
raptor1206 collected 185 from pot
*** SUMMARY ***
Total pot 185 | No rake
Seat 1: raptor1206 (button) won 185


Winamax Poker - Tournament "Expresso Nitro" buyIn: 0.93€ + 0.07€ level: 2 - HandId: #2690583185997168641-8-1674686861 - Holdem no limit (15/30) - 2023/01/25 22:47:41 UTC
Table: 'Expresso Nitro(626450215)#0' 3-max (real money) Seat #2 is the button
Seat 1: raptor1206 (185)
Seat 2: _SKR (505)
Seat 3: stuCCungar (210)
*** ANTE/BLINDS ***
stuCCungar posts small blind 15
raptor1206 posts big blind 30
Dealt to _SKR [2d 2s]
*** PRE-FLOP *** 
_SKR raises 475 to 505 and is all-in
stuCCungar folds
raptor1206 calls 155 and is all-in
*** FLOP *** [3h Kh Kd]
*** TURN *** [3h Kh Kd][8d]
*** RIVER *** [3h Kh Kd 8d][4d]
*** SHOW DOWN ***
raptor1206 shows [4s Qs] (Two pairs : Kings and 4)
_SKR shows [2d 2s] (Two pairs : Kings and 2)
_SKR collected 320 from side pot 1
raptor1206 collected 385 from main pot
*** SUMMARY ***
Total pot 705 | No rake
Board: [3h Kh Kd 8d 4d]
Seat 1: raptor1206 (big blind) showed [4s Qs] and won 385 with Two pairs : Kings and 4
Seat 2: _SKR (button) showed [2d 2s] and won 320 with Two pairs : Kings and 2


Winamax Poker - Tournament "Expresso Nitro" buyIn: 0.93€ + 0.07€ level: 2 - HandId: #2690583185997168641-9-1674686876 - Holdem no limit (15/30) - 2023/01/25 22:47:56 UTC
Table: 'Expresso Nitro(626450215)#0' 3-max (real money) Seat #3 is the button
Seat 1: raptor1206 (385)
Seat 2: _SKR (320)
Seat 3: stuCCungar (195)
*** ANTE/BLINDS ***
raptor1206 posts small blind 15
_SKR posts big blind 30
Dealt to _SKR [4h 2d]
*** PRE-FLOP *** 
stuCCungar raises 165 to 195 and is all-in
raptor1206 raises 190 to 385 and is all-in
_SKR folds
*** FLOP *** [Ah 2c 3c]
*** TURN *** [Ah 2c 3c][7d]
*** RIVER *** [Ah 2c 3c 7d][6c]
*** SHOW DOWN ***
raptor1206 shows [5s Qc] (High card : Ace)
stuCCungar shows [Ks Ad] (One pair : Aces)
stuCCungar collected 420 from main pot
raptor1206 collected 190 from side pot 1
*** SUMMARY ***
Total pot 610 | No rake
Board: [Ah 2c 3c 7d 6c]
Seat 1: raptor1206 (small blind) showed [5s Qc] and won 190 with High card : Ace
Seat 3: stuCCungar (button) showed [Ks Ad] and won 420 with One pair : Aces


Winamax Poker - Tournament "Expresso Nitro" buyIn: 0.93€ + 0.07€ level: 2 - HandId: #2690583185997168641-10-1674686891 - Holdem no limit (15/30) - 2023/01/25 22:48:11 UTC
Table: 'Expresso Nitro(626450215)#0' 3-max (real money) Seat #1 is the button
Seat 1: raptor1206 (190)
Seat 2: _SKR (290)
Seat 3: stuCCungar (420)
*** ANTE/BLINDS ***
_SKR posts small blind 15
stuCCungar posts big blind 30
Dealt to _SKR [2h Jh]
*** PRE-FLOP *** 
raptor1206 raises 160 to 190 and is all-in
_SKR folds
stuCCungar calls 160
*** FLOP *** [6d Ah 6h]
*** TURN *** [6d Ah 6h][Js]
*** RIVER *** [6d Ah 6h Js][Td]
*** SHOW DOWN ***
stuCCungar shows [9d Jd] (Two pairs : Jacks and 6)
raptor1206 shows [Ac Qs] (Two pairs : Aces and 6)
raptor1206 collected 395 from pot
*** SUMMARY ***
Total pot 395 | No rake
Board: [6d Ah 6h Js Td]
Seat 1: raptor1206 (button) showed [Ac Qs] and won 395 with Two pairs : Aces and 6
Seat 3: stuCCungar (big blind) showed [9d Jd] and lost with Two pairs : Jacks and 6


Winamax Poker - Tournament "Expresso Nitro" buyIn: 0.93€ + 0.07€ level: 3 - HandId: #2690583185997168641-11-1674686907 - Holdem no limit (20/40) - 2023/01/25 22:48:27 UTC
Table: 'Expresso Nitro(626450215)#0' 3-max (real money) Seat #2 is the button
Seat 1: raptor1206 (395)
Seat 2: _SKR (275)
Seat 3: stuCCungar (230)
*** ANTE/BLINDS ***
stuCCungar posts small blind 20
raptor1206 posts big blind 40
Dealt to _SKR [Qh 7c]
*** PRE-FLOP *** 
_SKR folds
stuCCungar raises 190 to 230 and is all-in
raptor1206 raises 165 to 395 and is all-in
*** FLOP *** [3c 3d Ah]
*** TURN *** [3c 3d Ah][5d]
*** RIVER *** [3c 3d Ah 5d][Ks]
*** SHOW DOWN ***
stuCCungar shows [7h 9h] (One pair : 3)
raptor1206 shows [5c 6d] (Two pairs : 5 and 3)
raptor1206 collected 625 from pot
*** SUMMARY ***
Total pot 625 | No rake
Board: [3c 3d Ah 5d Ks]
Seat 1: raptor1206 (big blind) showed [5c 6d] and won 625 with Two pairs : 5 and 3
Seat 3: stuCCungar (small blind) showed [7h 9h] and lost with One pair : 3


Winamax Poker - Tournament "Expresso Nitro" buyIn: 0.93€ + 0.07€ level: 3 - HandId: #2690583185997168641-12-1674686931 - Holdem no limit (20/40) - 2023/01/25 22:48:51 UTC
Table: 'Expresso Nitro(626450215)#0' 3-max (real money) Seat #1 is the button
Seat 1: raptor1206 (625)
Seat 2: _SKR (275)
*** ANTE/BLINDS ***
raptor1206 posts small blind 20
_SKR posts big blind 40
Dealt to _SKR [2h Kd]
*** PRE-FLOP *** 
raptor1206 raises 585 to 625 and is all-in
_SKR folds
raptor1206 collected 665 from pot
*** SUMMARY ***
Total pot 665 | No rake
Seat 1: raptor1206 (small blind) (button) won 665


Winamax Poker - Tournament "Expresso Nitro" buyIn: 0.93€ + 0.07€ level: 3 - HandId: #2690583185997168641-13-1674686935 - Holdem no limit (20/40) - 2023/01/25 22:48:55 UTC
Table: 'Expresso Nitro(626450215)#0' 3-max (real money) Seat #2 is the button
Seat 1: raptor1206 (665)
Seat 2: _SKR (235)
*** ANTE/BLINDS ***
_SKR posts small blind 20
raptor1206 posts big blind 40
Dealt to _SKR [Ts Js]
*** PRE-FLOP *** 
_SKR raises 195 to 235 and is all-in
raptor1206 raises 430 to 665 and is all-in
*** FLOP *** [Qs Tc 8c]
*** TURN *** [Qs Tc 8c][5h]
*** RIVER *** [Qs Tc 8c 5h][Td]
*** SHOW DOWN ***
raptor1206 shows [Qc Ks] (Two pairs : Queens and Tens)
_SKR shows [Ts Js] (Trips of Tens)
_SKR collected 470 from main pot
raptor1206 collected 430 from side pot 1
*** SUMMARY ***
Total pot 900 | No rake
Board: [Qs Tc 8c 5h Td]
Seat 1: raptor1206 (big blind) showed [Qc Ks] and won 430 with Two pairs : Queens and Tens
Seat 2: _SKR (small blind) (button) showed [Ts Js] and won 470 with Trips of Tens


Winamax Poker - Tournament "Expresso Nitro" buyIn: 0.93€ + 0.07€ level: 3 - HandId: #2690583185997168641-14-1674686946 - Holdem no limit (20/40) - 2023/01/25 22:49:06 UTC
Table: 'Expresso Nitro(626450215)#0' 3-max (real money) Seat #1 is the button
Seat 1: raptor1206 (430)
Seat 2: _SKR (470)
*** ANTE/BLINDS ***
raptor1206 posts small blind 20
_SKR posts big blind 40
Dealt to _SKR [Ac Ks]
*** PRE-FLOP *** 
raptor1206 raises 390 to 430 and is all-in
_SKR calls 390
*** FLOP *** [Qd 5s As]
*** TURN *** [Qd 5s As][Td]
*** RIVER *** [Qd 5s As Td][4s]
*** SHOW DOWN ***
raptor1206 shows [Ts 9h] (One pair : Tens)
_SKR shows [Ac Ks] (One pair : Aces)
_SKR collected 860 from pot
*** SUMMARY ***
Total pot 860 | No rake
Board: [Qd 5s As Td 4s]
Seat 1: raptor1206 (small blind) (button) showed [Ts 9h] and lost with One pair : Tens
Seat 2: _SKR (big blind) showed [Ac Ks] and won 860 with One pair : Aces


