Winamax Poker - Tournament "Expresso Nitro" buyIn: 0.93€ + 0.07€ level: 1 - HandId: #2671038018193719297-1-1673527898 - Holdem no limit (10/20) - 2023/01/12 12:51:38 UTC
Table: 'Expresso Nitro(621899501)#0' 3-max (real money) Seat #2 is the button
Seat 1: -Lisenn- (300)
Seat 2: WiinAArnAK (300)
Seat 3: _SKR (300)
*** ANTE/BLINDS ***
_SKR posts small blind 10
-Lisenn- posts big blind 20
Dealt to _SKR [Th 7s]
*** PRE-FLOP *** 
WiinAArnAK calls 20
_SKR folds
-Lisenn- checks
*** FLOP *** [5d 4h Jd]
-Lisenn- checks
WiinAArnAK checks
*** TURN *** [5d 4h Jd][Ad]
-Lisenn- bets 33
WiinAArnAK calls 33
*** RIVER *** [5d 4h Jd Ad][Tc]
-Lisenn- checks
WiinAArnAK checks
*** SHOW DOWN ***
-Lisenn- shows [3d Qh] (High card : Ace)
WiinAArnAK shows [Qd 9s] (High card : Ace)
WiinAArnAK collected 116 from pot
*** SUMMARY ***
Total pot 116 | No rake
Board: [5d 4h Jd Ad Tc]
Seat 1: -Lisenn- (big blind) showed [3d Qh] and lost with High card : Ace
Seat 2: WiinAArnAK (button) showed [Qd 9s] and won 116 with High card : Ace


Winamax Poker - Tournament "Expresso Nitro" buyIn: 0.93€ + 0.07€ level: 1 - HandId: #2671038018193719297-2-1673527932 - Holdem no limit (10/20) - 2023/01/12 12:52:12 UTC
Table: 'Expresso Nitro(621899501)#0' 3-max (real money) Seat #3 is the button
Seat 1: -Lisenn- (247)
Seat 2: WiinAArnAK (363)
Seat 3: _SKR (290)
*** ANTE/BLINDS ***
-Lisenn- posts small blind 10
WiinAArnAK posts big blind 20
Dealt to _SKR [5d As]
*** PRE-FLOP *** 
_SKR raises 270 to 290 and is all-in
-Lisenn- calls 237 and is all-in
WiinAArnAK folds
*** FLOP *** [9h Qs Kh]
*** TURN *** [9h Qs Kh][Kd]
*** RIVER *** [9h Qs Kh Kd][9c]
*** SHOW DOWN ***
-Lisenn- shows [4s Ad] (Two pairs : Kings and 9)
_SKR shows [5d As] (Two pairs : Kings and 9)
_SKR collected 300 from side pot 1
-Lisenn- collected 257 from main pot
*** SUMMARY ***
Total pot 557 | No rake
Board: [9h Qs Kh Kd 9c]
Seat 1: -Lisenn- (small blind) showed [4s Ad] and won 257 with Two pairs : Kings and 9
Seat 3: _SKR (button) showed [5d As] and won 300 with Two pairs : Kings and 9


Winamax Poker - Tournament "Expresso Nitro" buyIn: 0.93€ + 0.07€ level: 1 - HandId: #2671038018193719297-3-1673527947 - Holdem no limit (10/20) - 2023/01/12 12:52:27 UTC
Table: 'Expresso Nitro(621899501)#0' 3-max (real money) Seat #1 is the button
Seat 1: -Lisenn- (257)
Seat 2: WiinAArnAK (343)
Seat 3: _SKR (300)
*** ANTE/BLINDS ***
WiinAArnAK posts small blind 10
_SKR posts big blind 20
Dealt to _SKR [Qh 8s]
*** PRE-FLOP *** 
-Lisenn- raises 50 to 70
WiinAArnAK folds
_SKR folds
-Lisenn- collected 100 from pot
*** SUMMARY ***
Total pot 100 | No rake
Seat 1: -Lisenn- (button) won 100


Winamax Poker - Tournament "Expresso Nitro" buyIn: 0.93€ + 0.07€ level: 2 - HandId: #2671038018193719297-4-1673527954 - Holdem no limit (15/30) - 2023/01/12 12:52:34 UTC
Table: 'Expresso Nitro(621899501)#0' 3-max (real money) Seat #2 is the button
Seat 1: -Lisenn- (287)
Seat 2: WiinAArnAK (333)
Seat 3: _SKR (280)
*** ANTE/BLINDS ***
_SKR posts small blind 15
-Lisenn- posts big blind 30
Dealt to _SKR [6c 5c]
*** PRE-FLOP *** 
WiinAArnAK folds
_SKR calls 15
-Lisenn- checks
*** FLOP *** [2d Qh Jd]
_SKR checks
-Lisenn- checks
*** TURN *** [2d Qh Jd][4d]
_SKR checks
-Lisenn- checks
*** RIVER *** [2d Qh Jd 4d][9c]
_SKR bets 48
-Lisenn- calls 48
*** SHOW DOWN ***
_SKR shows [6c 5c] (High card : Queen)
-Lisenn- shows [9s 3h] (One pair : 9)
-Lisenn- collected 156 from pot
*** SUMMARY ***
Total pot 156 | No rake
Board: [2d Qh Jd 4d 9c]
Seat 1: -Lisenn- (big blind) showed [9s 3h] and won 156 with One pair : 9
Seat 3: _SKR (small blind) showed [6c 5c] and lost with High card : Queen


Winamax Poker - Tournament "Expresso Nitro" buyIn: 0.93€ + 0.07€ level: 2 - HandId: #2671038018193719297-5-1673527980 - Holdem no limit (15/30) - 2023/01/12 12:53:00 UTC
Table: 'Expresso Nitro(621899501)#0' 3-max (real money) Seat #3 is the button
Seat 1: -Lisenn- (365)
Seat 2: WiinAArnAK (333)
Seat 3: _SKR (202)
*** ANTE/BLINDS ***
-Lisenn- posts small blind 15
WiinAArnAK posts big blind 30
Dealt to _SKR [Th Qs]
*** PRE-FLOP *** 
_SKR raises 172 to 202 and is all-in
-Lisenn- folds
WiinAArnAK folds
_SKR collected 247 from pot
*** SUMMARY ***
Total pot 247 | No rake
Seat 3: _SKR (button) won 247


Winamax Poker - Tournament "Expresso Nitro" buyIn: 0.93€ + 0.07€ level: 2 - HandId: #2671038018193719297-6-1673527986 - Holdem no limit (15/30) - 2023/01/12 12:53:06 UTC
Table: 'Expresso Nitro(621899501)#0' 3-max (real money) Seat #1 is the button
Seat 1: -Lisenn- (350)
Seat 2: WiinAArnAK (303)
Seat 3: _SKR (247)
*** ANTE/BLINDS ***
WiinAArnAK posts small blind 15
_SKR posts big blind 30
Dealt to _SKR [2d 8c]
*** PRE-FLOP *** 
-Lisenn- calls 30
WiinAArnAK raises 30 to 60
_SKR folds
-Lisenn- calls 30
*** FLOP *** [As Ah 4h]
WiinAArnAK bets 53
-Lisenn- calls 53
*** TURN *** [As Ah 4h][9c]
WiinAArnAK bets 190 and is all-in
-Lisenn- calls 190
*** RIVER *** [As Ah 4h 9c][7h]
*** SHOW DOWN ***
-Lisenn- shows [4s 5s] (Two pairs : Aces and 4)
WiinAArnAK shows [Qs Qc] (Two pairs : Aces and Queens)
WiinAArnAK collected 636 from pot
*** SUMMARY ***
Total pot 636 | No rake
Board: [As Ah 4h 9c 7h]
Seat 1: -Lisenn- (button) showed [4s 5s] and lost with Two pairs : Aces and 4
Seat 2: WiinAArnAK (small blind) showed [Qs Qc] and won 636 with Two pairs : Aces and Queens


Winamax Poker - Tournament "Expresso Nitro" buyIn: 0.93€ + 0.07€ level: 2 - HandId: #2671038018193719297-7-1673528010 - Holdem no limit (15/30) - 2023/01/12 12:53:30 UTC
Table: 'Expresso Nitro(621899501)#0' 3-max (real money) Seat #2 is the button
Seat 1: -Lisenn- (47)
Seat 2: WiinAArnAK (636)
Seat 3: _SKR (217)
*** ANTE/BLINDS ***
_SKR posts small blind 15
-Lisenn- posts big blind 30
Dealt to _SKR [4s 8c]
*** PRE-FLOP *** 
WiinAArnAK folds
_SKR folds
-Lisenn- collected 45 from pot
*** SUMMARY ***
Total pot 45 | No rake
Seat 1: -Lisenn- (big blind) won 45


Winamax Poker - Tournament "Expresso Nitro" buyIn: 0.93€ + 0.07€ level: 3 - HandId: #2671038018193719297-8-1673528015 - Holdem no limit (20/40) - 2023/01/12 12:53:35 UTC
Table: 'Expresso Nitro(621899501)#0' 3-max (real money) Seat #3 is the button
Seat 1: -Lisenn- (62)
Seat 2: WiinAArnAK (636)
Seat 3: _SKR (202)
*** ANTE/BLINDS ***
-Lisenn- posts small blind 20
WiinAArnAK posts big blind 40
Dealt to _SKR [Ts Ah]
*** PRE-FLOP *** 
_SKR raises 162 to 202 and is all-in
-Lisenn- calls 42 and is all-in
WiinAArnAK raises 162 to 364
*** FLOP *** [9c Th Jh]
*** TURN *** [9c Th Jh][7h]
*** RIVER *** [9c Th Jh 7h][8d]
*** SHOW DOWN ***
-Lisenn- shows [2d Qd] (Straight Queen high)
WiinAArnAK shows [As 4h] (Straight Jack high)
_SKR shows [Ts Ah] (Straight Jack high)
_SKR collected 140 from side pot 1
WiinAArnAK collected 302 from side pot 2
-Lisenn- collected 186 from main pot
*** SUMMARY ***
Total pot 628 | No rake
Board: [9c Th Jh 7h 8d]
Seat 1: -Lisenn- (small blind) showed [2d Qd] and won 186 with Straight Queen high
Seat 2: WiinAArnAK (big blind) showed [As 4h] and won 302 with Straight Jack high
Seat 3: _SKR (button) showed [Ts Ah] and won 140 with Straight Jack high


Winamax Poker - Tournament "Expresso Nitro" buyIn: 0.93€ + 0.07€ level: 3 - HandId: #2671038018193719297-9-1673528031 - Holdem no limit (20/40) - 2023/01/12 12:53:51 UTC
Table: 'Expresso Nitro(621899501)#0' 3-max (real money) Seat #1 is the button
Seat 1: -Lisenn- (186)
Seat 2: WiinAArnAK (574)
Seat 3: _SKR (140)
*** ANTE/BLINDS ***
WiinAArnAK posts small blind 20
_SKR posts big blind 40
Dealt to _SKR [3c 3s]
*** PRE-FLOP *** 
-Lisenn- folds
WiinAArnAK raises 534 to 574 and is all-in
_SKR calls 100 and is all-in
*** FLOP *** [6s Js 2d]
*** TURN *** [6s Js 2d][5h]
*** RIVER *** [6s Js 2d 5h][2s]
*** SHOW DOWN ***
_SKR shows [3c 3s] (Two pairs : 3 and 2)
WiinAArnAK shows [5d 7d] (Two pairs : 5 and 2)
WiinAArnAK collected 714 from pot
*** SUMMARY ***
Total pot 714 | No rake
Board: [6s Js 2d 5h 2s]
Seat 2: WiinAArnAK (small blind) showed [5d 7d] and won 714 with Two pairs : 5 and 2
Seat 3: _SKR (big blind) showed [3c 3s] and lost with Two pairs : 3 and 2


