Winamax Poker - Tournament "Expresso Nitro" buyIn: 0.93€ + 0.07€ level: 1 - HandId: #2676953961981804545-1-1673870087 - Holdem no limit (10/20) - 2023/01/16 11:54:47 UTC
Table: 'Expresso Nitro(623276914)#0' 3-max (real money) Seat #2 is the button
Seat 1: Chasseur 937 (300)
Seat 2: _SKR (300)
Seat 3: rapace77 (300)
*** ANTE/BLINDS ***
rapace77 posts small blind 10
Chasseur 937 posts big blind 20
Dealt to _SKR [Ah 7h]
*** PRE-FLOP *** 
_SKR raises 280 to 300 and is all-in
rapace77 folds
Chasseur 937 calls 280 and is all-in
*** FLOP *** [9s Kc Ad]
*** TURN *** [9s Kc Ad][5h]
*** RIVER *** [9s Kc Ad 5h][9c]
*** SHOW DOWN ***
Chasseur 937 shows [Td Qd] (One pair : 9)
_SKR shows [Ah 7h] (Two pairs : Aces and 9)
_SKR collected 610 from pot
*** SUMMARY ***
Total pot 610 | No rake
Board: [9s Kc Ad 5h 9c]
Seat 1: Chasseur 937 (big blind) showed [Td Qd] and lost with One pair : 9
Seat 2: _SKR (button) showed [Ah 7h] and won 610 with Two pairs : Aces and 9


Winamax Poker - Tournament "Expresso Nitro" buyIn: 0.93€ + 0.07€ level: 1 - HandId: #2676953961981804545-2-1673870102 - Holdem no limit (10/20) - 2023/01/16 11:55:02 UTC
Table: 'Expresso Nitro(623276914)#0' 3-max (real money) Seat #2 is the button
Seat 2: _SKR (610)
Seat 3: rapace77 (290)
*** ANTE/BLINDS ***
_SKR posts small blind 10
rapace77 posts big blind 20
Dealt to _SKR [Kc 9d]
*** PRE-FLOP *** 
_SKR raises 20 to 40
rapace77 folds
_SKR collected 60 from pot
*** SUMMARY ***
Total pot 60 | No rake
Seat 2: _SKR (small blind) (button) won 60


Winamax Poker - Tournament "Expresso Nitro" buyIn: 0.93€ + 0.07€ level: 1 - HandId: #2676953961981804545-3-1673870109 - Holdem no limit (10/20) - 2023/01/16 11:55:09 UTC
Table: 'Expresso Nitro(623276914)#0' 3-max (real money) Seat #3 is the button
Seat 2: _SKR (630)
Seat 3: rapace77 (270)
*** ANTE/BLINDS ***
rapace77 posts small blind 10
_SKR posts big blind 20
Dealt to _SKR [8c 4d]
*** PRE-FLOP *** 
rapace77 folds
_SKR collected 30 from pot
*** SUMMARY ***
Total pot 30 | No rake
Seat 2: _SKR (big blind) won 30


Winamax Poker - Tournament "Expresso Nitro" buyIn: 0.93€ + 0.07€ level: 1 - HandId: #2676953961981804545-4-1673870116 - Holdem no limit (10/20) - 2023/01/16 11:55:16 UTC
Table: 'Expresso Nitro(623276914)#0' 3-max (real money) Seat #2 is the button
Seat 2: _SKR (640)
Seat 3: rapace77 (260)
*** ANTE/BLINDS ***
_SKR posts small blind 10
rapace77 posts big blind 20
Dealt to _SKR [Js Th]
*** PRE-FLOP *** 
_SKR raises 620 to 640 and is all-in
rapace77 calls 240 and is all-in
*** FLOP *** [6s 8d 6c]
*** TURN *** [6s 8d 6c][2c]
*** RIVER *** [6s 8d 6c 2c][Ad]
*** SHOW DOWN ***
_SKR shows [Js Th] (One pair : 6)
rapace77 shows [Qs Kh] (One pair : 6)
rapace77 collected 520 from main pot
_SKR collected 380 from side pot 1
*** SUMMARY ***
Total pot 900 | No rake
Board: [6s 8d 6c 2c Ad]
Seat 2: _SKR (small blind) (button) showed [Js Th] and won 380 with One pair : 6
Seat 3: rapace77 (big blind) showed [Qs Kh] and won 520 with One pair : 6


Winamax Poker - Tournament "Expresso Nitro" buyIn: 0.93€ + 0.07€ level: 1 - HandId: #2676953961981804545-5-1673870130 - Holdem no limit (10/20) - 2023/01/16 11:55:30 UTC
Table: 'Expresso Nitro(623276914)#0' 3-max (real money) Seat #3 is the button
Seat 2: _SKR (380)
Seat 3: rapace77 (520)
*** ANTE/BLINDS ***
rapace77 posts small blind 10
_SKR posts big blind 20
Dealt to _SKR [4h 3s]
*** PRE-FLOP *** 
rapace77 calls 10
_SKR checks
*** FLOP *** [Js 9h 4s]
_SKR checks
rapace77 bets 20
_SKR calls 20
*** TURN *** [Js 9h 4s][Tc]
_SKR checks
rapace77 checks
*** RIVER *** [Js 9h 4s Tc][Jh]
_SKR checks
rapace77 checks
*** SHOW DOWN ***
rapace77 shows [As 8s] (One pair : Jacks)
_SKR shows [4h 3s] (Two pairs : Jacks and 4)
_SKR collected 80 from pot
*** SUMMARY ***
Total pot 80 | No rake
Board: [Js 9h 4s Tc Jh]
Seat 2: _SKR (big blind) showed [4h 3s] and won 80 with Two pairs : Jacks and 4
Seat 3: rapace77 (small blind) (button) showed [As 8s] and lost with One pair : Jacks


Winamax Poker - Tournament "Expresso Nitro" buyIn: 0.93€ + 0.07€ level: 2 - HandId: #2676953961981804545-6-1673870160 - Holdem no limit (15/30) - 2023/01/16 11:56:00 UTC
Table: 'Expresso Nitro(623276914)#0' 3-max (real money) Seat #2 is the button
Seat 2: _SKR (420)
Seat 3: rapace77 (480)
*** ANTE/BLINDS ***
_SKR posts small blind 15
rapace77 posts big blind 30
Dealt to _SKR [5h Ac]
*** PRE-FLOP *** 
_SKR raises 390 to 420 and is all-in
rapace77 calls 390
*** FLOP *** [Ts Qs 6h]
*** TURN *** [Ts Qs 6h][Jc]
*** RIVER *** [Ts Qs 6h Jc][6c]
*** SHOW DOWN ***
_SKR shows [5h Ac] (One pair : 6)
rapace77 shows [Ad 7h] (One pair : 6)
rapace77 collected 420 from pot
_SKR collected 420 from pot
*** SUMMARY ***
Total pot 840 | No rake
Board: [Ts Qs 6h Jc 6c]
Seat 2: _SKR (small blind) (button) showed [5h Ac] and won 420 with One pair : 6
Seat 3: rapace77 (big blind) showed [Ad 7h] and won 420 with One pair : 6


Winamax Poker - Tournament "Expresso Nitro" buyIn: 0.93€ + 0.07€ level: 2 - HandId: #2676953961981804545-7-1673870180 - Holdem no limit (15/30) - 2023/01/16 11:56:20 UTC
Table: 'Expresso Nitro(623276914)#0' 3-max (real money) Seat #3 is the button
Seat 2: _SKR (420)
Seat 3: rapace77 (480)
*** ANTE/BLINDS ***
rapace77 posts small blind 15
_SKR posts big blind 30
Dealt to _SKR [6h 3s]
*** PRE-FLOP *** 
rapace77 calls 15
_SKR checks
*** FLOP *** [2h 2s 5s]
_SKR checks
rapace77 checks
*** TURN *** [2h 2s 5s][Td]
_SKR checks
rapace77 checks
*** RIVER *** [2h 2s 5s Td][4s]
_SKR checks
rapace77 checks
*** SHOW DOWN ***
rapace77 shows [7s 8d] (One pair : 2)
_SKR shows [6h 3s] (Straight 6 high)
_SKR collected 60 from pot
*** SUMMARY ***
Total pot 60 | No rake
Board: [2h 2s 5s Td 4s]
Seat 2: _SKR (big blind) showed [6h 3s] and won 60 with Straight 6 high
Seat 3: rapace77 (small blind) (button) showed [7s 8d] and lost with One pair : 2


Winamax Poker - Tournament "Expresso Nitro" buyIn: 0.93€ + 0.07€ level: 3 - HandId: #2676953961981804545-8-1673870233 - Holdem no limit (20/40) - 2023/01/16 11:57:13 UTC
Table: 'Expresso Nitro(623276914)#0' 3-max (real money) Seat #2 is the button
Seat 2: _SKR (450)
Seat 3: rapace77 (450)
*** ANTE/BLINDS ***
_SKR posts small blind 20
rapace77 posts big blind 40
Dealt to _SKR [4s 3s]
*** PRE-FLOP *** 
_SKR calls 20
rapace77 checks
*** FLOP *** [Tc 6s 8s]
rapace77 checks
_SKR checks
*** TURN *** [Tc 6s 8s][Jh]
rapace77 checks
_SKR checks
*** RIVER *** [Tc 6s 8s Jh][6d]
rapace77 checks
_SKR bets 52
rapace77 folds
_SKR collected 132 from pot
*** SUMMARY ***
Total pot 132 | No rake
Board: [Tc 6s 8s Jh 6d]
Seat 2: _SKR (small blind) (button) won 132


Winamax Poker - Tournament "Expresso Nitro" buyIn: 0.93€ + 0.07€ level: 4 - HandId: #2676953961981804545-9-1673870264 - Holdem no limit (30/60) - 2023/01/16 11:57:44 UTC
Table: 'Expresso Nitro(623276914)#0' 3-max (real money) Seat #3 is the button
Seat 2: _SKR (490)
Seat 3: rapace77 (410)
*** ANTE/BLINDS ***
rapace77 posts small blind 30
_SKR posts big blind 60
Dealt to _SKR [5c 8c]
*** PRE-FLOP *** 
rapace77 calls 30
_SKR raises 430 to 490 and is all-in
rapace77 folds
_SKR collected 550 from pot
*** SUMMARY ***
Total pot 550 | No rake
Seat 2: _SKR (big blind) won 550


Winamax Poker - Tournament "Expresso Nitro" buyIn: 0.93€ + 0.07€ level: 4 - HandId: #2676953961981804545-10-1673870284 - Holdem no limit (30/60) - 2023/01/16 11:58:04 UTC
Table: 'Expresso Nitro(623276914)#0' 3-max (real money) Seat #2 is the button
Seat 2: _SKR (550)
Seat 3: rapace77 (350)
*** ANTE/BLINDS ***
_SKR posts small blind 30
rapace77 posts big blind 60
Dealt to _SKR [Qs 3h]
*** PRE-FLOP *** 
_SKR folds
rapace77 collected 90 from pot
*** SUMMARY ***
Total pot 90 | No rake
Seat 3: rapace77 (big blind) won 90


Winamax Poker - Tournament "Expresso Nitro" buyIn: 0.93€ + 0.07€ level: 4 - HandId: #2676953961981804545-11-1673870289 - Holdem no limit (30/60) - 2023/01/16 11:58:09 UTC
Table: 'Expresso Nitro(623276914)#0' 3-max (real money) Seat #3 is the button
Seat 2: _SKR (520)
Seat 3: rapace77 (380)
*** ANTE/BLINDS ***
rapace77 posts small blind 30
_SKR posts big blind 60
Dealt to _SKR [7d Kd]
*** PRE-FLOP *** 
rapace77 calls 30
_SKR raises 460 to 520 and is all-in
rapace77 calls 320 and is all-in
*** FLOP *** [9c 4h Ah]
*** TURN *** [9c 4h Ah][3c]
*** RIVER *** [9c 4h Ah 3c][6h]
*** SHOW DOWN ***
_SKR shows [7d Kd] (High card : Ace)
rapace77 shows [Ac Jh] (One pair : Aces)
rapace77 collected 760 from main pot
_SKR collected 140 from side pot 1
*** SUMMARY ***
Total pot 900 | No rake
Board: [9c 4h Ah 3c 6h]
Seat 2: _SKR (big blind) showed [7d Kd] and won 140 with High card : Ace
Seat 3: rapace77 (small blind) (button) showed [Ac Jh] and won 760 with One pair : Aces


Winamax Poker - Tournament "Expresso Nitro" buyIn: 0.93€ + 0.07€ level: 4 - HandId: #2676953961981804545-12-1673870306 - Holdem no limit (30/60) - 2023/01/16 11:58:26 UTC
Table: 'Expresso Nitro(623276914)#0' 3-max (real money) Seat #2 is the button
Seat 2: _SKR (140)
Seat 3: rapace77 (760)
*** ANTE/BLINDS ***
_SKR posts small blind 30
rapace77 posts big blind 60
Dealt to _SKR [Qc 6s]
*** PRE-FLOP *** 
_SKR raises 80 to 140 and is all-in
rapace77 calls 80
*** FLOP *** [5s 8h Ad]
*** TURN *** [5s 8h Ad][8c]
*** RIVER *** [5s 8h Ad 8c][7c]
*** SHOW DOWN ***
_SKR shows [Qc 6s] (One pair : 8)
rapace77 shows [4d 5d] (Two pairs : 8 and 5)
rapace77 collected 280 from pot
*** SUMMARY ***
Total pot 280 | No rake
Board: [5s 8h Ad 8c 7c]
Seat 2: _SKR (small blind) (button) showed [Qc 6s] and lost with One pair : 8
Seat 3: rapace77 (big blind) showed [4d 5d] and won 280 with Two pairs : 8 and 5


