Winamax Poker - Tournament "Expresso Nitro" buyIn: 1.86€ + 0.14€ level: 1 - HandId: #2698165254973554689-1-1675183702 - Holdem no limit (10/20) - 2023/01/31 16:48:22 UTC
Table: 'Expresso Nitro(628215553)#0' 3-max (real money) Seat #3 is the button
Seat 1: _SKR (300)
Seat 2: .Merlin. (300)
Seat 3: wptpoker (300)
*** ANTE/BLINDS ***
_SKR posts small blind 10
.Merlin. posts big blind 20
Dealt to _SKR [Jh 8d]
*** PRE-FLOP *** 
wptpoker raises 280 to 300 and is all-in
_SKR folds
.Merlin. calls 280 and is all-in
*** FLOP *** [6h 3h Ts]
*** TURN *** [6h 3h Ts][2h]
*** RIVER *** [6h 3h Ts 2h][3s]
*** SHOW DOWN ***
wptpoker shows [Qd Js] (One pair : 3)
.Merlin. shows [Td As] (Two pairs : Tens and 3)
.Merlin. collected 610 from pot
*** SUMMARY ***
Total pot 610 | No rake
Board: [6h 3h Ts 2h 3s]
Seat 2: .Merlin. (big blind) showed [Td As] and won 610 with Two pairs : Tens and 3
Seat 3: wptpoker (button) showed [Qd Js] and lost with One pair : 3


Winamax Poker - Tournament "Expresso Nitro" buyIn: 1.86€ + 0.14€ level: 1 - HandId: #2698165254973554689-2-1675183721 - Holdem no limit (10/20) - 2023/01/31 16:48:41 UTC
Table: 'Expresso Nitro(628215553)#0' 3-max (real money) Seat #2 is the button
Seat 1: _SKR (290)
Seat 2: .Merlin. (610)
*** ANTE/BLINDS ***
.Merlin. posts small blind 10
_SKR posts big blind 20
Dealt to _SKR [Js Kc]
*** PRE-FLOP *** 
.Merlin. calls 10
_SKR raises 270 to 290 and is all-in
.Merlin. folds
_SKR collected 310 from pot
*** SUMMARY ***
Total pot 310 | No rake
Seat 1: _SKR (big blind) won 310


Winamax Poker - Tournament "Expresso Nitro" buyIn: 1.86€ + 0.14€ level: 1 - HandId: #2698165254973554689-3-1675183730 - Holdem no limit (10/20) - 2023/01/31 16:48:50 UTC
Table: 'Expresso Nitro(628215553)#0' 3-max (real money) Seat #1 is the button
Seat 1: _SKR (310)
Seat 2: .Merlin. (590)
*** ANTE/BLINDS ***
_SKR posts small blind 10
.Merlin. posts big blind 20
Dealt to _SKR [Js 9h]
*** PRE-FLOP *** 
_SKR raises 20 to 40
.Merlin. raises 550 to 590 and is all-in
_SKR folds
.Merlin. collected 630 from pot
*** SUMMARY ***
Total pot 630 | No rake
Seat 2: .Merlin. (big blind) won 630


Winamax Poker - Tournament "Expresso Nitro" buyIn: 1.86€ + 0.14€ level: 1 - HandId: #2698165254973554689-4-1675183745 - Holdem no limit (10/20) - 2023/01/31 16:49:05 UTC
Table: 'Expresso Nitro(628215553)#0' 3-max (real money) Seat #2 is the button
Seat 1: _SKR (270)
Seat 2: .Merlin. (630)
*** ANTE/BLINDS ***
.Merlin. posts small blind 10
_SKR posts big blind 20
Dealt to _SKR [Th 7s]
*** PRE-FLOP *** 
.Merlin. folds
_SKR collected 30 from pot
*** SUMMARY ***
Total pot 30 | No rake
Seat 1: _SKR (big blind) won 30


Winamax Poker - Tournament "Expresso Nitro" buyIn: 1.86€ + 0.14€ level: 1 - HandId: #2698165254973554689-5-1675183749 - Holdem no limit (10/20) - 2023/01/31 16:49:09 UTC
Table: 'Expresso Nitro(628215553)#0' 3-max (real money) Seat #1 is the button
Seat 1: _SKR (280)
Seat 2: .Merlin. (620)
*** ANTE/BLINDS ***
_SKR posts small blind 10
.Merlin. posts big blind 20
Dealt to _SKR [9d 8h]
*** PRE-FLOP *** 
_SKR folds
.Merlin. collected 30 from pot
*** SUMMARY ***
Total pot 30 | No rake
Seat 2: .Merlin. (big blind) won 30


Winamax Poker - Tournament "Expresso Nitro" buyIn: 1.86€ + 0.14€ level: 1 - HandId: #2698165254973554689-6-1675183753 - Holdem no limit (10/20) - 2023/01/31 16:49:13 UTC
Table: 'Expresso Nitro(628215553)#0' 3-max (real money) Seat #2 is the button
Seat 1: _SKR (270)
Seat 2: .Merlin. (630)
*** ANTE/BLINDS ***
.Merlin. posts small blind 10
_SKR posts big blind 20
Dealt to _SKR [Tc 7h]
*** PRE-FLOP *** 
.Merlin. folds
_SKR collected 30 from pot
*** SUMMARY ***
Total pot 30 | No rake
Seat 1: _SKR (big blind) won 30


Winamax Poker - Tournament "Expresso Nitro" buyIn: 1.86€ + 0.14€ level: 1 - HandId: #2698165254973554689-7-1675183757 - Holdem no limit (10/20) - 2023/01/31 16:49:17 UTC
Table: 'Expresso Nitro(628215553)#0' 3-max (real money) Seat #1 is the button
Seat 1: _SKR (280)
Seat 2: .Merlin. (620)
*** ANTE/BLINDS ***
_SKR posts small blind 10
.Merlin. posts big blind 20
Dealt to _SKR [Ts 8c]
*** PRE-FLOP *** 
_SKR folds
.Merlin. collected 30 from pot
*** SUMMARY ***
Total pot 30 | No rake
Seat 2: .Merlin. (big blind) won 30


Winamax Poker - Tournament "Expresso Nitro" buyIn: 1.86€ + 0.14€ level: 2 - HandId: #2698165254973554689-8-1675183760 - Holdem no limit (15/30) - 2023/01/31 16:49:20 UTC
Table: 'Expresso Nitro(628215553)#0' 3-max (real money) Seat #2 is the button
Seat 1: _SKR (270)
Seat 2: .Merlin. (630)
*** ANTE/BLINDS ***
.Merlin. posts small blind 15
_SKR posts big blind 30
Dealt to _SKR [Qs Kd]
*** PRE-FLOP *** 
.Merlin. raises 30 to 60
_SKR raises 210 to 270 and is all-in
.Merlin. raises 210 to 480
*** FLOP *** [2s 9s Ks]
*** TURN *** [2s 9s Ks][9d]
*** RIVER *** [2s 9s Ks 9d][5d]
*** SHOW DOWN ***
_SKR shows [Qs Kd] (Two pairs : Kings and 9)
.Merlin. shows [Kh 6s] (Two pairs : Kings and 9)
.Merlin. collected 210 from side pot 1
_SKR collected 540 from main pot
*** SUMMARY ***
Total pot 750 | No rake
Board: [2s 9s Ks 9d 5d]
Seat 1: _SKR (big blind) showed [Qs Kd] and won 540 with Two pairs : Kings and 9
Seat 2: .Merlin. (small blind) (button) showed [Kh 6s] and won 210 with Two pairs : Kings and 9


Winamax Poker - Tournament "Expresso Nitro" buyIn: 1.86€ + 0.14€ level: 2 - HandId: #2698165254973554689-9-1675183776 - Holdem no limit (15/30) - 2023/01/31 16:49:36 UTC
Table: 'Expresso Nitro(628215553)#0' 3-max (real money) Seat #1 is the button
Seat 1: _SKR (540)
Seat 2: .Merlin. (360)
*** ANTE/BLINDS ***
_SKR posts small blind 15
.Merlin. posts big blind 30
Dealt to _SKR [6s Ah]
*** PRE-FLOP *** 
_SKR raises 510 to 540 and is all-in
.Merlin. folds
_SKR collected 570 from pot
*** SUMMARY ***
Total pot 570 | No rake
Seat 1: _SKR (small blind) (button) won 570


Winamax Poker - Tournament "Expresso Nitro" buyIn: 1.86€ + 0.14€ level: 2 - HandId: #2698165254973554689-10-1675183782 - Holdem no limit (15/30) - 2023/01/31 16:49:42 UTC
Table: 'Expresso Nitro(628215553)#0' 3-max (real money) Seat #2 is the button
Seat 1: _SKR (570)
Seat 2: .Merlin. (330)
*** ANTE/BLINDS ***
.Merlin. posts small blind 15
_SKR posts big blind 30
Dealt to _SKR [Jh Td]
*** PRE-FLOP *** 
.Merlin. calls 15
_SKR checks
*** FLOP *** [Ts 4d Ac]
_SKR checks
.Merlin. checks
*** TURN *** [Ts 4d Ac][7s]
_SKR checks
.Merlin. bets 60
_SKR calls 60
*** RIVER *** [Ts 4d Ac 7s][Ad]
_SKR checks
.Merlin. bets 63
_SKR calls 63
*** SHOW DOWN ***
.Merlin. shows [7c 4c] (Two pairs : Aces and 7)
_SKR shows [Jh Td] (Two pairs : Aces and Tens)
_SKR collected 306 from pot
*** SUMMARY ***
Total pot 306 | No rake
Board: [Ts 4d Ac 7s Ad]
Seat 1: _SKR (big blind) showed [Jh Td] and won 306 with Two pairs : Aces and Tens
Seat 2: .Merlin. (small blind) (button) showed [7c 4c] and lost with Two pairs : Aces and 7


Winamax Poker - Tournament "Expresso Nitro" buyIn: 1.86€ + 0.14€ level: 2 - HandId: #2698165254973554689-11-1675183813 - Holdem no limit (15/30) - 2023/01/31 16:50:13 UTC
Table: 'Expresso Nitro(628215553)#0' 3-max (real money) Seat #1 is the button
Seat 1: _SKR (723)
Seat 2: .Merlin. (177)
*** ANTE/BLINDS ***
_SKR posts small blind 15
.Merlin. posts big blind 30
Dealt to _SKR [3d 3s]
*** PRE-FLOP *** 
_SKR raises 693 to 723 and is all-in
.Merlin. folds
_SKR collected 753 from pot
*** SUMMARY ***
Total pot 753 | No rake
Seat 1: _SKR (small blind) (button) won 753


Winamax Poker - Tournament "Expresso Nitro" buyIn: 1.86€ + 0.14€ level: 3 - HandId: #2698165254973554689-12-1675183819 - Holdem no limit (20/40) - 2023/01/31 16:50:19 UTC
Table: 'Expresso Nitro(628215553)#0' 3-max (real money) Seat #2 is the button
Seat 1: _SKR (753)
Seat 2: .Merlin. (147)
*** ANTE/BLINDS ***
.Merlin. posts small blind 20
_SKR posts big blind 40
Dealt to _SKR [8s 2h]
*** PRE-FLOP *** 
.Merlin. raises 107 to 147 and is all-in
_SKR folds
.Merlin. collected 187 from pot
*** SUMMARY ***
Total pot 187 | No rake
Seat 2: .Merlin. (small blind) (button) won 187


Winamax Poker - Tournament "Expresso Nitro" buyIn: 1.86€ + 0.14€ level: 3 - HandId: #2698165254973554689-13-1675183826 - Holdem no limit (20/40) - 2023/01/31 16:50:26 UTC
Table: 'Expresso Nitro(628215553)#0' 3-max (real money) Seat #1 is the button
Seat 1: _SKR (713)
Seat 2: .Merlin. (187)
*** ANTE/BLINDS ***
_SKR posts small blind 20
.Merlin. posts big blind 40
Dealt to _SKR [Jd 6h]
*** PRE-FLOP *** 
_SKR raises 673 to 713 and is all-in
.Merlin. calls 147 and is all-in
*** FLOP *** [Ah Qd 3h]
*** TURN *** [Ah Qd 3h][5s]
*** RIVER *** [Ah Qd 3h 5s][6d]
*** SHOW DOWN ***
_SKR shows [Jd 6h] (One pair : 6)
.Merlin. shows [8d 8s] (One pair : 8)
.Merlin. collected 374 from main pot
_SKR collected 526 from side pot 1
*** SUMMARY ***
Total pot 900 | No rake
Board: [Ah Qd 3h 5s 6d]
Seat 1: _SKR (small blind) (button) showed [Jd 6h] and won 526 with One pair : 6
Seat 2: .Merlin. (big blind) showed [8d 8s] and won 374 with One pair : 8


Winamax Poker - Tournament "Expresso Nitro" buyIn: 1.86€ + 0.14€ level: 3 - HandId: #2698165254973554689-14-1675183838 - Holdem no limit (20/40) - 2023/01/31 16:50:38 UTC
Table: 'Expresso Nitro(628215553)#0' 3-max (real money) Seat #2 is the button
Seat 1: _SKR (526)
Seat 2: .Merlin. (374)
*** ANTE/BLINDS ***
.Merlin. posts small blind 20
_SKR posts big blind 40
Dealt to _SKR [7h 2s]
*** PRE-FLOP *** 
.Merlin. raises 334 to 374 and is all-in
_SKR folds
.Merlin. collected 414 from pot
*** SUMMARY ***
Total pot 414 | No rake
Seat 2: .Merlin. (small blind) (button) won 414


Winamax Poker - Tournament "Expresso Nitro" buyIn: 1.86€ + 0.14€ level: 3 - HandId: #2698165254973554689-15-1675183844 - Holdem no limit (20/40) - 2023/01/31 16:50:44 UTC
Table: 'Expresso Nitro(628215553)#0' 3-max (real money) Seat #1 is the button
Seat 1: _SKR (486)
Seat 2: .Merlin. (414)
*** ANTE/BLINDS ***
_SKR posts small blind 20
.Merlin. posts big blind 40
Dealt to _SKR [Td 4s]
*** PRE-FLOP *** 
_SKR folds
.Merlin. collected 60 from pot
*** SUMMARY ***
Total pot 60 | No rake
Seat 2: .Merlin. (big blind) won 60


Winamax Poker - Tournament "Expresso Nitro" buyIn: 1.86€ + 0.14€ level: 3 - HandId: #2698165254973554689-16-1675183847 - Holdem no limit (20/40) - 2023/01/31 16:50:47 UTC
Table: 'Expresso Nitro(628215553)#0' 3-max (real money) Seat #2 is the button
Seat 1: _SKR (466)
Seat 2: .Merlin. (434)
*** ANTE/BLINDS ***
.Merlin. posts small blind 20
_SKR posts big blind 40
Dealt to _SKR [3d 7h]
*** PRE-FLOP *** 
.Merlin. folds
_SKR collected 60 from pot
*** SUMMARY ***
Total pot 60 | No rake
Seat 1: _SKR (big blind) won 60


Winamax Poker - Tournament "Expresso Nitro" buyIn: 1.86€ + 0.14€ level: 3 - HandId: #2698165254973554689-17-1675183852 - Holdem no limit (20/40) - 2023/01/31 16:50:52 UTC
Table: 'Expresso Nitro(628215553)#0' 3-max (real money) Seat #1 is the button
Seat 1: _SKR (486)
Seat 2: .Merlin. (414)
*** ANTE/BLINDS ***
_SKR posts small blind 20
.Merlin. posts big blind 40
Dealt to _SKR [Ac 3d]
*** PRE-FLOP *** 
_SKR raises 446 to 486 and is all-in
.Merlin. folds
_SKR collected 526 from pot
*** SUMMARY ***
Total pot 526 | No rake
Seat 1: _SKR (small blind) (button) won 526


Winamax Poker - Tournament "Expresso Nitro" buyIn: 1.86€ + 0.14€ level: 3 - HandId: #2698165254973554689-18-1675183860 - Holdem no limit (20/40) - 2023/01/31 16:51:00 UTC
Table: 'Expresso Nitro(628215553)#0' 3-max (real money) Seat #2 is the button
Seat 1: _SKR (526)
Seat 2: .Merlin. (374)
*** ANTE/BLINDS ***
.Merlin. posts small blind 20
_SKR posts big blind 40
Dealt to _SKR [Td 6s]
*** PRE-FLOP *** 
.Merlin. folds
_SKR collected 60 from pot
*** SUMMARY ***
Total pot 60 | No rake
Seat 1: _SKR (big blind) won 60


Winamax Poker - Tournament "Expresso Nitro" buyIn: 1.86€ + 0.14€ level: 3 - HandId: #2698165254973554689-19-1675183865 - Holdem no limit (20/40) - 2023/01/31 16:51:05 UTC
Table: 'Expresso Nitro(628215553)#0' 3-max (real money) Seat #1 is the button
Seat 1: _SKR (546)
Seat 2: .Merlin. (354)
*** ANTE/BLINDS ***
_SKR posts small blind 20
.Merlin. posts big blind 40
Dealt to _SKR [9d 8s]
*** PRE-FLOP *** 
_SKR folds
.Merlin. collected 60 from pot
*** SUMMARY ***
Total pot 60 | No rake
Seat 2: .Merlin. (big blind) won 60


Winamax Poker - Tournament "Expresso Nitro" buyIn: 1.86€ + 0.14€ level: 3 - HandId: #2698165254973554689-20-1675183868 - Holdem no limit (20/40) - 2023/01/31 16:51:08 UTC
Table: 'Expresso Nitro(628215553)#0' 3-max (real money) Seat #2 is the button
Seat 1: _SKR (526)
Seat 2: .Merlin. (374)
*** ANTE/BLINDS ***
.Merlin. posts small blind 20
_SKR posts big blind 40
Dealt to _SKR [6s 2d]
*** PRE-FLOP *** 
.Merlin. calls 20
_SKR checks
*** FLOP *** [5c Kc 7d]
_SKR checks
.Merlin. checks
*** TURN *** [5c Kc 7d][8c]
_SKR checks
.Merlin. checks
*** RIVER *** [5c Kc 7d 8c][6h]
_SKR checks
.Merlin. checks
*** SHOW DOWN ***
.Merlin. shows [Jc Ah] (High card : Ace)
_SKR shows [6s 2d] (One pair : 6)
_SKR collected 80 from pot
*** SUMMARY ***
Total pot 80 | No rake
Board: [5c Kc 7d 8c 6h]
Seat 1: _SKR (big blind) showed [6s 2d] and won 80 with One pair : 6
Seat 2: .Merlin. (small blind) (button) showed [Jc Ah] and lost with High card : Ace


Winamax Poker - Tournament "Expresso Nitro" buyIn: 1.86€ + 0.14€ level: 4 - HandId: #2698165254973554689-21-1675183902 - Holdem no limit (30/60) - 2023/01/31 16:51:42 UTC
Table: 'Expresso Nitro(628215553)#0' 3-max (real money) Seat #1 is the button
Seat 1: _SKR (566)
Seat 2: .Merlin. (334)
*** ANTE/BLINDS ***
_SKR posts small blind 30
.Merlin. posts big blind 60
Dealt to _SKR [8c 5h]
*** PRE-FLOP *** 
_SKR folds
.Merlin. collected 90 from pot
*** SUMMARY ***
Total pot 90 | No rake
Seat 2: .Merlin. (big blind) won 90


Winamax Poker - Tournament "Expresso Nitro" buyIn: 1.86€ + 0.14€ level: 4 - HandId: #2698165254973554689-22-1675183906 - Holdem no limit (30/60) - 2023/01/31 16:51:46 UTC
Table: 'Expresso Nitro(628215553)#0' 3-max (real money) Seat #2 is the button
Seat 1: _SKR (536)
Seat 2: .Merlin. (364)
*** ANTE/BLINDS ***
.Merlin. posts small blind 30
_SKR posts big blind 60
Dealt to _SKR [Qd 6s]
*** PRE-FLOP *** 
.Merlin. raises 304 to 364 and is all-in
_SKR folds
.Merlin. collected 424 from pot
*** SUMMARY ***
Total pot 424 | No rake
Seat 2: .Merlin. (small blind) (button) won 424


Winamax Poker - Tournament "Expresso Nitro" buyIn: 1.86€ + 0.14€ level: 4 - HandId: #2698165254973554689-23-1675183912 - Holdem no limit (30/60) - 2023/01/31 16:51:52 UTC
Table: 'Expresso Nitro(628215553)#0' 3-max (real money) Seat #1 is the button
Seat 1: _SKR (476)
Seat 2: .Merlin. (424)
*** ANTE/BLINDS ***
_SKR posts small blind 30
.Merlin. posts big blind 60
Dealt to _SKR [3d Tc]
*** PRE-FLOP *** 
_SKR folds
.Merlin. collected 90 from pot
*** SUMMARY ***
Total pot 90 | No rake
Seat 2: .Merlin. (big blind) won 90


Winamax Poker - Tournament "Expresso Nitro" buyIn: 1.86€ + 0.14€ level: 4 - HandId: #2698165254973554689-24-1675183916 - Holdem no limit (30/60) - 2023/01/31 16:51:56 UTC
Table: 'Expresso Nitro(628215553)#0' 3-max (real money) Seat #2 is the button
Seat 1: _SKR (446)
Seat 2: .Merlin. (454)
*** ANTE/BLINDS ***
.Merlin. posts small blind 30
_SKR posts big blind 60
Dealt to _SKR [9d Qs]
*** PRE-FLOP *** 
.Merlin. folds
_SKR collected 90 from pot
*** SUMMARY ***
Total pot 90 | No rake
Seat 1: _SKR (big blind) won 90


Winamax Poker - Tournament "Expresso Nitro" buyIn: 1.86€ + 0.14€ level: 4 - HandId: #2698165254973554689-25-1675183920 - Holdem no limit (30/60) - 2023/01/31 16:52:00 UTC
Table: 'Expresso Nitro(628215553)#0' 3-max (real money) Seat #1 is the button
Seat 1: _SKR (476)
Seat 2: .Merlin. (424)
*** ANTE/BLINDS ***
_SKR posts small blind 30
.Merlin. posts big blind 60
Dealt to _SKR [7c 9h]
*** PRE-FLOP *** 
_SKR folds
.Merlin. collected 90 from pot
*** SUMMARY ***
Total pot 90 | No rake
Seat 2: .Merlin. (big blind) won 90


Winamax Poker - Tournament "Expresso Nitro" buyIn: 1.86€ + 0.14€ level: 4 - HandId: #2698165254973554689-26-1675183924 - Holdem no limit (30/60) - 2023/01/31 16:52:04 UTC
Table: 'Expresso Nitro(628215553)#0' 3-max (real money) Seat #2 is the button
Seat 1: _SKR (446)
Seat 2: .Merlin. (454)
*** ANTE/BLINDS ***
.Merlin. posts small blind 30
_SKR posts big blind 60
Dealt to _SKR [2h 3d]
*** PRE-FLOP *** 
.Merlin. folds
_SKR collected 90 from pot
*** SUMMARY ***
Total pot 90 | No rake
Seat 1: _SKR (big blind) won 90


Winamax Poker - Tournament "Expresso Nitro" buyIn: 1.86€ + 0.14€ level: 4 - HandId: #2698165254973554689-27-1675183928 - Holdem no limit (30/60) - 2023/01/31 16:52:08 UTC
Table: 'Expresso Nitro(628215553)#0' 3-max (real money) Seat #1 is the button
Seat 1: _SKR (476)
Seat 2: .Merlin. (424)
*** ANTE/BLINDS ***
_SKR posts small blind 30
.Merlin. posts big blind 60
Dealt to _SKR [Ah 9s]
*** PRE-FLOP *** 
_SKR raises 416 to 476 and is all-in
.Merlin. calls 364 and is all-in
*** FLOP *** [Kh 5h Th]
*** TURN *** [Kh 5h Th][6c]
*** RIVER *** [Kh 5h Th 6c][3c]
*** SHOW DOWN ***
_SKR shows [Ah 9s] (High card : Ace)
.Merlin. shows [Jc Jd] (One pair : Jacks)
.Merlin. collected 848 from main pot
_SKR collected 52 from side pot 1
*** SUMMARY ***
Total pot 900 | No rake
Board: [Kh 5h Th 6c 3c]
Seat 1: _SKR (small blind) (button) showed [Ah 9s] and won 52 with High card : Ace
Seat 2: .Merlin. (big blind) showed [Jc Jd] and won 848 with One pair : Jacks


Winamax Poker - Tournament "Expresso Nitro" buyIn: 1.86€ + 0.14€ level: 5 - HandId: #2698165254973554689-28-1675183941 - Holdem no limit (40/80) - 2023/01/31 16:52:21 UTC
Table: 'Expresso Nitro(628215553)#0' 3-max (real money) Seat #2 is the button
Seat 1: _SKR (52)
Seat 2: .Merlin. (848)
*** ANTE/BLINDS ***
.Merlin. posts small blind 40
_SKR posts big blind 52 and is all-in
Dealt to _SKR [9h Ah]
*** PRE-FLOP *** 
.Merlin. calls 40
*** FLOP *** [8c 7h Td]
*** TURN *** [8c 7h Td][4c]
*** RIVER *** [8c 7h Td 4c][Qh]
*** SHOW DOWN ***
_SKR shows [9h Ah] (High card : Ace)
.Merlin. shows [8s 7d] (Two pairs : 8 and 7)
.Merlin. collected 132 from pot
*** SUMMARY ***
Total pot 132 | No rake
Board: [8c 7h Td 4c Qh]
Seat 1: _SKR (big blind) showed [9h Ah] and lost with High card : Ace
Seat 2: .Merlin. (small blind) (button) showed [8s 7d] and won 132 with Two pairs : 8 and 7


