Winamax Poker - Tournament "Expresso Nitro" buyIn: 1.86€ + 0.14€ level: 1 - HandId: #2696512096291520513-1-1675084291 - Holdem no limit (10/20) - 2023/01/30 13:11:31 UTC
Table: 'Expresso Nitro(627830647)#0' 3-max (real money) Seat #2 is the button
Seat 1: _SKR (300)
Seat 2: FuriusDONUTS (300)
Seat 3: Halim54dz (300)
*** ANTE/BLINDS ***
Halim54dz posts small blind 10
_SKR posts big blind 20
Dealt to _SKR [4h Td]
*** PRE-FLOP *** 
FuriusDONUTS folds
Halim54dz raises 280 to 300 and is all-in
_SKR folds
Halim54dz collected 320 from pot
*** SUMMARY ***
Total pot 320 | No rake
Seat 3: Halim54dz (small blind) won 320


Winamax Poker - Tournament "Expresso Nitro" buyIn: 1.86€ + 0.14€ level: 1 - HandId: #2696512096291520513-2-1675084300 - Holdem no limit (10/20) - 2023/01/30 13:11:40 UTC
Table: 'Expresso Nitro(627830647)#0' 3-max (real money) Seat #3 is the button
Seat 1: _SKR (280)
Seat 2: FuriusDONUTS (300)
Seat 3: Halim54dz (320)
*** ANTE/BLINDS ***
_SKR posts small blind 10
FuriusDONUTS posts big blind 20
Dealt to _SKR [8s Qd]
*** PRE-FLOP *** 
Halim54dz raises 300 to 320 and is all-in
_SKR folds
FuriusDONUTS folds
Halim54dz collected 350 from pot
*** SUMMARY ***
Total pot 350 | No rake
Seat 3: Halim54dz (button) won 350


Winamax Poker - Tournament "Expresso Nitro" buyIn: 1.86€ + 0.14€ level: 1 - HandId: #2696512096291520513-3-1675084308 - Holdem no limit (10/20) - 2023/01/30 13:11:48 UTC
Table: 'Expresso Nitro(627830647)#0' 3-max (real money) Seat #1 is the button
Seat 1: _SKR (270)
Seat 2: FuriusDONUTS (280)
Seat 3: Halim54dz (350)
*** ANTE/BLINDS ***
FuriusDONUTS posts small blind 10
Halim54dz posts big blind 20
Dealt to _SKR [5c 9d]
*** PRE-FLOP *** 
_SKR folds
FuriusDONUTS folds
Halim54dz collected 30 from pot
*** SUMMARY ***
Total pot 30 | No rake
Seat 3: Halim54dz (big blind) won 30


Winamax Poker - Tournament "Expresso Nitro" buyIn: 1.86€ + 0.14€ level: 1 - HandId: #2696512096291520513-4-1675084313 - Holdem no limit (10/20) - 2023/01/30 13:11:53 UTC
Table: 'Expresso Nitro(627830647)#0' 3-max (real money) Seat #2 is the button
Seat 1: _SKR (270)
Seat 2: FuriusDONUTS (270)
Seat 3: Halim54dz (360)
*** ANTE/BLINDS ***
Halim54dz posts small blind 10
_SKR posts big blind 20
Dealt to _SKR [Js Kh]
*** PRE-FLOP *** 
FuriusDONUTS folds
Halim54dz calls 10
_SKR raises 250 to 270 and is all-in
Halim54dz folds
_SKR collected 290 from pot
*** SUMMARY ***
Total pot 290 | No rake
Seat 1: _SKR (big blind) won 290


Winamax Poker - Tournament "Expresso Nitro" buyIn: 1.86€ + 0.14€ level: 1 - HandId: #2696512096291520513-5-1675084326 - Holdem no limit (10/20) - 2023/01/30 13:12:06 UTC
Table: 'Expresso Nitro(627830647)#0' 3-max (real money) Seat #3 is the button
Seat 1: _SKR (290)
Seat 2: FuriusDONUTS (270)
Seat 3: Halim54dz (340)
*** ANTE/BLINDS ***
_SKR posts small blind 10
FuriusDONUTS posts big blind 20
Dealt to _SKR [3h 5c]
*** PRE-FLOP *** 
Halim54dz calls 20
_SKR folds
FuriusDONUTS checks
*** FLOP *** [Jh 9h Ks]
FuriusDONUTS checks
Halim54dz bets 33
FuriusDONUTS calls 33
*** TURN *** [Jh 9h Ks][Kh]
FuriusDONUTS checks
Halim54dz bets 75
FuriusDONUTS folds
Halim54dz collected 191 from pot
*** SUMMARY ***
Total pot 191 | No rake
Board: [Jh 9h Ks Kh]
Seat 3: Halim54dz (button) won 191


Winamax Poker - Tournament "Expresso Nitro" buyIn: 1.86€ + 0.14€ level: 2 - HandId: #2696512096291520513-6-1675084347 - Holdem no limit (15/30) - 2023/01/30 13:12:27 UTC
Table: 'Expresso Nitro(627830647)#0' 3-max (real money) Seat #1 is the button
Seat 1: _SKR (280)
Seat 2: FuriusDONUTS (217)
Seat 3: Halim54dz (403)
*** ANTE/BLINDS ***
FuriusDONUTS posts small blind 15
Halim54dz posts big blind 30
Dealt to _SKR [6d 6c]
*** PRE-FLOP *** 
_SKR raises 250 to 280 and is all-in
FuriusDONUTS calls 202 and is all-in
Halim54dz folds
*** FLOP *** [7d 5d Ac]
*** TURN *** [7d 5d Ac][5s]
*** RIVER *** [7d 5d Ac 5s][3c]
*** SHOW DOWN ***
_SKR shows [6d 6c] (Two pairs : 6 and 5)
FuriusDONUTS shows [As Ad] (Full of Aces and 5)
FuriusDONUTS collected 464 from main pot
_SKR collected 63 from side pot 1
*** SUMMARY ***
Total pot 527 | No rake
Board: [7d 5d Ac 5s 3c]
Seat 1: _SKR (button) showed [6d 6c] and won 63 with Two pairs : 6 and 5
Seat 2: FuriusDONUTS (small blind) showed [As Ad] and won 464 with Full of Aces and 5


Winamax Poker - Tournament "Expresso Nitro" buyIn: 1.86€ + 0.14€ level: 2 - HandId: #2696512096291520513-7-1675084360 - Holdem no limit (15/30) - 2023/01/30 13:12:40 UTC
Table: 'Expresso Nitro(627830647)#0' 3-max (real money) Seat #2 is the button
Seat 1: _SKR (63)
Seat 2: FuriusDONUTS (464)
Seat 3: Halim54dz (373)
*** ANTE/BLINDS ***
Halim54dz posts small blind 15
_SKR posts big blind 30
Dealt to _SKR [Ac 9d]
*** PRE-FLOP *** 
FuriusDONUTS folds
Halim54dz calls 15
_SKR raises 33 to 63 and is all-in
Halim54dz calls 33
*** FLOP *** [4s Jc Td]
*** TURN *** [4s Jc Td][Kd]
*** RIVER *** [4s Jc Td Kd][Jh]
*** SHOW DOWN ***
_SKR shows [Ac 9d] (One pair : Jacks)
Halim54dz shows [Ah 8h] (One pair : Jacks)
Halim54dz collected 63 from pot
_SKR collected 63 from pot
*** SUMMARY ***
Total pot 126 | No rake
Board: [4s Jc Td Kd Jh]
Seat 1: _SKR (big blind) showed [Ac 9d] and won 63 with One pair : Jacks
Seat 3: Halim54dz (small blind) showed [Ah 8h] and won 63 with One pair : Jacks


Winamax Poker - Tournament "Expresso Nitro" buyIn: 1.86€ + 0.14€ level: 2 - HandId: #2696512096291520513-8-1675084380 - Holdem no limit (15/30) - 2023/01/30 13:13:00 UTC
Table: 'Expresso Nitro(627830647)#0' 3-max (real money) Seat #3 is the button
Seat 1: _SKR (63)
Seat 2: FuriusDONUTS (464)
Seat 3: Halim54dz (373)
*** ANTE/BLINDS ***
_SKR posts small blind 15
FuriusDONUTS posts big blind 30
Dealt to _SKR [3d 6c]
*** PRE-FLOP *** 
Halim54dz calls 30
_SKR folds
FuriusDONUTS checks
*** FLOP *** [2s 5d Qd]
FuriusDONUTS checks
Halim54dz bets 75
FuriusDONUTS calls 75
*** TURN *** [2s 5d Qd][4d]
FuriusDONUTS checks
Halim54dz bets 268 and is all-in
FuriusDONUTS folds
Halim54dz collected 493 from pot
*** SUMMARY ***
Total pot 493 | No rake
Board: [2s 5d Qd 4d]
Seat 3: Halim54dz (button) won 493


Winamax Poker - Tournament "Expresso Nitro" buyIn: 1.86€ + 0.14€ level: 2 - HandId: #2696512096291520513-9-1675084399 - Holdem no limit (15/30) - 2023/01/30 13:13:19 UTC
Table: 'Expresso Nitro(627830647)#0' 3-max (real money) Seat #1 is the button
Seat 1: _SKR (48)
Seat 2: FuriusDONUTS (359)
Seat 3: Halim54dz (493)
*** ANTE/BLINDS ***
FuriusDONUTS posts small blind 15
Halim54dz posts big blind 30
Dealt to _SKR [9d 5s]
*** PRE-FLOP *** 
_SKR folds
FuriusDONUTS raises 30 to 60
Halim54dz calls 30
*** FLOP *** [7s 2c 2d]
FuriusDONUTS bets 30
Halim54dz folds
FuriusDONUTS collected 150 from pot
*** SUMMARY ***
Total pot 150 | No rake
Board: [7s 2c 2d]
Seat 2: FuriusDONUTS (small blind) won 150


Winamax Poker - Tournament "Expresso Nitro" buyIn: 1.86€ + 0.14€ level: 3 - HandId: #2696512096291520513-10-1675084408 - Holdem no limit (20/40) - 2023/01/30 13:13:28 UTC
Table: 'Expresso Nitro(627830647)#0' 3-max (real money) Seat #2 is the button
Seat 1: _SKR (48)
Seat 2: FuriusDONUTS (419)
Seat 3: Halim54dz (433)
*** ANTE/BLINDS ***
Halim54dz posts small blind 20
_SKR posts big blind 40
Dealt to _SKR [6h As]
*** PRE-FLOP *** 
FuriusDONUTS raises 379 to 419 and is all-in
Halim54dz folds
_SKR calls 8 and is all-in
*** FLOP *** [8s 3d 9d]
*** TURN *** [8s 3d 9d][2c]
*** RIVER *** [8s 3d 9d 2c][6c]
*** SHOW DOWN ***
_SKR shows [6h As] (One pair : 6)
FuriusDONUTS shows [Ac Qs] (High card : Ace)
FuriusDONUTS collected 371 from side pot 1
_SKR collected 116 from main pot
*** SUMMARY ***
Total pot 487 | No rake
Board: [8s 3d 9d 2c 6c]
Seat 1: _SKR (big blind) showed [6h As] and won 116 with One pair : 6
Seat 2: FuriusDONUTS (button) showed [Ac Qs] and won 371 with High card : Ace


Winamax Poker - Tournament "Expresso Nitro" buyIn: 1.86€ + 0.14€ level: 3 - HandId: #2696512096291520513-11-1675084424 - Holdem no limit (20/40) - 2023/01/30 13:13:44 UTC
Table: 'Expresso Nitro(627830647)#0' 3-max (real money) Seat #3 is the button
Seat 1: _SKR (116)
Seat 2: FuriusDONUTS (371)
Seat 3: Halim54dz (413)
*** ANTE/BLINDS ***
_SKR posts small blind 20
FuriusDONUTS posts big blind 40
Dealt to _SKR [5c Jd]
*** PRE-FLOP *** 
Halim54dz calls 40
_SKR folds
FuriusDONUTS checks
*** FLOP *** [7h 2s 9c]
FuriusDONUTS checks
Halim54dz checks
*** TURN *** [7h 2s 9c][8h]
FuriusDONUTS bets 100
Halim54dz calls 100
*** RIVER *** [7h 2s 9c 8h][6c]
FuriusDONUTS checks
Halim54dz checks
*** SHOW DOWN ***
Halim54dz shows [Ah 6d] (One pair : 6)
FuriusDONUTS shows [2c 9s] (Two pairs : 9 and 2)
FuriusDONUTS collected 300 from pot
*** SUMMARY ***
Total pot 300 | No rake
Board: [7h 2s 9c 8h 6c]
Seat 2: FuriusDONUTS (big blind) showed [2c 9s] and won 300 with Two pairs : 9 and 2
Seat 3: Halim54dz (button) showed [Ah 6d] and lost with One pair : 6


Winamax Poker - Tournament "Expresso Nitro" buyIn: 1.86€ + 0.14€ level: 3 - HandId: #2696512096291520513-12-1675084449 - Holdem no limit (20/40) - 2023/01/30 13:14:09 UTC
Table: 'Expresso Nitro(627830647)#0' 3-max (real money) Seat #1 is the button
Seat 1: _SKR (96)
Seat 2: FuriusDONUTS (531)
Seat 3: Halim54dz (273)
*** ANTE/BLINDS ***
FuriusDONUTS posts small blind 20
Halim54dz posts big blind 40
Dealt to _SKR [2c 5h]
*** PRE-FLOP *** 
_SKR folds
FuriusDONUTS raises 491 to 531 and is all-in
Halim54dz folds
FuriusDONUTS collected 571 from pot
*** SUMMARY ***
Total pot 571 | No rake
Seat 2: FuriusDONUTS (small blind) won 571


Winamax Poker - Tournament "Expresso Nitro" buyIn: 1.86€ + 0.14€ level: 3 - HandId: #2696512096291520513-13-1675084457 - Holdem no limit (20/40) - 2023/01/30 13:14:17 UTC
Table: 'Expresso Nitro(627830647)#0' 3-max (real money) Seat #2 is the button
Seat 1: _SKR (96)
Seat 2: FuriusDONUTS (571)
Seat 3: Halim54dz (233)
*** ANTE/BLINDS ***
Halim54dz posts small blind 20
_SKR posts big blind 40
Dealt to _SKR [Qh 4c]
*** PRE-FLOP *** 
FuriusDONUTS raises 531 to 571 and is all-in
Halim54dz calls 213 and is all-in
_SKR folds
*** FLOP *** [Jh Ad 5s]
*** TURN *** [Jh Ad 5s][7s]
*** RIVER *** [Jh Ad 5s 7s][Ac]
*** SHOW DOWN ***
Halim54dz shows [2h 2d] (Two pairs : Aces and 2)
FuriusDONUTS shows [5d 6d] (Two pairs : Aces and 5)
FuriusDONUTS collected 844 from pot
*** SUMMARY ***
Total pot 844 | No rake
Board: [Jh Ad 5s 7s Ac]
Seat 2: FuriusDONUTS (button) showed [5d 6d] and won 844 with Two pairs : Aces and 5
Seat 3: Halim54dz (small blind) showed [2h 2d] and lost with Two pairs : Aces and 2


Winamax Poker - Tournament "Expresso Nitro" buyIn: 1.86€ + 0.14€ level: 4 - HandId: #2696512096291520513-14-1675084474 - Holdem no limit (30/60) - 2023/01/30 13:14:34 UTC
Table: 'Expresso Nitro(627830647)#0' 3-max (real money) Seat #1 is the button
Seat 1: _SKR (56)
Seat 2: FuriusDONUTS (844)
*** ANTE/BLINDS ***
_SKR posts small blind 30
FuriusDONUTS posts big blind 60
Dealt to _SKR [Ac Kd]
*** PRE-FLOP *** 
_SKR calls 26 and is all-in
*** FLOP *** [5c 4h 2h]
*** TURN *** [5c 4h 2h][2s]
*** RIVER *** [5c 4h 2h 2s][4d]
*** SHOW DOWN ***
_SKR shows [Ac Kd] (Two pairs : 4 and 2)
FuriusDONUTS shows [5s Kh] (Two pairs : 5 and 4)
FuriusDONUTS collected 116 from pot
*** SUMMARY ***
Total pot 116 | No rake
Board: [5c 4h 2h 2s 4d]
Seat 1: _SKR (small blind) (button) showed [Ac Kd] and lost with Two pairs : 4 and 2
Seat 2: FuriusDONUTS (big blind) showed [5s Kh] and won 116 with Two pairs : 5 and 4


