Winamax Poker - Tournament "Expresso Nitro" buyIn: 0.93€ + 0.07€ level: 1 - HandId: #2675024276125384705-1-1673740579 - Holdem no limit (10/20) - 2023/01/14 23:56:19 UTC
Table: 'Expresso Nitro(622827624)#0' 3-max (real money) Seat #1 is the button
Seat 1: Narzo62 (300)
Seat 2: YO Warrior16 (300)
Seat 3: _SKR (300)
*** ANTE/BLINDS ***
YO Warrior16 posts small blind 10
_SKR posts big blind 20
Dealt to _SKR [8h Ks]
*** PRE-FLOP *** 
Narzo62 calls 20
YO Warrior16 folds
_SKR checks
*** FLOP *** [7h Qd 9c]
_SKR checks
Narzo62 checks
*** TURN *** [7h Qd 9c][8c]
_SKR checks
Narzo62 checks
*** RIVER *** [7h Qd 9c 8c][Ah]
_SKR checks
Narzo62 bets 20
_SKR calls 20
*** SHOW DOWN ***
_SKR shows [8h Ks] (One pair : 8)
Narzo62 shows [Ac Th] (One pair : Aces)
Narzo62 collected 90 from pot
*** SUMMARY ***
Total pot 90 | No rake
Board: [7h Qd 9c 8c Ah]
Seat 1: Narzo62 (button) showed [Ac Th] and won 90 with One pair : Aces
Seat 3: _SKR (big blind) showed [8h Ks] and lost with One pair : 8


Winamax Poker - Tournament "Expresso Nitro" buyIn: 0.93€ + 0.07€ level: 1 - HandId: #2675024276125384705-2-1673740617 - Holdem no limit (10/20) - 2023/01/14 23:56:57 UTC
Table: 'Expresso Nitro(622827624)#0' 3-max (real money) Seat #2 is the button
Seat 1: Narzo62 (350)
Seat 2: YO Warrior16 (290)
Seat 3: _SKR (260)
*** ANTE/BLINDS ***
_SKR posts small blind 10
Narzo62 posts big blind 20
Dealt to _SKR [6h Kd]
*** PRE-FLOP *** 
YO Warrior16 folds
_SKR calls 10
Narzo62 checks
*** FLOP *** [6s 9h 7s]
_SKR checks
Narzo62 checks
*** TURN *** [6s 9h 7s][8d]
_SKR checks
Narzo62 checks
*** RIVER *** [6s 9h 7s 8d][Qd]
_SKR checks
Narzo62 checks
*** SHOW DOWN ***
Narzo62 shows [Ad Jd] (High card : Ace)
_SKR shows [6h Kd] (One pair : 6)
_SKR collected 40 from pot
*** SUMMARY ***
Total pot 40 | No rake
Board: [6s 9h 7s 8d Qd]
Seat 1: Narzo62 (big blind) showed [Ad Jd] and lost with High card : Ace
Seat 3: _SKR (small blind) showed [6h Kd] and won 40 with One pair : 6


Winamax Poker - Tournament "Expresso Nitro" buyIn: 0.93€ + 0.07€ level: 2 - HandId: #2675024276125384705-3-1673740652 - Holdem no limit (15/30) - 2023/01/14 23:57:32 UTC
Table: 'Expresso Nitro(622827624)#0' 3-max (real money) Seat #3 is the button
Seat 1: Narzo62 (330)
Seat 2: YO Warrior16 (290)
Seat 3: _SKR (280)
*** ANTE/BLINDS ***
Narzo62 posts small blind 15
YO Warrior16 posts big blind 30
Dealt to _SKR [8d Tc]
*** PRE-FLOP *** 
_SKR folds
Narzo62 folds
YO Warrior16 collected 45 from pot
*** SUMMARY ***
Total pot 45 | No rake
Seat 2: YO Warrior16 (big blind) won 45


Winamax Poker - Tournament "Expresso Nitro" buyIn: 0.93€ + 0.07€ level: 2 - HandId: #2675024276125384705-4-1673740659 - Holdem no limit (15/30) - 2023/01/14 23:57:39 UTC
Table: 'Expresso Nitro(622827624)#0' 3-max (real money) Seat #1 is the button
Seat 1: Narzo62 (315)
Seat 2: YO Warrior16 (305)
Seat 3: _SKR (280)
*** ANTE/BLINDS ***
YO Warrior16 posts small blind 15
_SKR posts big blind 30
Dealt to _SKR [9h 4s]
*** PRE-FLOP *** 
Narzo62 calls 30
YO Warrior16 raises 275 to 305 and is all-in
_SKR folds
Narzo62 folds
YO Warrior16 collected 365 from pot
*** SUMMARY ***
Total pot 365 | No rake
Seat 2: YO Warrior16 (small blind) won 365


Winamax Poker - Tournament "Expresso Nitro" buyIn: 0.93€ + 0.07€ level: 2 - HandId: #2675024276125384705-5-1673740674 - Holdem no limit (15/30) - 2023/01/14 23:57:54 UTC
Table: 'Expresso Nitro(622827624)#0' 3-max (real money) Seat #2 is the button
Seat 1: Narzo62 (285)
Seat 2: YO Warrior16 (365)
Seat 3: _SKR (250)
*** ANTE/BLINDS ***
_SKR posts small blind 15
Narzo62 posts big blind 30
Dealt to _SKR [Qs 4c]
*** PRE-FLOP *** 
YO Warrior16 folds
_SKR folds
Narzo62 collected 45 from pot
*** SUMMARY ***
Total pot 45 | No rake
Seat 1: Narzo62 (big blind) won 45


Winamax Poker - Tournament "Expresso Nitro" buyIn: 0.93€ + 0.07€ level: 2 - HandId: #2675024276125384705-6-1673740682 - Holdem no limit (15/30) - 2023/01/14 23:58:02 UTC
Table: 'Expresso Nitro(622827624)#0' 3-max (real money) Seat #3 is the button
Seat 1: Narzo62 (300)
Seat 2: YO Warrior16 (365)
Seat 3: _SKR (235)
*** ANTE/BLINDS ***
Narzo62 posts small blind 15
YO Warrior16 posts big blind 30
Dealt to _SKR [3s Qc]
*** PRE-FLOP *** 
_SKR folds
Narzo62 calls 15
YO Warrior16 checks
*** FLOP *** [5s Td Ac]
Narzo62 checks
YO Warrior16 bets 30
Narzo62 calls 30
*** TURN *** [5s Td Ac][8h]
Narzo62 checks
YO Warrior16 bets 30
Narzo62 calls 30
*** RIVER *** [5s Td Ac 8h][8s]
Narzo62 bets 60
YO Warrior16 raises 120 to 180
Narzo62 calls 120
*** SHOW DOWN ***
Narzo62 shows [Ah 5d] (Two pairs : Aces and 8)
YO Warrior16 shows [5c 8c] (Full of 8 and 5)
YO Warrior16 collected 540 from pot
*** SUMMARY ***
Total pot 540 | No rake
Board: [5s Td Ac 8h 8s]
Seat 1: Narzo62 (small blind) showed [Ah 5d] and lost with Two pairs : Aces and 8
Seat 2: YO Warrior16 (big blind) showed [5c 8c] and won 540 with Full of 8 and 5


Winamax Poker - Tournament "Expresso Nitro" buyIn: 0.93€ + 0.07€ level: 3 - HandId: #2675024276125384705-7-1673740736 - Holdem no limit (20/40) - 2023/01/14 23:58:56 UTC
Table: 'Expresso Nitro(622827624)#0' 3-max (real money) Seat #1 is the button
Seat 1: Narzo62 (30)
Seat 2: YO Warrior16 (635)
Seat 3: _SKR (235)
*** ANTE/BLINDS ***
YO Warrior16 posts small blind 20
_SKR posts big blind 40
Dealt to _SKR [5d Qd]
*** PRE-FLOP *** 
Narzo62 calls 30 and is all-in
YO Warrior16 folds
*** FLOP *** [9d 7h Js]
*** TURN *** [9d 7h Js][5s]
*** RIVER *** [9d 7h Js 5s][8c]
*** SHOW DOWN ***
Narzo62 shows [8s Ad] (One pair : 8)
_SKR shows [5d Qd] (One pair : 5)
_SKR collected 10 from side pot 1
Narzo62 collected 80 from main pot
*** SUMMARY ***
Total pot 90 | No rake
Board: [9d 7h Js 5s 8c]
Seat 1: Narzo62 (button) showed [8s Ad] and won 80 with One pair : 8
Seat 3: _SKR (big blind) showed [5d Qd] and won 10 with One pair : 5


Winamax Poker - Tournament "Expresso Nitro" buyIn: 0.93€ + 0.07€ level: 3 - HandId: #2675024276125384705-8-1673740751 - Holdem no limit (20/40) - 2023/01/14 23:59:11 UTC
Table: 'Expresso Nitro(622827624)#0' 3-max (real money) Seat #2 is the button
Seat 1: Narzo62 (80)
Seat 2: YO Warrior16 (615)
Seat 3: _SKR (205)
*** ANTE/BLINDS ***
_SKR posts small blind 20
Narzo62 posts big blind 40
Dealt to _SKR [Qs 2d]
*** PRE-FLOP *** 
YO Warrior16 folds
_SKR raises 165 to 205 and is all-in
Narzo62 calls 40 and is all-in
*** FLOP *** [Kh 2c As]
*** TURN *** [Kh 2c As][3s]
*** RIVER *** [Kh 2c As 3s][Kd]
*** SHOW DOWN ***
Narzo62 shows [5c 5h] (Two pairs : Kings and 5)
_SKR shows [Qs 2d] (Two pairs : Kings and 2)
_SKR collected 125 from side pot 1
Narzo62 collected 160 from main pot
*** SUMMARY ***
Total pot 285 | No rake
Board: [Kh 2c As 3s Kd]
Seat 1: Narzo62 (big blind) showed [5c 5h] and won 160 with Two pairs : Kings and 5
Seat 3: _SKR (small blind) showed [Qs 2d] and won 125 with Two pairs : Kings and 2


Winamax Poker - Tournament "Expresso Nitro" buyIn: 0.93€ + 0.07€ level: 4 - HandId: #2675024276125384705-9-1673740764 - Holdem no limit (30/60) - 2023/01/14 23:59:24 UTC
Table: 'Expresso Nitro(622827624)#0' 3-max (real money) Seat #3 is the button
Seat 1: Narzo62 (160)
Seat 2: YO Warrior16 (615)
Seat 3: _SKR (125)
*** ANTE/BLINDS ***
Narzo62 posts small blind 30
YO Warrior16 posts big blind 60
Dealt to _SKR [4h Jc]
*** PRE-FLOP *** 
_SKR folds
Narzo62 folds
YO Warrior16 collected 90 from pot
*** SUMMARY ***
Total pot 90 | No rake
Seat 2: YO Warrior16 (big blind) won 90


Winamax Poker - Tournament "Expresso Nitro" buyIn: 0.93€ + 0.07€ level: 4 - HandId: #2675024276125384705-10-1673740769 - Holdem no limit (30/60) - 2023/01/14 23:59:29 UTC
Table: 'Expresso Nitro(622827624)#0' 3-max (real money) Seat #1 is the button
Seat 1: Narzo62 (130)
Seat 2: YO Warrior16 (645)
Seat 3: _SKR (125)
*** ANTE/BLINDS ***
YO Warrior16 posts small blind 30
_SKR posts big blind 60
Dealt to _SKR [Ts Kh]
*** PRE-FLOP *** 
Narzo62 folds
YO Warrior16 raises 120 to 180
_SKR calls 65 and is all-in
*** FLOP *** [5s Th 6h]
*** TURN *** [5s Th 6h][6c]
*** RIVER *** [5s Th 6h 6c][7c]
*** SHOW DOWN ***
YO Warrior16 shows [Ac 3c] (One pair : 6)
_SKR shows [Ts Kh] (Two pairs : Tens and 6)
_SKR collected 250 from main pot
YO Warrior16 collected 55 from side pot 1
*** SUMMARY ***
Total pot 305 | No rake
Board: [5s Th 6h 6c 7c]
Seat 2: YO Warrior16 (small blind) showed [Ac 3c] and won 55 with One pair : 6
Seat 3: _SKR (big blind) showed [Ts Kh] and won 250 with Two pairs : Tens and 6


Winamax Poker - Tournament "Expresso Nitro" buyIn: 0.93€ + 0.07€ level: 4 - HandId: #2675024276125384705-11-1673740787 - Holdem no limit (30/60) - 2023/01/14 23:59:47 UTC
Table: 'Expresso Nitro(622827624)#0' 3-max (real money) Seat #2 is the button
Seat 1: Narzo62 (130)
Seat 2: YO Warrior16 (520)
Seat 3: _SKR (250)
*** ANTE/BLINDS ***
_SKR posts small blind 30
Narzo62 posts big blind 60
Dealt to _SKR [Jh Kh]
*** PRE-FLOP *** 
YO Warrior16 folds
_SKR raises 190 to 250 and is all-in
Narzo62 folds
_SKR collected 310 from pot
*** SUMMARY ***
Total pot 310 | No rake
Seat 3: _SKR (small blind) won 310


Winamax Poker - Tournament "Expresso Nitro" buyIn: 0.93€ + 0.07€ level: 4 - HandId: #2675024276125384705-12-1673740797 - Holdem no limit (30/60) - 2023/01/14 23:59:57 UTC
Table: 'Expresso Nitro(622827624)#0' 3-max (real money) Seat #3 is the button
Seat 1: Narzo62 (70)
Seat 2: YO Warrior16 (520)
Seat 3: _SKR (310)
*** ANTE/BLINDS ***
Narzo62 posts small blind 30
YO Warrior16 posts big blind 60
Dealt to _SKR [6s 6d]
*** PRE-FLOP *** 
_SKR raises 250 to 310 and is all-in
Narzo62 calls 40 and is all-in
YO Warrior16 folds
*** FLOP *** [4h Qs Jc]
*** TURN *** [4h Qs Jc][3d]
*** RIVER *** [4h Qs Jc 3d][Ts]
*** SHOW DOWN ***
Narzo62 shows [Qd As] (One pair : Queens)
_SKR shows [6s 6d] (One pair : 6)
_SKR collected 240 from side pot 1
Narzo62 collected 200 from main pot
*** SUMMARY ***
Total pot 440 | No rake
Board: [4h Qs Jc 3d Ts]
Seat 1: Narzo62 (small blind) showed [Qd As] and won 200 with One pair : Queens
Seat 3: _SKR (button) showed [6s 6d] and won 240 with One pair : 6


