Winamax Poker - Tournament "Expresso Nitro" buyIn: 0.93€ + 0.07€ level: 1 - HandId: #2718655508855652353-1-1676293767 - Holdem no limit (10/20) - 2023/02/13 13:09:27 UTC
Table: 'Expresso Nitro(632986312)#0' 3-max (real money) Seat #2 is the button
Seat 1: _SKR (300)
Seat 2: Mat11s (300)
Seat 3: Cyjuso27 (300)
*** ANTE/BLINDS ***
Cyjuso27 posts small blind 10
_SKR posts big blind 20
Dealt to _SKR [8s 8c]
*** PRE-FLOP *** 
Mat11s folds
Cyjuso27 folds
_SKR collected 30 from pot
*** SUMMARY ***
Total pot 30 | No rake
Seat 1: _SKR (big blind) won 30


Winamax Poker - Tournament "Expresso Nitro" buyIn: 0.93€ + 0.07€ level: 1 - HandId: #2718655508855652353-2-1676293799 - Holdem no limit (10/20) - 2023/02/13 13:09:59 UTC
Table: 'Expresso Nitro(632986312)#0' 3-max (real money) Seat #3 is the button
Seat 1: _SKR (310)
Seat 2: Mat11s (300)
Seat 3: Cyjuso27 (290)
*** ANTE/BLINDS ***
_SKR posts small blind 10
Mat11s posts big blind 20
Dealt to _SKR [2d 3c]
*** PRE-FLOP *** 
Cyjuso27 folds
_SKR folds
Mat11s collected 30 from pot
*** SUMMARY ***
Total pot 30 | No rake
Seat 2: Mat11s (big blind) won 30


Winamax Poker - Tournament "Expresso Nitro" buyIn: 0.93€ + 0.07€ level: 1 - HandId: #2718655508855652353-3-1676293806 - Holdem no limit (10/20) - 2023/02/13 13:10:06 UTC
Table: 'Expresso Nitro(632986312)#0' 3-max (real money) Seat #1 is the button
Seat 1: _SKR (300)
Seat 2: Mat11s (310)
Seat 3: Cyjuso27 (290)
*** ANTE/BLINDS ***
Mat11s posts small blind 10
Cyjuso27 posts big blind 20
Dealt to _SKR [7d 8s]
*** PRE-FLOP *** 
_SKR folds
Mat11s folds
Cyjuso27 collected 30 from pot
*** SUMMARY ***
Total pot 30 | No rake
Seat 3: Cyjuso27 (big blind) won 30


Winamax Poker - Tournament "Expresso Nitro" buyIn: 0.93€ + 0.07€ level: 1 - HandId: #2718655508855652353-4-1676293817 - Holdem no limit (10/20) - 2023/02/13 13:10:17 UTC
Table: 'Expresso Nitro(632986312)#0' 3-max (real money) Seat #2 is the button
Seat 1: _SKR (300)
Seat 2: Mat11s (300)
Seat 3: Cyjuso27 (300)
*** ANTE/BLINDS ***
Cyjuso27 posts small blind 10
_SKR posts big blind 20
Dealt to _SKR [Jd 6c]
*** PRE-FLOP *** 
Mat11s folds
Cyjuso27 folds
_SKR collected 30 from pot
*** SUMMARY ***
Total pot 30 | No rake
Seat 1: _SKR (big blind) won 30


Winamax Poker - Tournament "Expresso Nitro" buyIn: 0.93€ + 0.07€ level: 2 - HandId: #2718655508855652353-5-1676293826 - Holdem no limit (15/30) - 2023/02/13 13:10:26 UTC
Table: 'Expresso Nitro(632986312)#0' 3-max (real money) Seat #3 is the button
Seat 1: _SKR (310)
Seat 2: Mat11s (300)
Seat 3: Cyjuso27 (290)
*** ANTE/BLINDS ***
_SKR posts small blind 15
Mat11s posts big blind 30
Dealt to _SKR [4s 9h]
*** PRE-FLOP *** 
Cyjuso27 folds
_SKR folds
Mat11s collected 45 from pot
*** SUMMARY ***
Total pot 45 | No rake
Seat 2: Mat11s (big blind) won 45


Winamax Poker - Tournament "Expresso Nitro" buyIn: 0.93€ + 0.07€ level: 2 - HandId: #2718655508855652353-6-1676293832 - Holdem no limit (15/30) - 2023/02/13 13:10:32 UTC
Table: 'Expresso Nitro(632986312)#0' 3-max (real money) Seat #1 is the button
Seat 1: _SKR (295)
Seat 2: Mat11s (315)
Seat 3: Cyjuso27 (290)
*** ANTE/BLINDS ***
Mat11s posts small blind 15
Cyjuso27 posts big blind 30
Dealt to _SKR [Kd Kc]
*** PRE-FLOP *** 
_SKR raises 30 to 60
Mat11s folds
Cyjuso27 folds
_SKR collected 105 from pot
*** SUMMARY ***
Total pot 105 | No rake
Seat 1: _SKR (button) won 105


Winamax Poker - Tournament "Expresso Nitro" buyIn: 0.93€ + 0.07€ level: 2 - HandId: #2718655508855652353-7-1676293841 - Holdem no limit (15/30) - 2023/02/13 13:10:41 UTC
Table: 'Expresso Nitro(632986312)#0' 3-max (real money) Seat #2 is the button
Seat 1: _SKR (340)
Seat 2: Mat11s (300)
Seat 3: Cyjuso27 (260)
*** ANTE/BLINDS ***
Cyjuso27 posts small blind 15
_SKR posts big blind 30
Dealt to _SKR [6s Kd]
*** PRE-FLOP *** 
Mat11s folds
Cyjuso27 raises 230 to 260 and is all-in
_SKR folds
Cyjuso27 collected 290 from pot
*** SUMMARY ***
Total pot 290 | No rake
Seat 3: Cyjuso27 (small blind) won 290


Winamax Poker - Tournament "Expresso Nitro" buyIn: 0.93€ + 0.07€ level: 2 - HandId: #2718655508855652353-8-1676293849 - Holdem no limit (15/30) - 2023/02/13 13:10:49 UTC
Table: 'Expresso Nitro(632986312)#0' 3-max (real money) Seat #3 is the button
Seat 1: _SKR (310)
Seat 2: Mat11s (300)
Seat 3: Cyjuso27 (290)
*** ANTE/BLINDS ***
_SKR posts small blind 15
Mat11s posts big blind 30
Dealt to _SKR [Jd Jh]
*** PRE-FLOP *** 
Cyjuso27 folds
_SKR raises 280 to 310 and is all-in
Mat11s folds
_SKR collected 340 from pot
*** SUMMARY ***
Total pot 340 | No rake
Seat 1: _SKR (small blind) won 340


Winamax Poker - Tournament "Expresso Nitro" buyIn: 0.93€ + 0.07€ level: 2 - HandId: #2718655508855652353-9-1676293856 - Holdem no limit (15/30) - 2023/02/13 13:10:56 UTC
Table: 'Expresso Nitro(632986312)#0' 3-max (real money) Seat #1 is the button
Seat 1: _SKR (340)
Seat 2: Mat11s (270)
Seat 3: Cyjuso27 (290)
*** ANTE/BLINDS ***
Mat11s posts small blind 15
Cyjuso27 posts big blind 30
Dealt to _SKR [Ac Kh]
*** PRE-FLOP *** 
_SKR raises 310 to 340 and is all-in
Mat11s calls 255 and is all-in
Cyjuso27 folds
*** FLOP *** [2c 9c 9h]
*** TURN *** [2c 9c 9h][7h]
*** RIVER *** [2c 9c 9h 7h][4s]
*** SHOW DOWN ***
_SKR shows [Ac Kh] (One pair : 9)
Mat11s shows [Ks 9d] (Trips of 9)
Mat11s collected 570 from main pot
_SKR collected 70 from side pot 1
*** SUMMARY ***
Total pot 640 | No rake
Board: [2c 9c 9h 7h 4s]
Seat 1: _SKR (button) showed [Ac Kh] and won 70 with One pair : 9
Seat 2: Mat11s (small blind) showed [Ks 9d] and won 570 with Trips of 9


Winamax Poker - Tournament "Expresso Nitro" buyIn: 0.93€ + 0.07€ level: 2 - HandId: #2718655508855652353-10-1676293869 - Holdem no limit (15/30) - 2023/02/13 13:11:09 UTC
Table: 'Expresso Nitro(632986312)#0' 3-max (real money) Seat #2 is the button
Seat 1: _SKR (70)
Seat 2: Mat11s (570)
Seat 3: Cyjuso27 (260)
*** ANTE/BLINDS ***
Cyjuso27 posts small blind 15
_SKR posts big blind 30
Dealt to _SKR [5c 8h]
*** PRE-FLOP *** 
Mat11s raises 75 to 105
Cyjuso27 raises 155 to 260 and is all-in
_SKR folds
Mat11s calls 155
*** FLOP *** [3c 8s 6d]
*** TURN *** [3c 8s 6d][Kh]
*** RIVER *** [3c 8s 6d Kh][Kd]
*** SHOW DOWN ***
Mat11s shows [Jh 9s] (One pair : Kings)
Cyjuso27 shows [Ac Tc] (One pair : Kings)
Cyjuso27 collected 550 from pot
*** SUMMARY ***
Total pot 550 | No rake
Board: [3c 8s 6d Kh Kd]
Seat 2: Mat11s (button) showed [Jh 9s] and lost with One pair : Kings
Seat 3: Cyjuso27 (small blind) showed [Ac Tc] and won 550 with One pair : Kings


Winamax Poker - Tournament "Expresso Nitro" buyIn: 0.93€ + 0.07€ level: 3 - HandId: #2718655508855652353-11-1676293885 - Holdem no limit (20/40) - 2023/02/13 13:11:25 UTC
Table: 'Expresso Nitro(632986312)#0' 3-max (real money) Seat #3 is the button
Seat 1: _SKR (40)
Seat 2: Mat11s (310)
Seat 3: Cyjuso27 (550)
*** ANTE/BLINDS ***
_SKR posts small blind 20
Mat11s posts big blind 40
Dealt to _SKR [Kd Ad]
*** PRE-FLOP *** 
Cyjuso27 folds
_SKR calls 20 and is all-in
*** FLOP *** [7d 9h 3h]
*** TURN *** [7d 9h 3h][9c]
*** RIVER *** [7d 9h 3h 9c][5c]
*** SHOW DOWN ***
_SKR shows [Kd Ad] (One pair : 9)
Mat11s shows [Qd Qh] (Two pairs : Queens and 9)
Mat11s collected 80 from pot
*** SUMMARY ***
Total pot 80 | No rake
Board: [7d 9h 3h 9c 5c]
Seat 1: _SKR (small blind) showed [Kd Ad] and lost with One pair : 9
Seat 2: Mat11s (big blind) showed [Qd Qh] and won 80 with Two pairs : Queens and 9


