Winamax Poker - Tournament "Expresso Nitro" buyIn: 0.93€ + 0.07€ level: 1 - HandId: #2690516764327936001-1-1674684442 - Holdem no limit (10/20) - 2023/01/25 22:07:22 UTC
Table: 'Expresso Nitro(626434750)#0' 3-max (real money) Seat #2 is the button
Seat 1: _SKR (300)
Seat 2: michachon (300)
Seat 3: Weakfish33 (300)
*** ANTE/BLINDS ***
Weakfish33 posts small blind 10
_SKR posts big blind 20
Dealt to _SKR [4d 6d]
*** PRE-FLOP *** 
michachon folds
Weakfish33 folds
_SKR collected 30 from pot
*** SUMMARY ***
Total pot 30 | No rake
Seat 1: _SKR (big blind) won 30


Winamax Poker - Tournament "Expresso Nitro" buyIn: 0.93€ + 0.07€ level: 1 - HandId: #2690516764327936001-2-1674684451 - Holdem no limit (10/20) - 2023/01/25 22:07:31 UTC
Table: 'Expresso Nitro(626434750)#0' 3-max (real money) Seat #3 is the button
Seat 1: _SKR (310)
Seat 2: michachon (300)
Seat 3: Weakfish33 (290)
*** ANTE/BLINDS ***
_SKR posts small blind 10
michachon posts big blind 20
Dealt to _SKR [2d 8h]
*** PRE-FLOP *** 
Weakfish33 raises 20 to 40
_SKR folds
michachon folds
Weakfish33 collected 70 from pot
*** SUMMARY ***
Total pot 70 | No rake
Seat 3: Weakfish33 (button) won 70


Winamax Poker - Tournament "Expresso Nitro" buyIn: 0.93€ + 0.07€ level: 1 - HandId: #2690516764327936001-3-1674684463 - Holdem no limit (10/20) - 2023/01/25 22:07:43 UTC
Table: 'Expresso Nitro(626434750)#0' 3-max (real money) Seat #1 is the button
Seat 1: _SKR (300)
Seat 2: michachon (280)
Seat 3: Weakfish33 (320)
*** ANTE/BLINDS ***
michachon posts small blind 10
Weakfish33 posts big blind 20
Dealt to _SKR [Ad 7h]
*** PRE-FLOP *** 
_SKR raises 280 to 300 and is all-in
michachon folds
Weakfish33 folds
_SKR collected 330 from pot
*** SUMMARY ***
Total pot 330 | No rake
Seat 1: _SKR (button) won 330


Winamax Poker - Tournament "Expresso Nitro" buyIn: 0.93€ + 0.07€ level: 1 - HandId: #2690516764327936001-4-1674684470 - Holdem no limit (10/20) - 2023/01/25 22:07:50 UTC
Table: 'Expresso Nitro(626434750)#0' 3-max (real money) Seat #2 is the button
Seat 1: _SKR (330)
Seat 2: michachon (270)
Seat 3: Weakfish33 (300)
*** ANTE/BLINDS ***
Weakfish33 posts small blind 10
_SKR posts big blind 20
Dealt to _SKR [Tc 9d]
*** PRE-FLOP *** 
michachon calls 20
Weakfish33 folds
_SKR checks
*** FLOP *** [4d Ks 9s]
_SKR checks
michachon bets 20
_SKR calls 20
*** TURN *** [4d Ks 9s][5s]
_SKR checks
michachon bets 31
_SKR calls 31
*** RIVER *** [4d Ks 9s 5s][Js]
_SKR checks
michachon bets 99
_SKR folds
michachon collected 251 from pot
*** SUMMARY ***
Total pot 251 | No rake
Board: [4d Ks 9s 5s Js]
Seat 2: michachon (button) won 251


Winamax Poker - Tournament "Expresso Nitro" buyIn: 0.93€ + 0.07€ level: 1 - HandId: #2690516764327936001-5-1674684496 - Holdem no limit (10/20) - 2023/01/25 22:08:16 UTC
Table: 'Expresso Nitro(626434750)#0' 3-max (real money) Seat #3 is the button
Seat 1: _SKR (259)
Seat 2: michachon (351)
Seat 3: Weakfish33 (290)
*** ANTE/BLINDS ***
_SKR posts small blind 10
michachon posts big blind 20
Dealt to _SKR [4d 8s]
*** PRE-FLOP *** 
Weakfish33 raises 270 to 290 and is all-in
_SKR folds
michachon folds
Weakfish33 collected 320 from pot
*** SUMMARY ***
Total pot 320 | No rake
Seat 3: Weakfish33 (button) won 320


Winamax Poker - Tournament "Expresso Nitro" buyIn: 0.93€ + 0.07€ level: 2 - HandId: #2690516764327936001-6-1674684505 - Holdem no limit (15/30) - 2023/01/25 22:08:25 UTC
Table: 'Expresso Nitro(626434750)#0' 3-max (real money) Seat #1 is the button
Seat 1: _SKR (249)
Seat 2: michachon (331)
Seat 3: Weakfish33 (320)
*** ANTE/BLINDS ***
michachon posts small blind 15
Weakfish33 posts big blind 30
Dealt to _SKR [8h 6h]
*** PRE-FLOP *** 
_SKR folds
michachon calls 15
Weakfish33 checks
*** FLOP *** [4d 4s 9h]
michachon checks
Weakfish33 checks
*** TURN *** [4d 4s 9h][7h]
michachon bets 30
Weakfish33 folds
michachon collected 90 from pot
*** SUMMARY ***
Total pot 90 | No rake
Board: [4d 4s 9h 7h]
Seat 2: michachon (small blind) won 90


Winamax Poker - Tournament "Expresso Nitro" buyIn: 0.93€ + 0.07€ level: 2 - HandId: #2690516764327936001-7-1674684517 - Holdem no limit (15/30) - 2023/01/25 22:08:37 UTC
Table: 'Expresso Nitro(626434750)#0' 3-max (real money) Seat #2 is the button
Seat 1: _SKR (249)
Seat 2: michachon (361)
Seat 3: Weakfish33 (290)
*** ANTE/BLINDS ***
Weakfish33 posts small blind 15
_SKR posts big blind 30
Dealt to _SKR [Js Tc]
*** PRE-FLOP *** 
michachon raises 331 to 361 and is all-in
Weakfish33 calls 275 and is all-in
_SKR folds
*** FLOP *** [3d 5d Kh]
*** TURN *** [3d 5d Kh][Kc]
*** RIVER *** [3d 5d Kh Kc][Jh]
*** SHOW DOWN ***
michachon shows [Jd Td] (Two pairs : Kings and Jacks)
Weakfish33 shows [Kd Qh] (Trips of Kings)
Weakfish33 collected 610 from main pot
michachon collected 71 from side pot 1
*** SUMMARY ***
Total pot 681 | No rake
Board: [3d 5d Kh Kc Jh]
Seat 2: michachon (button) showed [Jd Td] and won 71 with Two pairs : Kings and Jacks
Seat 3: Weakfish33 (small blind) showed [Kd Qh] and won 610 with Trips of Kings


Winamax Poker - Tournament "Expresso Nitro" buyIn: 0.93€ + 0.07€ level: 2 - HandId: #2690516764327936001-8-1674684535 - Holdem no limit (15/30) - 2023/01/25 22:08:55 UTC
Table: 'Expresso Nitro(626434750)#0' 3-max (real money) Seat #3 is the button
Seat 1: _SKR (219)
Seat 2: michachon (71)
Seat 3: Weakfish33 (610)
*** ANTE/BLINDS ***
_SKR posts small blind 15
michachon posts big blind 30
Dealt to _SKR [5s 8s]
*** PRE-FLOP *** 
Weakfish33 folds
_SKR folds
michachon collected 45 from pot
*** SUMMARY ***
Total pot 45 | No rake
Seat 2: michachon (big blind) won 45


Winamax Poker - Tournament "Expresso Nitro" buyIn: 0.93€ + 0.07€ level: 2 - HandId: #2690516764327936001-9-1674684543 - Holdem no limit (15/30) - 2023/01/25 22:09:03 UTC
Table: 'Expresso Nitro(626434750)#0' 3-max (real money) Seat #1 is the button
Seat 1: _SKR (204)
Seat 2: michachon (86)
Seat 3: Weakfish33 (610)
*** ANTE/BLINDS ***
michachon posts small blind 15
Weakfish33 posts big blind 30
Dealt to _SKR [Ts Kc]
*** PRE-FLOP *** 
_SKR raises 174 to 204 and is all-in
michachon folds
Weakfish33 folds
_SKR collected 249 from pot
*** SUMMARY ***
Total pot 249 | No rake
Seat 1: _SKR (button) won 249


Winamax Poker - Tournament "Expresso Nitro" buyIn: 0.93€ + 0.07€ level: 2 - HandId: #2690516764327936001-10-1674684549 - Holdem no limit (15/30) - 2023/01/25 22:09:09 UTC
Table: 'Expresso Nitro(626434750)#0' 3-max (real money) Seat #2 is the button
Seat 1: _SKR (249)
Seat 2: michachon (71)
Seat 3: Weakfish33 (580)
*** ANTE/BLINDS ***
Weakfish33 posts small blind 15
_SKR posts big blind 30
Dealt to _SKR [2h 3d]
*** PRE-FLOP *** 
michachon folds
Weakfish33 folds
_SKR collected 45 from pot
*** SUMMARY ***
Total pot 45 | No rake
Seat 1: _SKR (big blind) won 45


Winamax Poker - Tournament "Expresso Nitro" buyIn: 0.93€ + 0.07€ level: 2 - HandId: #2690516764327936001-11-1674684553 - Holdem no limit (15/30) - 2023/01/25 22:09:13 UTC
Table: 'Expresso Nitro(626434750)#0' 3-max (real money) Seat #3 is the button
Seat 1: _SKR (264)
Seat 2: michachon (71)
Seat 3: Weakfish33 (565)
*** ANTE/BLINDS ***
_SKR posts small blind 15
michachon posts big blind 30
Dealt to _SKR [Jh Tc]
*** PRE-FLOP *** 
Weakfish33 folds
_SKR raises 234 to 264 and is all-in
michachon calls 41 and is all-in
*** FLOP *** [8s Qh As]
*** TURN *** [8s Qh As][3h]
*** RIVER *** [8s Qh As 3h][Kh]
*** SHOW DOWN ***
michachon shows [Ah Qs] (Two pairs : Aces and Queens)
_SKR shows [Jh Tc] (Straight Ace high)
_SKR collected 335 from pot
*** SUMMARY ***
Total pot 335 | No rake
Board: [8s Qh As 3h Kh]
Seat 1: _SKR (small blind) showed [Jh Tc] and won 335 with Straight Ace high
Seat 2: michachon (big blind) showed [Ah Qs] and lost with Two pairs : Aces and Queens


Winamax Poker - Tournament "Expresso Nitro" buyIn: 0.93€ + 0.07€ level: 3 - HandId: #2690516764327936001-12-1674684570 - Holdem no limit (20/40) - 2023/01/25 22:09:30 UTC
Table: 'Expresso Nitro(626434750)#0' 3-max (real money) Seat #3 is the button
Seat 1: _SKR (335)
Seat 3: Weakfish33 (565)
*** ANTE/BLINDS ***
Weakfish33 posts small blind 20
_SKR posts big blind 40
Dealt to _SKR [Jd 4c]
*** PRE-FLOP *** 
Weakfish33 folds
_SKR collected 60 from pot
*** SUMMARY ***
Total pot 60 | No rake
Seat 1: _SKR (big blind) won 60


Winamax Poker - Tournament "Expresso Nitro" buyIn: 0.93€ + 0.07€ level: 3 - HandId: #2690516764327936001-13-1674684573 - Holdem no limit (20/40) - 2023/01/25 22:09:33 UTC
Table: 'Expresso Nitro(626434750)#0' 3-max (real money) Seat #1 is the button
Seat 1: _SKR (355)
Seat 3: Weakfish33 (545)
*** ANTE/BLINDS ***
_SKR posts small blind 20
Weakfish33 posts big blind 40
Dealt to _SKR [8h 6d]
*** PRE-FLOP *** 
_SKR folds
Weakfish33 collected 60 from pot
*** SUMMARY ***
Total pot 60 | No rake
Seat 3: Weakfish33 (big blind) won 60


Winamax Poker - Tournament "Expresso Nitro" buyIn: 0.93€ + 0.07€ level: 3 - HandId: #2690516764327936001-14-1674684577 - Holdem no limit (20/40) - 2023/01/25 22:09:37 UTC
Table: 'Expresso Nitro(626434750)#0' 3-max (real money) Seat #3 is the button
Seat 1: _SKR (335)
Seat 3: Weakfish33 (565)
*** ANTE/BLINDS ***
Weakfish33 posts small blind 20
_SKR posts big blind 40
Dealt to _SKR [Ah 8h]
*** PRE-FLOP *** 
Weakfish33 folds
_SKR collected 60 from pot
*** SUMMARY ***
Total pot 60 | No rake
Seat 1: _SKR (big blind) won 60


Winamax Poker - Tournament "Expresso Nitro" buyIn: 0.93€ + 0.07€ level: 3 - HandId: #2690516764327936001-15-1674684580 - Holdem no limit (20/40) - 2023/01/25 22:09:40 UTC
Table: 'Expresso Nitro(626434750)#0' 3-max (real money) Seat #1 is the button
Seat 1: _SKR (355)
Seat 3: Weakfish33 (545)
*** ANTE/BLINDS ***
_SKR posts small blind 20
Weakfish33 posts big blind 40
Dealt to _SKR [Ac Jh]
*** PRE-FLOP *** 
_SKR raises 315 to 355 and is all-in
Weakfish33 folds
_SKR collected 395 from pot
*** SUMMARY ***
Total pot 395 | No rake
Seat 1: _SKR (small blind) (button) won 395


Winamax Poker - Tournament "Expresso Nitro" buyIn: 0.93€ + 0.07€ level: 3 - HandId: #2690516764327936001-16-1674684587 - Holdem no limit (20/40) - 2023/01/25 22:09:47 UTC
Table: 'Expresso Nitro(626434750)#0' 3-max (real money) Seat #3 is the button
Seat 1: _SKR (395)
Seat 3: Weakfish33 (505)
*** ANTE/BLINDS ***
Weakfish33 posts small blind 20
_SKR posts big blind 40
Dealt to _SKR [3c Ad]
*** PRE-FLOP *** 
Weakfish33 calls 20
_SKR raises 355 to 395 and is all-in
Weakfish33 folds
_SKR collected 435 from pot
*** SUMMARY ***
Total pot 435 | No rake
Seat 1: _SKR (big blind) won 435


Winamax Poker - Tournament "Expresso Nitro" buyIn: 0.93€ + 0.07€ level: 3 - HandId: #2690516764327936001-17-1674684594 - Holdem no limit (20/40) - 2023/01/25 22:09:54 UTC
Table: 'Expresso Nitro(626434750)#0' 3-max (real money) Seat #1 is the button
Seat 1: _SKR (435)
Seat 3: Weakfish33 (465)
*** ANTE/BLINDS ***
_SKR posts small blind 20
Weakfish33 posts big blind 40
Dealt to _SKR [2c Jh]
*** PRE-FLOP *** 
_SKR folds
Weakfish33 collected 60 from pot
*** SUMMARY ***
Total pot 60 | No rake
Seat 3: Weakfish33 (big blind) won 60


Winamax Poker - Tournament "Expresso Nitro" buyIn: 0.93€ + 0.07€ level: 3 - HandId: #2690516764327936001-18-1674684599 - Holdem no limit (20/40) - 2023/01/25 22:09:59 UTC
Table: 'Expresso Nitro(626434750)#0' 3-max (real money) Seat #3 is the button
Seat 1: _SKR (415)
Seat 3: Weakfish33 (485)
*** ANTE/BLINDS ***
Weakfish33 posts small blind 20
_SKR posts big blind 40
Dealt to _SKR [6c Qh]
*** PRE-FLOP *** 
Weakfish33 calls 20
_SKR raises 375 to 415 and is all-in
Weakfish33 folds
_SKR collected 455 from pot
*** SUMMARY ***
Total pot 455 | No rake
Seat 1: _SKR (big blind) won 455


Winamax Poker - Tournament "Expresso Nitro" buyIn: 0.93€ + 0.07€ level: 3 - HandId: #2690516764327936001-19-1674684615 - Holdem no limit (20/40) - 2023/01/25 22:10:15 UTC
Table: 'Expresso Nitro(626434750)#0' 3-max (real money) Seat #1 is the button
Seat 1: _SKR (455)
Seat 3: Weakfish33 (445)
*** ANTE/BLINDS ***
_SKR posts small blind 20
Weakfish33 posts big blind 40
Dealt to _SKR [3s Qs]
*** PRE-FLOP *** 
_SKR calls 20
Weakfish33 checks
*** FLOP *** [Js 5h 9d]
Weakfish33 bets 80
_SKR folds
Weakfish33 collected 160 from pot
*** SUMMARY ***
Total pot 160 | No rake
Board: [Js 5h 9d]
Seat 3: Weakfish33 (big blind) won 160


Winamax Poker - Tournament "Expresso Nitro" buyIn: 0.93€ + 0.07€ level: 4 - HandId: #2690516764327936001-20-1674684649 - Holdem no limit (30/60) - 2023/01/25 22:10:49 UTC
Table: 'Expresso Nitro(626434750)#0' 3-max (real money) Seat #3 is the button
Seat 1: _SKR (415)
Seat 3: Weakfish33 (485)
*** ANTE/BLINDS ***
Weakfish33 posts small blind 30
_SKR posts big blind 60
Dealt to _SKR [4s 2s]
*** PRE-FLOP *** 
Weakfish33 raises 425 to 485 and is all-in
_SKR folds
Weakfish33 collected 545 from pot
*** SUMMARY ***
Total pot 545 | No rake
Seat 3: Weakfish33 (small blind) (button) won 545


Winamax Poker - Tournament "Expresso Nitro" buyIn: 0.93€ + 0.07€ level: 4 - HandId: #2690516764327936001-21-1674684655 - Holdem no limit (30/60) - 2023/01/25 22:10:55 UTC
Table: 'Expresso Nitro(626434750)#0' 3-max (real money) Seat #1 is the button
Seat 1: _SKR (355)
Seat 3: Weakfish33 (545)
*** ANTE/BLINDS ***
_SKR posts small blind 30
Weakfish33 posts big blind 60
Dealt to _SKR [Ah Ts]
*** PRE-FLOP *** 
_SKR raises 295 to 355 and is all-in
Weakfish33 folds
_SKR collected 415 from pot
*** SUMMARY ***
Total pot 415 | No rake
Seat 1: _SKR (small blind) (button) won 415


Winamax Poker - Tournament "Expresso Nitro" buyIn: 0.93€ + 0.07€ level: 4 - HandId: #2690516764327936001-22-1674684661 - Holdem no limit (30/60) - 2023/01/25 22:11:01 UTC
Table: 'Expresso Nitro(626434750)#0' 3-max (real money) Seat #3 is the button
Seat 1: _SKR (415)
Seat 3: Weakfish33 (485)
*** ANTE/BLINDS ***
Weakfish33 posts small blind 30
_SKR posts big blind 60
Dealt to _SKR [7c 2s]
*** PRE-FLOP *** 
Weakfish33 folds
_SKR collected 90 from pot
*** SUMMARY ***
Total pot 90 | No rake
Seat 1: _SKR (big blind) won 90


Winamax Poker - Tournament "Expresso Nitro" buyIn: 0.93€ + 0.07€ level: 4 - HandId: #2690516764327936001-23-1674684664 - Holdem no limit (30/60) - 2023/01/25 22:11:04 UTC
Table: 'Expresso Nitro(626434750)#0' 3-max (real money) Seat #1 is the button
Seat 1: _SKR (445)
Seat 3: Weakfish33 (455)
*** ANTE/BLINDS ***
_SKR posts small blind 30
Weakfish33 posts big blind 60
Dealt to _SKR [Kc Qh]
*** PRE-FLOP *** 
_SKR raises 385 to 445 and is all-in
Weakfish33 folds
_SKR collected 505 from pot
*** SUMMARY ***
Total pot 505 | No rake
Seat 1: _SKR (small blind) (button) won 505


Winamax Poker - Tournament "Expresso Nitro" buyIn: 0.93€ + 0.07€ level: 4 - HandId: #2690516764327936001-24-1674684672 - Holdem no limit (30/60) - 2023/01/25 22:11:12 UTC
Table: 'Expresso Nitro(626434750)#0' 3-max (real money) Seat #3 is the button
Seat 1: _SKR (505)
Seat 3: Weakfish33 (395)
*** ANTE/BLINDS ***
Weakfish33 posts small blind 30
_SKR posts big blind 60
Dealt to _SKR [Th 5c]
*** PRE-FLOP *** 
Weakfish33 folds
_SKR collected 90 from pot
*** SUMMARY ***
Total pot 90 | No rake
Seat 1: _SKR (big blind) won 90


Winamax Poker - Tournament "Expresso Nitro" buyIn: 0.93€ + 0.07€ level: 4 - HandId: #2690516764327936001-25-1674684675 - Holdem no limit (30/60) - 2023/01/25 22:11:15 UTC
Table: 'Expresso Nitro(626434750)#0' 3-max (real money) Seat #1 is the button
Seat 1: _SKR (535)
Seat 3: Weakfish33 (365)
*** ANTE/BLINDS ***
_SKR posts small blind 30
Weakfish33 posts big blind 60
Dealt to _SKR [7h 2c]
*** PRE-FLOP *** 
_SKR folds
Weakfish33 collected 90 from pot
*** SUMMARY ***
Total pot 90 | No rake
Seat 3: Weakfish33 (big blind) won 90


Winamax Poker - Tournament "Expresso Nitro" buyIn: 0.93€ + 0.07€ level: 5 - HandId: #2690516764327936001-26-1674684680 - Holdem no limit (40/80) - 2023/01/25 22:11:20 UTC
Table: 'Expresso Nitro(626434750)#0' 3-max (real money) Seat #3 is the button
Seat 1: _SKR (505)
Seat 3: Weakfish33 (395)
*** ANTE/BLINDS ***
Weakfish33 posts small blind 40
_SKR posts big blind 80
Dealt to _SKR [Kd 5h]
*** PRE-FLOP *** 
Weakfish33 folds
_SKR collected 120 from pot
*** SUMMARY ***
Total pot 120 | No rake
Seat 1: _SKR (big blind) won 120


Winamax Poker - Tournament "Expresso Nitro" buyIn: 0.93€ + 0.07€ level: 5 - HandId: #2690516764327936001-27-1674684683 - Holdem no limit (40/80) - 2023/01/25 22:11:23 UTC
Table: 'Expresso Nitro(626434750)#0' 3-max (real money) Seat #1 is the button
Seat 1: _SKR (545)
Seat 3: Weakfish33 (355)
*** ANTE/BLINDS ***
_SKR posts small blind 40
Weakfish33 posts big blind 80
Dealt to _SKR [8h Ts]
*** PRE-FLOP *** 
_SKR folds
Weakfish33 collected 120 from pot
*** SUMMARY ***
Total pot 120 | No rake
Seat 3: Weakfish33 (big blind) won 120


Winamax Poker - Tournament "Expresso Nitro" buyIn: 0.93€ + 0.07€ level: 5 - HandId: #2690516764327936001-28-1674684687 - Holdem no limit (40/80) - 2023/01/25 22:11:27 UTC
Table: 'Expresso Nitro(626434750)#0' 3-max (real money) Seat #3 is the button
Seat 1: _SKR (505)
Seat 3: Weakfish33 (395)
*** ANTE/BLINDS ***
Weakfish33 posts small blind 40
_SKR posts big blind 80
Dealt to _SKR [6c 4c]
*** PRE-FLOP *** 
Weakfish33 raises 315 to 395 and is all-in
_SKR folds
Weakfish33 collected 475 from pot
*** SUMMARY ***
Total pot 475 | No rake
Seat 3: Weakfish33 (small blind) (button) won 475


Winamax Poker - Tournament "Expresso Nitro" buyIn: 0.93€ + 0.07€ level: 5 - HandId: #2690516764327936001-29-1674684692 - Holdem no limit (40/80) - 2023/01/25 22:11:32 UTC
Table: 'Expresso Nitro(626434750)#0' 3-max (real money) Seat #1 is the button
Seat 1: _SKR (425)
Seat 3: Weakfish33 (475)
*** ANTE/BLINDS ***
_SKR posts small blind 40
Weakfish33 posts big blind 80
Dealt to _SKR [Ts Jh]
*** PRE-FLOP *** 
_SKR raises 345 to 425 and is all-in
Weakfish33 folds
_SKR collected 505 from pot
*** SUMMARY ***
Total pot 505 | No rake
Seat 1: _SKR (small blind) (button) won 505


Winamax Poker - Tournament "Expresso Nitro" buyIn: 0.93€ + 0.07€ level: 5 - HandId: #2690516764327936001-30-1674684697 - Holdem no limit (40/80) - 2023/01/25 22:11:37 UTC
Table: 'Expresso Nitro(626434750)#0' 3-max (real money) Seat #3 is the button
Seat 1: _SKR (505)
Seat 3: Weakfish33 (395)
*** ANTE/BLINDS ***
Weakfish33 posts small blind 40
_SKR posts big blind 80
Dealt to _SKR [2c Ad]
*** PRE-FLOP *** 
Weakfish33 folds
_SKR collected 120 from pot
*** SUMMARY ***
Total pot 120 | No rake
Seat 1: _SKR (big blind) won 120


Winamax Poker - Tournament "Expresso Nitro" buyIn: 0.93€ + 0.07€ level: 5 - HandId: #2690516764327936001-31-1674684701 - Holdem no limit (40/80) - 2023/01/25 22:11:41 UTC
Table: 'Expresso Nitro(626434750)#0' 3-max (real money) Seat #1 is the button
Seat 1: _SKR (545)
Seat 3: Weakfish33 (355)
*** ANTE/BLINDS ***
_SKR posts small blind 40
Weakfish33 posts big blind 80
Dealt to _SKR [3h Jc]
*** PRE-FLOP *** 
_SKR folds
Weakfish33 collected 120 from pot
*** SUMMARY ***
Total pot 120 | No rake
Seat 3: Weakfish33 (big blind) won 120


Winamax Poker - Tournament "Expresso Nitro" buyIn: 0.93€ + 0.07€ level: 5 - HandId: #2690516764327936001-32-1674684711 - Holdem no limit (40/80) - 2023/01/25 22:11:51 UTC
Table: 'Expresso Nitro(626434750)#0' 3-max (real money) Seat #3 is the button
Seat 1: _SKR (505)
Seat 3: Weakfish33 (395)
*** ANTE/BLINDS ***
Weakfish33 posts small blind 40
_SKR posts big blind 80
Dealt to _SKR [8s 9s]
*** PRE-FLOP *** 
Weakfish33 raises 315 to 395 and is all-in
_SKR folds
Weakfish33 collected 475 from pot
*** SUMMARY ***
Total pot 475 | No rake
Seat 3: Weakfish33 (small blind) (button) won 475


Winamax Poker - Tournament "Expresso Nitro" buyIn: 0.93€ + 0.07€ level: 5 - HandId: #2690516764327936001-33-1674684717 - Holdem no limit (40/80) - 2023/01/25 22:11:57 UTC
Table: 'Expresso Nitro(626434750)#0' 3-max (real money) Seat #1 is the button
Seat 1: _SKR (425)
Seat 3: Weakfish33 (475)
*** ANTE/BLINDS ***
_SKR posts small blind 40
Weakfish33 posts big blind 80
Dealt to _SKR [Th 8s]
*** PRE-FLOP *** 
_SKR folds
Weakfish33 collected 120 from pot
*** SUMMARY ***
Total pot 120 | No rake
Seat 3: Weakfish33 (big blind) won 120


Winamax Poker - Tournament "Expresso Nitro" buyIn: 0.93€ + 0.07€ level: 5 - HandId: #2690516764327936001-34-1674684723 - Holdem no limit (40/80) - 2023/01/25 22:12:03 UTC
Table: 'Expresso Nitro(626434750)#0' 3-max (real money) Seat #3 is the button
Seat 1: _SKR (385)
Seat 3: Weakfish33 (515)
*** ANTE/BLINDS ***
Weakfish33 posts small blind 40
_SKR posts big blind 80
Dealt to _SKR [7s 2d]
*** PRE-FLOP *** 
Weakfish33 folds
_SKR collected 120 from pot
*** SUMMARY ***
Total pot 120 | No rake
Seat 1: _SKR (big blind) won 120


Winamax Poker - Tournament "Expresso Nitro" buyIn: 0.93€ + 0.07€ level: 5 - HandId: #2690516764327936001-35-1674684726 - Holdem no limit (40/80) - 2023/01/25 22:12:06 UTC
Table: 'Expresso Nitro(626434750)#0' 3-max (real money) Seat #1 is the button
Seat 1: _SKR (425)
Seat 3: Weakfish33 (475)
*** ANTE/BLINDS ***
_SKR posts small blind 40
Weakfish33 posts big blind 80
Dealt to _SKR [Ts Kh]
*** PRE-FLOP *** 
_SKR raises 345 to 425 and is all-in
Weakfish33 folds
_SKR collected 505 from pot
*** SUMMARY ***
Total pot 505 | No rake
Seat 1: _SKR (small blind) (button) won 505


Winamax Poker - Tournament "Expresso Nitro" buyIn: 0.93€ + 0.07€ level: 5 - HandId: #2690516764327936001-36-1674684731 - Holdem no limit (40/80) - 2023/01/25 22:12:11 UTC
Table: 'Expresso Nitro(626434750)#0' 3-max (real money) Seat #3 is the button
Seat 1: _SKR (505)
Seat 3: Weakfish33 (395)
*** ANTE/BLINDS ***
Weakfish33 posts small blind 40
_SKR posts big blind 80
Dealt to _SKR [6c 7d]
*** PRE-FLOP *** 
Weakfish33 folds
_SKR collected 120 from pot
*** SUMMARY ***
Total pot 120 | No rake
Seat 1: _SKR (big blind) won 120


Winamax Poker - Tournament "Expresso Nitro" buyIn: 0.93€ + 0.07€ level: 5 - HandId: #2690516764327936001-37-1674684734 - Holdem no limit (40/80) - 2023/01/25 22:12:14 UTC
Table: 'Expresso Nitro(626434750)#0' 3-max (real money) Seat #1 is the button
Seat 1: _SKR (545)
Seat 3: Weakfish33 (355)
*** ANTE/BLINDS ***
_SKR posts small blind 40
Weakfish33 posts big blind 80
Dealt to _SKR [Ad Jc]
*** PRE-FLOP *** 
_SKR raises 465 to 545 and is all-in
Weakfish33 calls 275 and is all-in
*** FLOP *** [9s Th Jd]
*** TURN *** [9s Th Jd][5s]
*** RIVER *** [9s Th Jd 5s][Ah]
*** SHOW DOWN ***
_SKR shows [Ad Jc] (Two pairs : Aces and Jacks)
Weakfish33 shows [8s Qh] (Straight Queen high)
Weakfish33 collected 710 from main pot
_SKR collected 190 from side pot 1
*** SUMMARY ***
Total pot 900 | No rake
Board: [9s Th Jd 5s Ah]
Seat 1: _SKR (small blind) (button) showed [Ad Jc] and won 190 with Two pairs : Aces and Jacks
Seat 3: Weakfish33 (big blind) showed [8s Qh] and won 710 with Straight Queen high


Winamax Poker - Tournament "Expresso Nitro" buyIn: 0.93€ + 0.07€ level: 6 - HandId: #2690516764327936001-38-1674684748 - Holdem no limit (50/100) - 2023/01/25 22:12:28 UTC
Table: 'Expresso Nitro(626434750)#0' 3-max (real money) Seat #3 is the button
Seat 1: _SKR (190)
Seat 3: Weakfish33 (710)
*** ANTE/BLINDS ***
Weakfish33 posts small blind 50
_SKR posts big blind 100
Dealt to _SKR [2h 4s]
*** PRE-FLOP *** 
Weakfish33 folds
_SKR collected 150 from pot
*** SUMMARY ***
Total pot 150 | No rake
Seat 1: _SKR (big blind) won 150


Winamax Poker - Tournament "Expresso Nitro" buyIn: 0.93€ + 0.07€ level: 6 - HandId: #2690516764327936001-39-1674684752 - Holdem no limit (50/100) - 2023/01/25 22:12:32 UTC
Table: 'Expresso Nitro(626434750)#0' 3-max (real money) Seat #1 is the button
Seat 1: _SKR (240)
Seat 3: Weakfish33 (660)
*** ANTE/BLINDS ***
_SKR posts small blind 50
Weakfish33 posts big blind 100
Dealt to _SKR [9d 4h]
*** PRE-FLOP *** 
_SKR raises 140 to 240 and is all-in
Weakfish33 folds
_SKR collected 340 from pot
*** SUMMARY ***
Total pot 340 | No rake
Seat 1: _SKR (small blind) (button) won 340


Winamax Poker - Tournament "Expresso Nitro" buyIn: 0.93€ + 0.07€ level: 6 - HandId: #2690516764327936001-40-1674684759 - Holdem no limit (50/100) - 2023/01/25 22:12:39 UTC
Table: 'Expresso Nitro(626434750)#0' 3-max (real money) Seat #3 is the button
Seat 1: _SKR (340)
Seat 3: Weakfish33 (560)
*** ANTE/BLINDS ***
Weakfish33 posts small blind 50
_SKR posts big blind 100
Dealt to _SKR [Ah Tc]
*** PRE-FLOP *** 
Weakfish33 raises 460 to 560 and is all-in
_SKR calls 240 and is all-in
*** FLOP *** [3d 9c Kh]
*** TURN *** [3d 9c Kh][6d]
*** RIVER *** [3d 9c Kh 6d][4h]
*** SHOW DOWN ***
_SKR shows [Ah Tc] (High card : Ace)
Weakfish33 shows [Qd 7c] (High card : King)
Weakfish33 collected 220 from side pot 1
_SKR collected 680 from main pot
*** SUMMARY ***
Total pot 900 | No rake
Board: [3d 9c Kh 6d 4h]
Seat 1: _SKR (big blind) showed [Ah Tc] and won 680 with High card : Ace
Seat 3: Weakfish33 (small blind) (button) showed [Qd 7c] and won 220 with High card : King


Winamax Poker - Tournament "Expresso Nitro" buyIn: 0.93€ + 0.07€ level: 6 - HandId: #2690516764327936001-41-1674684770 - Holdem no limit (50/100) - 2023/01/25 22:12:50 UTC
Table: 'Expresso Nitro(626434750)#0' 3-max (real money) Seat #1 is the button
Seat 1: _SKR (680)
Seat 3: Weakfish33 (220)
*** ANTE/BLINDS ***
_SKR posts small blind 50
Weakfish33 posts big blind 100
Dealt to _SKR [3d Jc]
*** PRE-FLOP *** 
_SKR folds
Weakfish33 collected 150 from pot
*** SUMMARY ***
Total pot 150 | No rake
Seat 3: Weakfish33 (big blind) won 150


Winamax Poker - Tournament "Expresso Nitro" buyIn: 0.93€ + 0.07€ level: 6 - HandId: #2690516764327936001-42-1674684775 - Holdem no limit (50/100) - 2023/01/25 22:12:55 UTC
Table: 'Expresso Nitro(626434750)#0' 3-max (real money) Seat #3 is the button
Seat 1: _SKR (630)
Seat 3: Weakfish33 (270)
*** ANTE/BLINDS ***
Weakfish33 posts small blind 50
_SKR posts big blind 100
Dealt to _SKR [2d 4s]
*** PRE-FLOP *** 
Weakfish33 folds
_SKR collected 150 from pot
*** SUMMARY ***
Total pot 150 | No rake
Seat 1: _SKR (big blind) won 150


Winamax Poker - Tournament "Expresso Nitro" buyIn: 0.93€ + 0.07€ level: 6 - HandId: #2690516764327936001-43-1674684779 - Holdem no limit (50/100) - 2023/01/25 22:12:59 UTC
Table: 'Expresso Nitro(626434750)#0' 3-max (real money) Seat #1 is the button
Seat 1: _SKR (680)
Seat 3: Weakfish33 (220)
*** ANTE/BLINDS ***
_SKR posts small blind 50
Weakfish33 posts big blind 100
Dealt to _SKR [Kd 7s]
*** PRE-FLOP *** 
_SKR raises 580 to 680 and is all-in
Weakfish33 calls 120 and is all-in
*** FLOP *** [Jc 4d Td]
*** TURN *** [Jc 4d Td][9c]
*** RIVER *** [Jc 4d Td 9c][Qd]
*** SHOW DOWN ***
_SKR shows [Kd 7s] (Straight King high)
Weakfish33 shows [8d 5d] (Flush Queen high)
Weakfish33 collected 440 from main pot
_SKR collected 460 from side pot 1
*** SUMMARY ***
Total pot 900 | No rake
Board: [Jc 4d Td 9c Qd]
Seat 1: _SKR (small blind) (button) showed [Kd 7s] and won 460 with Straight King high
Seat 3: Weakfish33 (big blind) showed [8d 5d] and won 440 with Flush Queen high


Winamax Poker - Tournament "Expresso Nitro" buyIn: 0.93€ + 0.07€ level: 6 - HandId: #2690516764327936001-44-1674684795 - Holdem no limit (50/100) - 2023/01/25 22:13:15 UTC
Table: 'Expresso Nitro(626434750)#0' 3-max (real money) Seat #3 is the button
Seat 1: _SKR (460)
Seat 3: Weakfish33 (440)
*** ANTE/BLINDS ***
Weakfish33 posts small blind 50
_SKR posts big blind 100
Dealt to _SKR [7h Ts]
*** PRE-FLOP *** 
Weakfish33 raises 340 to 440 and is all-in
_SKR folds
Weakfish33 collected 540 from pot
*** SUMMARY ***
Total pot 540 | No rake
Seat 3: Weakfish33 (small blind) (button) won 540


Winamax Poker - Tournament "Expresso Nitro" buyIn: 0.93€ + 0.07€ level: 7 - HandId: #2690516764327936001-45-1674684802 - Holdem no limit (60/120) - 2023/01/25 22:13:22 UTC
Table: 'Expresso Nitro(626434750)#0' 3-max (real money) Seat #1 is the button
Seat 1: _SKR (360)
Seat 3: Weakfish33 (540)
*** ANTE/BLINDS ***
_SKR posts small blind 60
Weakfish33 posts big blind 120
Dealt to _SKR [Ks 3s]
*** PRE-FLOP *** 
_SKR raises 240 to 360 and is all-in
Weakfish33 folds
_SKR collected 480 from pot
*** SUMMARY ***
Total pot 480 | No rake
Seat 1: _SKR (small blind) (button) won 480


Winamax Poker - Tournament "Expresso Nitro" buyIn: 0.93€ + 0.07€ level: 7 - HandId: #2690516764327936001-46-1674684808 - Holdem no limit (60/120) - 2023/01/25 22:13:28 UTC
Table: 'Expresso Nitro(626434750)#0' 3-max (real money) Seat #3 is the button
Seat 1: _SKR (480)
Seat 3: Weakfish33 (420)
*** ANTE/BLINDS ***
Weakfish33 posts small blind 60
_SKR posts big blind 120
Dealt to _SKR [8c Tc]
*** PRE-FLOP *** 
Weakfish33 folds
_SKR collected 180 from pot
*** SUMMARY ***
Total pot 180 | No rake
Seat 1: _SKR (big blind) won 180


Winamax Poker - Tournament "Expresso Nitro" buyIn: 0.93€ + 0.07€ level: 7 - HandId: #2690516764327936001-47-1674684812 - Holdem no limit (60/120) - 2023/01/25 22:13:32 UTC
Table: 'Expresso Nitro(626434750)#0' 3-max (real money) Seat #1 is the button
Seat 1: _SKR (540)
Seat 3: Weakfish33 (360)
*** ANTE/BLINDS ***
_SKR posts small blind 60
Weakfish33 posts big blind 120
Dealt to _SKR [4c 5h]
*** PRE-FLOP *** 
_SKR folds
Weakfish33 collected 180 from pot
*** SUMMARY ***
Total pot 180 | No rake
Seat 3: Weakfish33 (big blind) won 180


Winamax Poker - Tournament "Expresso Nitro" buyIn: 0.93€ + 0.07€ level: 7 - HandId: #2690516764327936001-48-1674684817 - Holdem no limit (60/120) - 2023/01/25 22:13:37 UTC
Table: 'Expresso Nitro(626434750)#0' 3-max (real money) Seat #3 is the button
Seat 1: _SKR (480)
Seat 3: Weakfish33 (420)
*** ANTE/BLINDS ***
Weakfish33 posts small blind 60
_SKR posts big blind 120
Dealt to _SKR [Qd 4c]
*** PRE-FLOP *** 
Weakfish33 raises 300 to 420 and is all-in
_SKR folds
Weakfish33 collected 540 from pot
*** SUMMARY ***
Total pot 540 | No rake
Seat 3: Weakfish33 (small blind) (button) won 540


Winamax Poker - Tournament "Expresso Nitro" buyIn: 0.93€ + 0.07€ level: 7 - HandId: #2690516764327936001-49-1674684822 - Holdem no limit (60/120) - 2023/01/25 22:13:42 UTC
Table: 'Expresso Nitro(626434750)#0' 3-max (real money) Seat #1 is the button
Seat 1: _SKR (360)
Seat 3: Weakfish33 (540)
*** ANTE/BLINDS ***
_SKR posts small blind 60
Weakfish33 posts big blind 120
Dealt to _SKR [7h Jc]
*** PRE-FLOP *** 
_SKR raises 240 to 360 and is all-in
Weakfish33 folds
_SKR collected 480 from pot
*** SUMMARY ***
Total pot 480 | No rake
Seat 1: _SKR (small blind) (button) won 480


Winamax Poker - Tournament "Expresso Nitro" buyIn: 0.93€ + 0.07€ level: 7 - HandId: #2690516764327936001-50-1674684829 - Holdem no limit (60/120) - 2023/01/25 22:13:49 UTC
Table: 'Expresso Nitro(626434750)#0' 3-max (real money) Seat #3 is the button
Seat 1: _SKR (480)
Seat 3: Weakfish33 (420)
*** ANTE/BLINDS ***
Weakfish33 posts small blind 60
_SKR posts big blind 120
Dealt to _SKR [Tc Ah]
*** PRE-FLOP *** 
Weakfish33 raises 300 to 420 and is all-in
_SKR raises 60 to 480 and is all-in
*** FLOP *** [2s Th 2d]
*** TURN *** [2s Th 2d][Ts]
*** RIVER *** [2s Th 2d Ts][9c]
*** SHOW DOWN ***
Weakfish33 shows [As 4h] (Two pairs : Tens and 2)
_SKR shows [Tc Ah] (Full of Tens and 2)
_SKR collected 900 from pot
*** SUMMARY ***
Total pot 900 | No rake
Board: [2s Th 2d Ts 9c]
Seat 1: _SKR (big blind) showed [Tc Ah] and won 900 with Full of Tens and 2
Seat 3: Weakfish33 (small blind) (button) showed [As 4h] and lost with Two pairs : Tens and 2


