Winamax Poker - Tournament "Expresso Nitro" buyIn: 1.86€ + 0.14€ level: 1 - HandId: #2696940321710800897-1-1675104229 - Holdem no limit (10/20) - 2023/01/30 18:43:49 UTC
Table: 'Expresso Nitro(627930351)#0' 3-max (real money) Seat #3 is the button
Seat 1: enigmatics (300)
Seat 2: _SKR (300)
Seat 3: jlmiams37 (300)
*** ANTE/BLINDS ***
enigmatics posts small blind 10
_SKR posts big blind 20
Dealt to _SKR [2h 8c]
*** PRE-FLOP *** 
jlmiams37 calls 20
enigmatics folds
_SKR checks
*** FLOP *** [6s Td Th]
_SKR checks
jlmiams37 checks
*** TURN *** [6s Td Th][6c]
_SKR checks
jlmiams37 checks
*** RIVER *** [6s Td Th 6c][7d]
_SKR checks
jlmiams37 checks
*** SHOW DOWN ***
_SKR shows [2h 8c] (Two pairs : Tens and 6)
jlmiams37 shows [Qd 8d] (Two pairs : Tens and 6)
jlmiams37 collected 50 from pot
*** SUMMARY ***
Total pot 50 | No rake
Board: [6s Td Th 6c 7d]
Seat 2: _SKR (big blind) showed [2h 8c] and lost with Two pairs : Tens and 6
Seat 3: jlmiams37 (button) showed [Qd 8d] and won 50 with Two pairs : Tens and 6


Winamax Poker - Tournament "Expresso Nitro" buyIn: 1.86€ + 0.14€ level: 1 - HandId: #2696940321710800897-2-1675104258 - Holdem no limit (10/20) - 2023/01/30 18:44:18 UTC
Table: 'Expresso Nitro(627930351)#0' 3-max (real money) Seat #1 is the button
Seat 1: enigmatics (290)
Seat 2: _SKR (280)
Seat 3: jlmiams37 (330)
*** ANTE/BLINDS ***
_SKR posts small blind 10
jlmiams37 posts big blind 20
Dealt to _SKR [6h Jd]
*** PRE-FLOP *** 
enigmatics folds
_SKR folds
jlmiams37 collected 30 from pot
*** SUMMARY ***
Total pot 30 | No rake
Seat 3: jlmiams37 (big blind) won 30


Winamax Poker - Tournament "Expresso Nitro" buyIn: 1.86€ + 0.14€ level: 1 - HandId: #2696940321710800897-3-1675104263 - Holdem no limit (10/20) - 2023/01/30 18:44:23 UTC
Table: 'Expresso Nitro(627930351)#0' 3-max (real money) Seat #2 is the button
Seat 1: enigmatics (290)
Seat 2: _SKR (270)
Seat 3: jlmiams37 (340)
*** ANTE/BLINDS ***
jlmiams37 posts small blind 10
enigmatics posts big blind 20
Dealt to _SKR [7d Jd]
*** PRE-FLOP *** 
_SKR folds
jlmiams37 raises 320 to 340 and is all-in
enigmatics folds
jlmiams37 collected 360 from pot
*** SUMMARY ***
Total pot 360 | No rake
Seat 3: jlmiams37 (small blind) won 360


Winamax Poker - Tournament "Expresso Nitro" buyIn: 1.86€ + 0.14€ level: 1 - HandId: #2696940321710800897-4-1675104272 - Holdem no limit (10/20) - 2023/01/30 18:44:32 UTC
Table: 'Expresso Nitro(627930351)#0' 3-max (real money) Seat #3 is the button
Seat 1: enigmatics (270)
Seat 2: _SKR (270)
Seat 3: jlmiams37 (360)
*** ANTE/BLINDS ***
enigmatics posts small blind 10
_SKR posts big blind 20
Dealt to _SKR [3c 9h]
*** PRE-FLOP *** 
jlmiams37 raises 340 to 360 and is all-in
enigmatics folds
_SKR folds
jlmiams37 collected 390 from pot
*** SUMMARY ***
Total pot 390 | No rake
Seat 3: jlmiams37 (button) won 390


Winamax Poker - Tournament "Expresso Nitro" buyIn: 1.86€ + 0.14€ level: 2 - HandId: #2696940321710800897-5-1675104290 - Holdem no limit (15/30) - 2023/01/30 18:44:50 UTC
Table: 'Expresso Nitro(627930351)#0' 3-max (real money) Seat #1 is the button
Seat 1: enigmatics (260)
Seat 2: _SKR (250)
Seat 3: jlmiams37 (390)
*** ANTE/BLINDS ***
_SKR posts small blind 15
jlmiams37 posts big blind 30
Dealt to _SKR [As 4d]
*** PRE-FLOP *** 
enigmatics folds
_SKR raises 220 to 250 and is all-in
jlmiams37 folds
_SKR collected 280 from pot
*** SUMMARY ***
Total pot 280 | No rake
Seat 2: _SKR (small blind) won 280


Winamax Poker - Tournament "Expresso Nitro" buyIn: 1.86€ + 0.14€ level: 2 - HandId: #2696940321710800897-6-1675104300 - Holdem no limit (15/30) - 2023/01/30 18:45:00 UTC
Table: 'Expresso Nitro(627930351)#0' 3-max (real money) Seat #2 is the button
Seat 1: enigmatics (260)
Seat 2: _SKR (280)
Seat 3: jlmiams37 (360)
*** ANTE/BLINDS ***
jlmiams37 posts small blind 15
enigmatics posts big blind 30
Dealt to _SKR [7d 8h]
*** PRE-FLOP *** 
_SKR folds
jlmiams37 raises 330 to 360 and is all-in
enigmatics folds
jlmiams37 collected 390 from pot
*** SUMMARY ***
Total pot 390 | No rake
Seat 3: jlmiams37 (small blind) won 390


Winamax Poker - Tournament "Expresso Nitro" buyIn: 1.86€ + 0.14€ level: 2 - HandId: #2696940321710800897-7-1675104310 - Holdem no limit (15/30) - 2023/01/30 18:45:10 UTC
Table: 'Expresso Nitro(627930351)#0' 3-max (real money) Seat #3 is the button
Seat 1: enigmatics (230)
Seat 2: _SKR (280)
Seat 3: jlmiams37 (390)
*** ANTE/BLINDS ***
enigmatics posts small blind 15
_SKR posts big blind 30
Dealt to _SKR [3d 8h]
*** PRE-FLOP *** 
jlmiams37 folds
enigmatics calls 15
_SKR checks
*** FLOP *** [Jh Kc Ac]
enigmatics bets 30
_SKR folds
enigmatics collected 90 from pot
*** SUMMARY ***
Total pot 90 | No rake
Board: [Jh Kc Ac]
Seat 1: enigmatics (small blind) won 90


Winamax Poker - Tournament "Expresso Nitro" buyIn: 1.86€ + 0.14€ level: 2 - HandId: #2696940321710800897-8-1675104330 - Holdem no limit (15/30) - 2023/01/30 18:45:30 UTC
Table: 'Expresso Nitro(627930351)#0' 3-max (real money) Seat #1 is the button
Seat 1: enigmatics (260)
Seat 2: _SKR (250)
Seat 3: jlmiams37 (390)
*** ANTE/BLINDS ***
_SKR posts small blind 15
jlmiams37 posts big blind 30
Dealt to _SKR [2d Js]
*** PRE-FLOP *** 
enigmatics folds
_SKR folds
jlmiams37 collected 45 from pot
*** SUMMARY ***
Total pot 45 | No rake
Seat 3: jlmiams37 (big blind) won 45


Winamax Poker - Tournament "Expresso Nitro" buyIn: 1.86€ + 0.14€ level: 2 - HandId: #2696940321710800897-9-1675104337 - Holdem no limit (15/30) - 2023/01/30 18:45:37 UTC
Table: 'Expresso Nitro(627930351)#0' 3-max (real money) Seat #2 is the button
Seat 1: enigmatics (260)
Seat 2: _SKR (235)
Seat 3: jlmiams37 (405)
*** ANTE/BLINDS ***
jlmiams37 posts small blind 15
enigmatics posts big blind 30
Dealt to _SKR [4d Ac]
*** PRE-FLOP *** 
_SKR raises 205 to 235 and is all-in
jlmiams37 folds
enigmatics folds
_SKR collected 280 from pot
*** SUMMARY ***
Total pot 280 | No rake
Seat 2: _SKR (button) won 280


Winamax Poker - Tournament "Expresso Nitro" buyIn: 1.86€ + 0.14€ level: 3 - HandId: #2696940321710800897-10-1675104348 - Holdem no limit (20/40) - 2023/01/30 18:45:48 UTC
Table: 'Expresso Nitro(627930351)#0' 3-max (real money) Seat #3 is the button
Seat 1: enigmatics (230)
Seat 2: _SKR (280)
Seat 3: jlmiams37 (390)
*** ANTE/BLINDS ***
enigmatics posts small blind 20
_SKR posts big blind 40
Dealt to _SKR [Th Jh]
*** PRE-FLOP *** 
jlmiams37 folds
enigmatics calls 20
_SKR raises 240 to 280 and is all-in
enigmatics calls 190 and is all-in
*** FLOP *** [2d 7h Ac]
*** TURN *** [2d 7h Ac][Td]
*** RIVER *** [2d 7h Ac Td][5h]
*** SHOW DOWN ***
enigmatics shows [4d 6d] (High card : Ace)
_SKR shows [Th Jh] (One pair : Tens)
_SKR collected 510 from pot
*** SUMMARY ***
Total pot 510 | No rake
Board: [2d 7h Ac Td 5h]
Seat 1: enigmatics (small blind) showed [4d 6d] and lost with High card : Ace
Seat 2: _SKR (big blind) showed [Th Jh] and won 510 with One pair : Tens


Winamax Poker - Tournament "Expresso Nitro" buyIn: 1.86€ + 0.14€ level: 3 - HandId: #2696940321710800897-11-1675104372 - Holdem no limit (20/40) - 2023/01/30 18:46:12 UTC
Table: 'Expresso Nitro(627930351)#0' 3-max (real money) Seat #2 is the button
Seat 2: _SKR (510)
Seat 3: jlmiams37 (390)
*** ANTE/BLINDS ***
_SKR posts small blind 20
jlmiams37 posts big blind 40
Dealt to _SKR [Kd 2s]
*** PRE-FLOP *** 
_SKR folds
jlmiams37 collected 60 from pot
*** SUMMARY ***
Total pot 60 | No rake
Seat 3: jlmiams37 (big blind) won 60


Winamax Poker - Tournament "Expresso Nitro" buyIn: 1.86€ + 0.14€ level: 3 - HandId: #2696940321710800897-12-1675104377 - Holdem no limit (20/40) - 2023/01/30 18:46:17 UTC
Table: 'Expresso Nitro(627930351)#0' 3-max (real money) Seat #3 is the button
Seat 2: _SKR (490)
Seat 3: jlmiams37 (410)
*** ANTE/BLINDS ***
jlmiams37 posts small blind 20
_SKR posts big blind 40
Dealt to _SKR [6c 2c]
*** PRE-FLOP *** 
jlmiams37 calls 20
_SKR checks
*** FLOP *** [9h 8h Qd]
_SKR checks
jlmiams37 bets 40
_SKR folds
jlmiams37 collected 120 from pot
*** SUMMARY ***
Total pot 120 | No rake
Board: [9h 8h Qd]
Seat 3: jlmiams37 (small blind) (button) won 120


Winamax Poker - Tournament "Expresso Nitro" buyIn: 1.86€ + 0.14€ level: 4 - HandId: #2696940321710800897-13-1675104408 - Holdem no limit (30/60) - 2023/01/30 18:46:48 UTC
Table: 'Expresso Nitro(627930351)#0' 3-max (real money) Seat #2 is the button
Seat 2: _SKR (450)
Seat 3: jlmiams37 (450)
*** ANTE/BLINDS ***
_SKR posts small blind 30
jlmiams37 posts big blind 60
Dealt to _SKR [6d Qs]
*** PRE-FLOP *** 
_SKR raises 390 to 450 and is all-in
jlmiams37 calls 390 and is all-in
*** FLOP *** [Jc 6s Ts]
*** TURN *** [Jc 6s Ts][9s]
*** RIVER *** [Jc 6s Ts 9s][8c]
*** SHOW DOWN ***
jlmiams37 shows [4c Ah] (High card : Ace)
_SKR shows [6d Qs] (Straight Queen high)
_SKR collected 900 from pot
*** SUMMARY ***
Total pot 900 | No rake
Board: [Jc 6s Ts 9s 8c]
Seat 2: _SKR (small blind) (button) showed [6d Qs] and won 900 with Straight Queen high
Seat 3: jlmiams37 (big blind) showed [4c Ah] and lost with High card : Ace


