Winamax Poker - Tournament "Expresso Nitro" buyIn: 1.86€ + 0.14€ level: 1 - HandId: #2695287124374061057-1-1675004328 - Holdem no limit (10/20) - 2023/01/29 14:58:48 UTC
Table: 'Expresso Nitro(627545436)#0' 3-max (real money) Seat #3 is the button
Seat 1: No-no 34 (300)
Seat 2: _SKR (300)
Seat 3: Sarahehelvi (300)
*** ANTE/BLINDS ***
No-no 34 posts small blind 10
_SKR posts big blind 20
Dealt to _SKR [Jh 5c]
*** PRE-FLOP *** 
Sarahehelvi folds
No-no 34 raises 40 to 60
_SKR folds
No-no 34 collected 80 from pot
*** SUMMARY ***
Total pot 80 | No rake
Seat 1: No-no 34 (small blind) won 80


Winamax Poker - Tournament "Expresso Nitro" buyIn: 1.86€ + 0.14€ level: 1 - HandId: #2695287124374061057-2-1675004344 - Holdem no limit (10/20) - 2023/01/29 14:59:04 UTC
Table: 'Expresso Nitro(627545436)#0' 3-max (real money) Seat #1 is the button
Seat 1: No-no 34 (320)
Seat 2: _SKR (280)
Seat 3: Sarahehelvi (300)
*** ANTE/BLINDS ***
_SKR posts small blind 10
Sarahehelvi posts big blind 20
Dealt to _SKR [3s 5d]
*** PRE-FLOP *** 
No-no 34 folds
_SKR folds
Sarahehelvi collected 30 from pot
*** SUMMARY ***
Total pot 30 | No rake
Seat 3: Sarahehelvi (big blind) won 30


Winamax Poker - Tournament "Expresso Nitro" buyIn: 1.86€ + 0.14€ level: 1 - HandId: #2695287124374061057-3-1675004350 - Holdem no limit (10/20) - 2023/01/29 14:59:10 UTC
Table: 'Expresso Nitro(627545436)#0' 3-max (real money) Seat #2 is the button
Seat 1: No-no 34 (320)
Seat 2: _SKR (270)
Seat 3: Sarahehelvi (310)
*** ANTE/BLINDS ***
Sarahehelvi posts small blind 10
No-no 34 posts big blind 20
Dealt to _SKR [8s 3c]
*** PRE-FLOP *** 
_SKR folds
Sarahehelvi raises 20 to 40
No-no 34 calls 20
*** FLOP *** [As 5s 3h]
Sarahehelvi bets 52
No-no 34 folds
Sarahehelvi collected 132 from pot
*** SUMMARY ***
Total pot 132 | No rake
Board: [As 5s 3h]
Seat 3: Sarahehelvi (small blind) won 132


Winamax Poker - Tournament "Expresso Nitro" buyIn: 1.86€ + 0.14€ level: 1 - HandId: #2695287124374061057-4-1675004360 - Holdem no limit (10/20) - 2023/01/29 14:59:20 UTC
Table: 'Expresso Nitro(627545436)#0' 3-max (real money) Seat #3 is the button
Seat 1: No-no 34 (280)
Seat 2: _SKR (270)
Seat 3: Sarahehelvi (350)
*** ANTE/BLINDS ***
No-no 34 posts small blind 10
_SKR posts big blind 20
Dealt to _SKR [Jc Qc]
*** PRE-FLOP *** 
Sarahehelvi raises 40 to 60
No-no 34 raises 220 to 280 and is all-in
_SKR folds
Sarahehelvi raises 70 to 350 and is all-in
*** FLOP *** [Js 7d 2c]
*** TURN *** [Js 7d 2c][9d]
*** RIVER *** [Js 7d 2c 9d][4d]
*** SHOW DOWN ***
No-no 34 shows [3d Ah] (High card : Ace)
Sarahehelvi shows [Ts As] (High card : Ace)
Sarahehelvi collected 650 from pot
*** SUMMARY ***
Total pot 650 | No rake
Board: [Js 7d 2c 9d 4d]
Seat 1: No-no 34 (small blind) showed [3d Ah] and lost with High card : Ace
Seat 3: Sarahehelvi (button) showed [Ts As] and won 650 with High card : Ace


Winamax Poker - Tournament "Expresso Nitro" buyIn: 1.86€ + 0.14€ level: 1 - HandId: #2695287124374061057-5-1675004377 - Holdem no limit (10/20) - 2023/01/29 14:59:37 UTC
Table: 'Expresso Nitro(627545436)#0' 3-max (real money) Seat #2 is the button
Seat 2: _SKR (250)
Seat 3: Sarahehelvi (650)
*** ANTE/BLINDS ***
_SKR posts small blind 10
Sarahehelvi posts big blind 20
Dealt to _SKR [9d 2h]
*** PRE-FLOP *** 
_SKR folds
Sarahehelvi collected 30 from pot
*** SUMMARY ***
Total pot 30 | No rake
Seat 3: Sarahehelvi (big blind) won 30


Winamax Poker - Tournament "Expresso Nitro" buyIn: 1.86€ + 0.14€ level: 1 - HandId: #2695287124374061057-6-1675004381 - Holdem no limit (10/20) - 2023/01/29 14:59:41 UTC
Table: 'Expresso Nitro(627545436)#0' 3-max (real money) Seat #3 is the button
Seat 2: _SKR (240)
Seat 3: Sarahehelvi (660)
*** ANTE/BLINDS ***
Sarahehelvi posts small blind 10
_SKR posts big blind 20
Dealt to _SKR [7s Ah]
*** PRE-FLOP *** 
Sarahehelvi folds
_SKR collected 30 from pot
*** SUMMARY ***
Total pot 30 | No rake
Seat 2: _SKR (big blind) won 30


Winamax Poker - Tournament "Expresso Nitro" buyIn: 1.86€ + 0.14€ level: 2 - HandId: #2695287124374061057-7-1675004384 - Holdem no limit (15/30) - 2023/01/29 14:59:44 UTC
Table: 'Expresso Nitro(627545436)#0' 3-max (real money) Seat #2 is the button
Seat 2: _SKR (250)
Seat 3: Sarahehelvi (650)
*** ANTE/BLINDS ***
_SKR posts small blind 15
Sarahehelvi posts big blind 30
Dealt to _SKR [7c Ks]
*** PRE-FLOP *** 
_SKR raises 220 to 250 and is all-in
Sarahehelvi calls 220
*** FLOP *** [9c As 9d]
*** TURN *** [9c As 9d][6s]
*** RIVER *** [9c As 9d 6s][Qh]
*** SHOW DOWN ***
_SKR shows [7c Ks] (One pair : 9)
Sarahehelvi shows [Ah Jh] (Two pairs : Aces and 9)
Sarahehelvi collected 500 from pot
*** SUMMARY ***
Total pot 500 | No rake
Board: [9c As 9d 6s Qh]
Seat 2: _SKR (small blind) (button) showed [7c Ks] and lost with One pair : 9
Seat 3: Sarahehelvi (big blind) showed [Ah Jh] and won 500 with Two pairs : Aces and 9


