Winamax Poker - Tournament "Expresso Nitro" buyIn: 0.93€ + 0.07€ level: 1 - HandId: #2717693307332329473-1-1676231829 - Holdem no limit (10/20) - 2023/02/12 19:57:09 UTC
Table: 'Expresso Nitro(632762282)#0' 3-max (real money) Seat #1 is the button
Seat 1: bilou24 (300)
Seat 2: Linspecteur7 (300)
Seat 3: _SKR (300)
*** ANTE/BLINDS ***
Linspecteur7 posts small blind 10
_SKR posts big blind 20
Dealt to _SKR [4h 7d]
*** PRE-FLOP *** 
bilou24 calls 20
Linspecteur7 calls 10
_SKR checks
*** FLOP *** [Kc 2h 4d]
Linspecteur7 checks
_SKR checks
bilou24 bets 21
Linspecteur7 folds
_SKR calls 21
*** TURN *** [Kc 2h 4d][3h]
_SKR checks
bilou24 bets 66
_SKR calls 66
*** RIVER *** [Kc 2h 4d 3h][4s]
_SKR checks
bilou24 checks
*** SHOW DOWN ***
bilou24 shows [Ks 7h] (Two pairs : Kings and 4)
_SKR shows [4h 7d] (Trips of 4)
_SKR collected 234 from pot
*** SUMMARY ***
Total pot 234 | No rake
Board: [Kc 2h 4d 3h 4s]
Seat 1: bilou24 (button) showed [Ks 7h] and lost with Two pairs : Kings and 4
Seat 3: _SKR (big blind) showed [4h 7d] and won 234 with Trips of 4


Winamax Poker - Tournament "Expresso Nitro" buyIn: 0.93€ + 0.07€ level: 1 - HandId: #2717693307332329473-2-1676231879 - Holdem no limit (10/20) - 2023/02/12 19:57:59 UTC
Table: 'Expresso Nitro(632762282)#0' 3-max (real money) Seat #2 is the button
Seat 1: bilou24 (193)
Seat 2: Linspecteur7 (280)
Seat 3: _SKR (427)
*** ANTE/BLINDS ***
_SKR posts small blind 10
bilou24 posts big blind 20
Dealt to _SKR [Td 9s]
*** PRE-FLOP *** 
Linspecteur7 folds
_SKR folds
bilou24 collected 30 from pot
*** SUMMARY ***
Total pot 30 | No rake
Seat 1: bilou24 (big blind) won 30


Winamax Poker - Tournament "Expresso Nitro" buyIn: 0.93€ + 0.07€ level: 2 - HandId: #2717693307332329473-3-1676231889 - Holdem no limit (15/30) - 2023/02/12 19:58:09 UTC
Table: 'Expresso Nitro(632762282)#0' 3-max (real money) Seat #3 is the button
Seat 1: bilou24 (203)
Seat 2: Linspecteur7 (280)
Seat 3: _SKR (417)
*** ANTE/BLINDS ***
bilou24 posts small blind 15
Linspecteur7 posts big blind 30
Dealt to _SKR [2h 5s]
*** PRE-FLOP *** 
_SKR folds
bilou24 calls 15
Linspecteur7 checks
*** FLOP *** [2s 8h 5c]
bilou24 checks
Linspecteur7 bets 30
bilou24 calls 30
*** TURN *** [2s 8h 5c][Kd]
bilou24 checks
Linspecteur7 bets 120
bilou24 folds
Linspecteur7 collected 240 from pot
*** SUMMARY ***
Total pot 240 | No rake
Board: [2s 8h 5c Kd]
Seat 2: Linspecteur7 (big blind) won 240


Winamax Poker - Tournament "Expresso Nitro" buyIn: 0.93€ + 0.07€ level: 2 - HandId: #2717693307332329473-4-1676231905 - Holdem no limit (15/30) - 2023/02/12 19:58:25 UTC
Table: 'Expresso Nitro(632762282)#0' 3-max (real money) Seat #1 is the button
Seat 1: bilou24 (143)
Seat 2: Linspecteur7 (340)
Seat 3: _SKR (417)
*** ANTE/BLINDS ***
Linspecteur7 posts small blind 15
_SKR posts big blind 30
Dealt to _SKR [2h 8d]
*** PRE-FLOP *** 
bilou24 raises 113 to 143 and is all-in
Linspecteur7 calls 128
_SKR folds
*** FLOP *** [8h 2d Qd]
*** TURN *** [8h 2d Qd][7d]
*** RIVER *** [8h 2d Qd 7d][Jc]
*** SHOW DOWN ***
bilou24 shows [9h 9c] (One pair : 9)
Linspecteur7 shows [Js Qs] (Two pairs : Queens and Jacks)
Linspecteur7 collected 316 from pot
*** SUMMARY ***
Total pot 316 | No rake
Board: [8h 2d Qd 7d Jc]
Seat 1: bilou24 (button) showed [9h 9c] and lost with One pair : 9
Seat 2: Linspecteur7 (small blind) showed [Js Qs] and won 316 with Two pairs : Queens and Jacks


Winamax Poker - Tournament "Expresso Nitro" buyIn: 0.93€ + 0.07€ level: 2 - HandId: #2717693307332329473-5-1676231921 - Holdem no limit (15/30) - 2023/02/12 19:58:41 UTC
Table: 'Expresso Nitro(632762282)#0' 3-max (real money) Seat #3 is the button
Seat 2: Linspecteur7 (513)
Seat 3: _SKR (387)
*** ANTE/BLINDS ***
_SKR posts small blind 15
Linspecteur7 posts big blind 30
Dealt to _SKR [5d 9c]
*** PRE-FLOP *** 
_SKR folds
Linspecteur7 collected 45 from pot
*** SUMMARY ***
Total pot 45 | No rake
Seat 2: Linspecteur7 (big blind) won 45


Winamax Poker - Tournament "Expresso Nitro" buyIn: 0.93€ + 0.07€ level: 2 - HandId: #2717693307332329473-6-1676231927 - Holdem no limit (15/30) - 2023/02/12 19:58:47 UTC
Table: 'Expresso Nitro(632762282)#0' 3-max (real money) Seat #2 is the button
Seat 2: Linspecteur7 (528)
Seat 3: _SKR (372)
*** ANTE/BLINDS ***
Linspecteur7 posts small blind 15
_SKR posts big blind 30
Dealt to _SKR [Kh Td]
*** PRE-FLOP *** 
Linspecteur7 raises 30 to 60
_SKR raises 312 to 372 and is all-in
Linspecteur7 folds
_SKR collected 432 from pot
*** SUMMARY ***
Total pot 432 | No rake
Seat 3: _SKR (big blind) won 432


Winamax Poker - Tournament "Expresso Nitro" buyIn: 0.93€ + 0.07€ level: 2 - HandId: #2717693307332329473-7-1676231937 - Holdem no limit (15/30) - 2023/02/12 19:58:57 UTC
Table: 'Expresso Nitro(632762282)#0' 3-max (real money) Seat #3 is the button
Seat 2: Linspecteur7 (468)
Seat 3: _SKR (432)
*** ANTE/BLINDS ***
_SKR posts small blind 15
Linspecteur7 posts big blind 30
Dealt to _SKR [3h Js]
*** PRE-FLOP *** 
_SKR folds
Linspecteur7 collected 45 from pot
*** SUMMARY ***
Total pot 45 | No rake
Seat 2: Linspecteur7 (big blind) won 45


Winamax Poker - Tournament "Expresso Nitro" buyIn: 0.93€ + 0.07€ level: 2 - HandId: #2717693307332329473-8-1676231941 - Holdem no limit (15/30) - 2023/02/12 19:59:01 UTC
Table: 'Expresso Nitro(632762282)#0' 3-max (real money) Seat #2 is the button
Seat 2: Linspecteur7 (483)
Seat 3: _SKR (417)
*** ANTE/BLINDS ***
Linspecteur7 posts small blind 15
_SKR posts big blind 30
Dealt to _SKR [Jd Th]
*** PRE-FLOP *** 
Linspecteur7 raises 60 to 90
_SKR folds
Linspecteur7 collected 120 from pot
*** SUMMARY ***
Total pot 120 | No rake
Seat 2: Linspecteur7 (small blind) (button) won 120


Winamax Poker - Tournament "Expresso Nitro" buyIn: 0.93€ + 0.07€ level: 3 - HandId: #2717693307332329473-9-1676231947 - Holdem no limit (20/40) - 2023/02/12 19:59:07 UTC
Table: 'Expresso Nitro(632762282)#0' 3-max (real money) Seat #3 is the button
Seat 2: Linspecteur7 (513)
Seat 3: _SKR (387)
*** ANTE/BLINDS ***
_SKR posts small blind 20
Linspecteur7 posts big blind 40
Dealt to _SKR [Th Qd]
*** PRE-FLOP *** 
_SKR raises 347 to 387 and is all-in
Linspecteur7 folds
_SKR collected 427 from pot
*** SUMMARY ***
Total pot 427 | No rake
Seat 3: _SKR (small blind) (button) won 427


Winamax Poker - Tournament "Expresso Nitro" buyIn: 0.93€ + 0.07€ level: 3 - HandId: #2717693307332329473-10-1676231953 - Holdem no limit (20/40) - 2023/02/12 19:59:13 UTC
Table: 'Expresso Nitro(632762282)#0' 3-max (real money) Seat #2 is the button
Seat 2: Linspecteur7 (473)
Seat 3: _SKR (427)
*** ANTE/BLINDS ***
Linspecteur7 posts small blind 20
_SKR posts big blind 40
Dealt to _SKR [9s Kh]
*** PRE-FLOP *** 
Linspecteur7 folds
_SKR collected 60 from pot
*** SUMMARY ***
Total pot 60 | No rake
Seat 3: _SKR (big blind) won 60


Winamax Poker - Tournament "Expresso Nitro" buyIn: 0.93€ + 0.07€ level: 3 - HandId: #2717693307332329473-11-1676231957 - Holdem no limit (20/40) - 2023/02/12 19:59:17 UTC
Table: 'Expresso Nitro(632762282)#0' 3-max (real money) Seat #3 is the button
Seat 2: Linspecteur7 (453)
Seat 3: _SKR (447)
*** ANTE/BLINDS ***
_SKR posts small blind 20
Linspecteur7 posts big blind 40
Dealt to _SKR [Ac 9c]
*** PRE-FLOP *** 
_SKR raises 407 to 447 and is all-in
Linspecteur7 folds
_SKR collected 487 from pot
*** SUMMARY ***
Total pot 487 | No rake
Seat 3: _SKR (small blind) (button) won 487


Winamax Poker - Tournament "Expresso Nitro" buyIn: 0.93€ + 0.07€ level: 3 - HandId: #2717693307332329473-12-1676231965 - Holdem no limit (20/40) - 2023/02/12 19:59:25 UTC
Table: 'Expresso Nitro(632762282)#0' 3-max (real money) Seat #2 is the button
Seat 2: Linspecteur7 (413)
Seat 3: _SKR (487)
*** ANTE/BLINDS ***
Linspecteur7 posts small blind 20
_SKR posts big blind 40
Dealt to _SKR [Kc 7h]
*** PRE-FLOP *** 
Linspecteur7 calls 20
_SKR raises 447 to 487 and is all-in
Linspecteur7 folds
_SKR collected 527 from pot
*** SUMMARY ***
Total pot 527 | No rake
Seat 3: _SKR (big blind) won 527


Winamax Poker - Tournament "Expresso Nitro" buyIn: 0.93€ + 0.07€ level: 3 - HandId: #2717693307332329473-13-1676231983 - Holdem no limit (20/40) - 2023/02/12 19:59:43 UTC
Table: 'Expresso Nitro(632762282)#0' 3-max (real money) Seat #3 is the button
Seat 2: Linspecteur7 (373)
Seat 3: _SKR (527)
*** ANTE/BLINDS ***
_SKR posts small blind 20
Linspecteur7 posts big blind 40
Dealt to _SKR [Td 2s]
*** PRE-FLOP *** 
_SKR folds
Linspecteur7 collected 60 from pot
*** SUMMARY ***
Total pot 60 | No rake
Seat 2: Linspecteur7 (big blind) won 60


Winamax Poker - Tournament "Expresso Nitro" buyIn: 0.93€ + 0.07€ level: 3 - HandId: #2717693307332329473-14-1676231987 - Holdem no limit (20/40) - 2023/02/12 19:59:47 UTC
Table: 'Expresso Nitro(632762282)#0' 3-max (real money) Seat #2 is the button
Seat 2: Linspecteur7 (393)
Seat 3: _SKR (507)
*** ANTE/BLINDS ***
Linspecteur7 posts small blind 20
_SKR posts big blind 40
Dealt to _SKR [8s Jc]
*** PRE-FLOP *** 
Linspecteur7 raises 80 to 120
_SKR folds
Linspecteur7 collected 160 from pot
*** SUMMARY ***
Total pot 160 | No rake
Seat 2: Linspecteur7 (small blind) (button) won 160


Winamax Poker - Tournament "Expresso Nitro" buyIn: 0.93€ + 0.07€ level: 3 - HandId: #2717693307332329473-15-1676231995 - Holdem no limit (20/40) - 2023/02/12 19:59:55 UTC
Table: 'Expresso Nitro(632762282)#0' 3-max (real money) Seat #3 is the button
Seat 2: Linspecteur7 (433)
Seat 3: _SKR (467)
*** ANTE/BLINDS ***
_SKR posts small blind 20
Linspecteur7 posts big blind 40
Dealt to _SKR [8h 6d]
*** PRE-FLOP *** 
_SKR folds
Linspecteur7 collected 60 from pot
*** SUMMARY ***
Total pot 60 | No rake
Seat 2: Linspecteur7 (big blind) won 60


Winamax Poker - Tournament "Expresso Nitro" buyIn: 0.93€ + 0.07€ level: 3 - HandId: #2717693307332329473-16-1676231998 - Holdem no limit (20/40) - 2023/02/12 19:59:58 UTC
Table: 'Expresso Nitro(632762282)#0' 3-max (real money) Seat #2 is the button
Seat 2: Linspecteur7 (453)
Seat 3: _SKR (447)
*** ANTE/BLINDS ***
Linspecteur7 posts small blind 20
_SKR posts big blind 40
Dealt to _SKR [8h 8s]
*** PRE-FLOP *** 
Linspecteur7 raises 413 to 453 and is all-in
_SKR calls 407 and is all-in
*** FLOP *** [Js Kc 5s]
*** TURN *** [Js Kc 5s][7c]
*** RIVER *** [Js Kc 5s 7c][3c]
*** SHOW DOWN ***
_SKR shows [8h 8s] (One pair : 8)
Linspecteur7 shows [2s Kh] (One pair : Kings)
Linspecteur7 collected 900 from pot
*** SUMMARY ***
Total pot 900 | No rake
Board: [Js Kc 5s 7c 3c]
Seat 2: Linspecteur7 (small blind) (button) showed [2s Kh] and won 900 with One pair : Kings
Seat 3: _SKR (big blind) showed [8h 8s] and lost with One pair : 8


