Winamax Poker - Tournament "Expresso Nitro" buyIn: 0.93€ + 0.07€ level: 1 - HandId: #2718643942508724225-1-1676293170 - Holdem no limit (10/20) - 2023/02/13 12:59:30 UTC
Table: 'Expresso Nitro(632983619)#0' 3-max (real money) Seat #2 is the button
Seat 1: Edortatu (300)
Seat 2: _SKR (300)
Seat 3: Mallena (300)
*** ANTE/BLINDS ***
Mallena posts small blind 10
Edortatu posts big blind 20
Dealt to _SKR [3s 2d]
*** PRE-FLOP *** 
_SKR folds
Mallena raises 280 to 300 and is all-in
Edortatu folds
Mallena collected 320 from pot
*** SUMMARY ***
Total pot 320 | No rake
Seat 3: Mallena (small blind) won 320


Winamax Poker - Tournament "Expresso Nitro" buyIn: 0.93€ + 0.07€ level: 1 - HandId: #2718643942508724225-2-1676293182 - Holdem no limit (10/20) - 2023/02/13 12:59:42 UTC
Table: 'Expresso Nitro(632983619)#0' 3-max (real money) Seat #3 is the button
Seat 1: Edortatu (280)
Seat 2: _SKR (300)
Seat 3: Mallena (320)
*** ANTE/BLINDS ***
Edortatu posts small blind 10
_SKR posts big blind 20
Dealt to _SKR [5s 6h]
*** PRE-FLOP *** 
Mallena raises 20 to 40
Edortatu raises 240 to 280 and is all-in
_SKR folds
Mallena folds
Edortatu collected 340 from pot
*** SUMMARY ***
Total pot 340 | No rake
Seat 1: Edortatu (small blind) won 340


Winamax Poker - Tournament "Expresso Nitro" buyIn: 0.93€ + 0.07€ level: 1 - HandId: #2718643942508724225-3-1676293200 - Holdem no limit (10/20) - 2023/02/13 13:00:00 UTC
Table: 'Expresso Nitro(632983619)#0' 3-max (real money) Seat #1 is the button
Seat 1: Edortatu (340)
Seat 2: _SKR (280)
Seat 3: Mallena (280)
*** ANTE/BLINDS ***
_SKR posts small blind 10
Mallena posts big blind 20
Dealt to _SKR [Ks 9c]
*** PRE-FLOP *** 
Edortatu calls 20
_SKR folds
Mallena raises 260 to 280 and is all-in
Edortatu folds
Mallena collected 310 from pot
*** SUMMARY ***
Total pot 310 | No rake
Seat 3: Mallena (big blind) won 310


Winamax Poker - Tournament "Expresso Nitro" buyIn: 0.93€ + 0.07€ level: 1 - HandId: #2718643942508724225-4-1676293222 - Holdem no limit (10/20) - 2023/02/13 13:00:22 UTC
Table: 'Expresso Nitro(632983619)#0' 3-max (real money) Seat #2 is the button
Seat 1: Edortatu (320)
Seat 2: _SKR (270)
Seat 3: Mallena (310)
*** ANTE/BLINDS ***
Mallena posts small blind 10
Edortatu posts big blind 20
Dealt to _SKR [Ac 8c]
*** PRE-FLOP *** 
_SKR raises 250 to 270 and is all-in
Mallena folds
Edortatu folds
_SKR collected 300 from pot
*** SUMMARY ***
Total pot 300 | No rake
Seat 2: _SKR (button) won 300


Winamax Poker - Tournament "Expresso Nitro" buyIn: 0.93€ + 0.07€ level: 2 - HandId: #2718643942508724225-5-1676293230 - Holdem no limit (15/30) - 2023/02/13 13:00:30 UTC
Table: 'Expresso Nitro(632983619)#0' 3-max (real money) Seat #3 is the button
Seat 1: Edortatu (300)
Seat 2: _SKR (300)
Seat 3: Mallena (300)
*** ANTE/BLINDS ***
Edortatu posts small blind 15
_SKR posts big blind 30
Dealt to _SKR [Tc 5d]
*** PRE-FLOP *** 
Mallena folds
Edortatu raises 270 to 300 and is all-in
_SKR folds
Edortatu collected 330 from pot
*** SUMMARY ***
Total pot 330 | No rake
Seat 1: Edortatu (small blind) won 330


Winamax Poker - Tournament "Expresso Nitro" buyIn: 0.93€ + 0.07€ level: 2 - HandId: #2718643942508724225-6-1676293241 - Holdem no limit (15/30) - 2023/02/13 13:00:41 UTC
Table: 'Expresso Nitro(632983619)#0' 3-max (real money) Seat #1 is the button
Seat 1: Edortatu (330)
Seat 2: _SKR (270)
Seat 3: Mallena (300)
*** ANTE/BLINDS ***
_SKR posts small blind 15
Mallena posts big blind 30
Dealt to _SKR [9s 9c]
*** PRE-FLOP *** 
Edortatu calls 30
_SKR raises 240 to 270 and is all-in
Mallena folds
Edortatu calls 240
*** FLOP *** [9h Ac Qc]
*** TURN *** [9h Ac Qc][7d]
*** RIVER *** [9h Ac Qc 7d][6d]
*** SHOW DOWN ***
Edortatu shows [8s Kd] (High card : Ace)
_SKR shows [9s 9c] (Trips of 9)
_SKR collected 570 from pot
*** SUMMARY ***
Total pot 570 | No rake
Board: [9h Ac Qc 7d 6d]
Seat 1: Edortatu (button) showed [8s Kd] and lost with High card : Ace
Seat 2: _SKR (small blind) showed [9s 9c] and won 570 with Trips of 9


Winamax Poker - Tournament "Expresso Nitro" buyIn: 0.93€ + 0.07€ level: 2 - HandId: #2718643942508724225-7-1676293259 - Holdem no limit (15/30) - 2023/02/13 13:00:59 UTC
Table: 'Expresso Nitro(632983619)#0' 3-max (real money) Seat #2 is the button
Seat 1: Edortatu (60)
Seat 2: _SKR (570)
Seat 3: Mallena (270)
*** ANTE/BLINDS ***
Mallena posts small blind 15
Edortatu posts big blind 30
Dealt to _SKR [3d Qc]
*** PRE-FLOP *** 
_SKR folds
Mallena raises 240 to 270 and is all-in
Edortatu calls 30 and is all-in
*** FLOP *** [9d 4h 6s]
*** TURN *** [9d 4h 6s][3c]
*** RIVER *** [9d 4h 6s 3c][Qd]
*** SHOW DOWN ***
Edortatu shows [Ac 8d] (High card : Ace)
Mallena shows [Jd Ad] (High card : Ace)
Mallena collected 330 from pot
*** SUMMARY ***
Total pot 330 | No rake
Board: [9d 4h 6s 3c Qd]
Seat 1: Edortatu (big blind) showed [Ac 8d] and lost with High card : Ace
Seat 3: Mallena (small blind) showed [Jd Ad] and won 330 with High card : Ace


Winamax Poker - Tournament "Expresso Nitro" buyIn: 0.93€ + 0.07€ level: 2 - HandId: #2718643942508724225-8-1676293280 - Holdem no limit (15/30) - 2023/02/13 13:01:20 UTC
Table: 'Expresso Nitro(632983619)#0' 3-max (real money) Seat #2 is the button
Seat 2: _SKR (570)
Seat 3: Mallena (330)
*** ANTE/BLINDS ***
_SKR posts small blind 15
Mallena posts big blind 30
Dealt to _SKR [Kc 3h]
*** PRE-FLOP *** 
_SKR folds
Mallena collected 45 from pot
*** SUMMARY ***
Total pot 45 | No rake
Seat 3: Mallena (big blind) won 45


Winamax Poker - Tournament "Expresso Nitro" buyIn: 0.93€ + 0.07€ level: 2 - HandId: #2718643942508724225-9-1676293285 - Holdem no limit (15/30) - 2023/02/13 13:01:25 UTC
Table: 'Expresso Nitro(632983619)#0' 3-max (real money) Seat #3 is the button
Seat 2: _SKR (555)
Seat 3: Mallena (345)
*** ANTE/BLINDS ***
Mallena posts small blind 15
_SKR posts big blind 30
Dealt to _SKR [2h Th]
*** PRE-FLOP *** 
Mallena raises 315 to 345 and is all-in
_SKR folds
Mallena collected 375 from pot
*** SUMMARY ***
Total pot 375 | No rake
Seat 3: Mallena (small blind) (button) won 375


Winamax Poker - Tournament "Expresso Nitro" buyIn: 0.93€ + 0.07€ level: 3 - HandId: #2718643942508724225-10-1676293300 - Holdem no limit (20/40) - 2023/02/13 13:01:40 UTC
Table: 'Expresso Nitro(632983619)#0' 3-max (real money) Seat #2 is the button
Seat 2: _SKR (525)
Seat 3: Mallena (375)
*** ANTE/BLINDS ***
_SKR posts small blind 20
Mallena posts big blind 40
Dealt to _SKR [Kd Ah]
*** PRE-FLOP *** 
_SKR raises 485 to 525 and is all-in
Mallena calls 335 and is all-in
*** FLOP *** [5c Kh 7h]
*** TURN *** [5c Kh 7h][2h]
*** RIVER *** [5c Kh 7h 2h][Qs]
*** SHOW DOWN ***
Mallena shows [Ad 9d] (High card : Ace)
_SKR shows [Kd Ah] (One pair : Kings)
_SKR collected 900 from pot
*** SUMMARY ***
Total pot 900 | No rake
Board: [5c Kh 7h 2h Qs]
Seat 2: _SKR (small blind) (button) showed [Kd Ah] and won 900 with One pair : Kings
Seat 3: Mallena (big blind) showed [Ad 9d] and lost with High card : Ace


