Winamax Poker - Tournament "Expresso Nitro" buyIn: 0.93€ + 0.07€ level: 1 - HandId: #2689747827742998529-1-1674649474 - Holdem no limit (10/20) - 2023/01/25 12:24:34 UTC
Table: 'Expresso Nitro(626255718)#0' 3-max (real money) Seat #1 is the button
Seat 1: _SKR (300)
Seat 2: chikistars77 (300)
Seat 3: 66-GIG-66 (300)
*** ANTE/BLINDS ***
chikistars77 posts small blind 10
66-GIG-66 posts big blind 20
Dealt to _SKR [Ah 7d]
*** PRE-FLOP *** 
_SKR raises 20 to 40
chikistars77 folds
66-GIG-66 calls 20
*** FLOP *** [Tc Kh 2h]
66-GIG-66 checks
_SKR checks
*** TURN *** [Tc Kh 2h][5h]
66-GIG-66 bets 20
_SKR calls 20
*** RIVER *** [Tc Kh 2h 5h][Qd]
66-GIG-66 checks
_SKR checks
*** SHOW DOWN ***
66-GIG-66 shows [6d 7h] (High card : King)
_SKR shows [Ah 7d] (High card : Ace)
_SKR collected 130 from pot
*** SUMMARY ***
Total pot 130 | No rake
Board: [Tc Kh 2h 5h Qd]
Seat 1: _SKR (button) showed [Ah 7d] and won 130 with High card : Ace
Seat 3: 66-GIG-66 (big blind) showed [6d 7h] and lost with High card : King


Winamax Poker - Tournament "Expresso Nitro" buyIn: 0.93€ + 0.07€ level: 1 - HandId: #2689747827742998529-2-1674649515 - Holdem no limit (10/20) - 2023/01/25 12:25:15 UTC
Table: 'Expresso Nitro(626255718)#0' 3-max (real money) Seat #2 is the button
Seat 1: _SKR (370)
Seat 2: chikistars77 (290)
Seat 3: 66-GIG-66 (240)
*** ANTE/BLINDS ***
66-GIG-66 posts small blind 10
_SKR posts big blind 20
Dealt to _SKR [9c 5s]
*** PRE-FLOP *** 
chikistars77 folds
66-GIG-66 folds
_SKR collected 30 from pot
*** SUMMARY ***
Total pot 30 | No rake
Seat 1: _SKR (big blind) won 30


Winamax Poker - Tournament "Expresso Nitro" buyIn: 0.93€ + 0.07€ level: 2 - HandId: #2689747827742998529-3-1674649532 - Holdem no limit (15/30) - 2023/01/25 12:25:32 UTC
Table: 'Expresso Nitro(626255718)#0' 3-max (real money) Seat #3 is the button
Seat 1: _SKR (380)
Seat 2: chikistars77 (290)
Seat 3: 66-GIG-66 (230)
*** ANTE/BLINDS ***
_SKR posts small blind 15
chikistars77 posts big blind 30
Dealt to _SKR [7d 4d]
*** PRE-FLOP *** 
66-GIG-66 raises 75 to 105
_SKR folds
chikistars77 folds
66-GIG-66 collected 150 from pot
*** SUMMARY ***
Total pot 150 | No rake
Seat 3: 66-GIG-66 (button) won 150


Winamax Poker - Tournament "Expresso Nitro" buyIn: 0.93€ + 0.07€ level: 2 - HandId: #2689747827742998529-4-1674649543 - Holdem no limit (15/30) - 2023/01/25 12:25:43 UTC
Table: 'Expresso Nitro(626255718)#0' 3-max (real money) Seat #1 is the button
Seat 1: _SKR (365)
Seat 2: chikistars77 (260)
Seat 3: 66-GIG-66 (275)
*** ANTE/BLINDS ***
chikistars77 posts small blind 15
66-GIG-66 posts big blind 30
Dealt to _SKR [7s As]
*** PRE-FLOP *** 
_SKR raises 335 to 365 and is all-in
chikistars77 folds
66-GIG-66 folds
_SKR collected 410 from pot
*** SUMMARY ***
Total pot 410 | No rake
Seat 1: _SKR (button) won 410


Winamax Poker - Tournament "Expresso Nitro" buyIn: 0.93€ + 0.07€ level: 2 - HandId: #2689747827742998529-5-1674649557 - Holdem no limit (15/30) - 2023/01/25 12:25:57 UTC
Table: 'Expresso Nitro(626255718)#0' 3-max (real money) Seat #2 is the button
Seat 1: _SKR (410)
Seat 2: chikistars77 (245)
Seat 3: 66-GIG-66 (245)
*** ANTE/BLINDS ***
66-GIG-66 posts small blind 15
_SKR posts big blind 30
Dealt to _SKR [8s 9s]
*** PRE-FLOP *** 
chikistars77 folds
66-GIG-66 folds
_SKR collected 45 from pot
*** SUMMARY ***
Total pot 45 | No rake
Seat 1: _SKR (big blind) won 45


Winamax Poker - Tournament "Expresso Nitro" buyIn: 0.93€ + 0.07€ level: 2 - HandId: #2689747827742998529-6-1674649563 - Holdem no limit (15/30) - 2023/01/25 12:26:03 UTC
Table: 'Expresso Nitro(626255718)#0' 3-max (real money) Seat #3 is the button
Seat 1: _SKR (425)
Seat 2: chikistars77 (245)
Seat 3: 66-GIG-66 (230)
*** ANTE/BLINDS ***
_SKR posts small blind 15
chikistars77 posts big blind 30
Dealt to _SKR [Jh Kh]
*** PRE-FLOP *** 
66-GIG-66 folds
_SKR raises 395 to 425 and is all-in
chikistars77 calls 215 and is all-in
*** FLOP *** [Kd Tc 8s]
*** TURN *** [Kd Tc 8s][2c]
*** RIVER *** [Kd Tc 8s 2c][Qd]
*** SHOW DOWN ***
chikistars77 shows [Th Jc] (One pair : Tens)
_SKR shows [Jh Kh] (One pair : Kings)
_SKR collected 670 from pot
*** SUMMARY ***
Total pot 670 | No rake
Board: [Kd Tc 8s 2c Qd]
Seat 1: _SKR (small blind) showed [Jh Kh] and won 670 with One pair : Kings
Seat 2: chikistars77 (big blind) showed [Th Jc] and lost with One pair : Tens


Winamax Poker - Tournament "Expresso Nitro" buyIn: 0.93€ + 0.07€ level: 2 - HandId: #2689747827742998529-7-1674649580 - Holdem no limit (15/30) - 2023/01/25 12:26:20 UTC
Table: 'Expresso Nitro(626255718)#0' 3-max (real money) Seat #3 is the button
Seat 1: _SKR (670)
Seat 3: 66-GIG-66 (230)
*** ANTE/BLINDS ***
66-GIG-66 posts small blind 15
_SKR posts big blind 30
Dealt to _SKR [Qs Js]
*** PRE-FLOP *** 
66-GIG-66 folds
_SKR collected 45 from pot
*** SUMMARY ***
Total pot 45 | No rake
Seat 1: _SKR (big blind) won 45


Winamax Poker - Tournament "Expresso Nitro" buyIn: 0.93€ + 0.07€ level: 2 - HandId: #2689747827742998529-8-1674649583 - Holdem no limit (15/30) - 2023/01/25 12:26:23 UTC
Table: 'Expresso Nitro(626255718)#0' 3-max (real money) Seat #1 is the button
Seat 1: _SKR (685)
Seat 3: 66-GIG-66 (215)
*** ANTE/BLINDS ***
_SKR posts small blind 15
66-GIG-66 posts big blind 30
Dealt to _SKR [4d Jd]
*** PRE-FLOP *** 
_SKR folds
66-GIG-66 collected 45 from pot
*** SUMMARY ***
Total pot 45 | No rake
Seat 3: 66-GIG-66 (big blind) won 45


Winamax Poker - Tournament "Expresso Nitro" buyIn: 0.93€ + 0.07€ level: 2 - HandId: #2689747827742998529-9-1674649587 - Holdem no limit (15/30) - 2023/01/25 12:26:27 UTC
Table: 'Expresso Nitro(626255718)#0' 3-max (real money) Seat #3 is the button
Seat 1: _SKR (670)
Seat 3: 66-GIG-66 (230)
*** ANTE/BLINDS ***
66-GIG-66 posts small blind 15
_SKR posts big blind 30
Dealt to _SKR [As Td]
*** PRE-FLOP *** 
66-GIG-66 raises 30 to 60
_SKR raises 610 to 670 and is all-in
66-GIG-66 folds
_SKR collected 730 from pot
*** SUMMARY ***
Total pot 730 | No rake
Seat 1: _SKR (big blind) won 730


Winamax Poker - Tournament "Expresso Nitro" buyIn: 0.93€ + 0.07€ level: 3 - HandId: #2689747827742998529-10-1674649599 - Holdem no limit (20/40) - 2023/01/25 12:26:39 UTC
Table: 'Expresso Nitro(626255718)#0' 3-max (real money) Seat #1 is the button
Seat 1: _SKR (730)
Seat 3: 66-GIG-66 (170)
*** ANTE/BLINDS ***
_SKR posts small blind 20
66-GIG-66 posts big blind 40
Dealt to _SKR [2d 7c]
*** PRE-FLOP *** 
_SKR folds
66-GIG-66 collected 60 from pot
*** SUMMARY ***
Total pot 60 | No rake
Seat 3: 66-GIG-66 (big blind) won 60


Winamax Poker - Tournament "Expresso Nitro" buyIn: 0.93€ + 0.07€ level: 3 - HandId: #2689747827742998529-11-1674649606 - Holdem no limit (20/40) - 2023/01/25 12:26:46 UTC
Table: 'Expresso Nitro(626255718)#0' 3-max (real money) Seat #3 is the button
Seat 1: _SKR (710)
Seat 3: 66-GIG-66 (190)
*** ANTE/BLINDS ***
66-GIG-66 posts small blind 20
_SKR posts big blind 40
Dealt to _SKR [8d Qd]
*** PRE-FLOP *** 
66-GIG-66 raises 150 to 190 and is all-in
_SKR calls 150
*** FLOP *** [3h 8h Kc]
*** TURN *** [3h 8h Kc][4c]
*** RIVER *** [3h 8h Kc 4c][8c]
*** SHOW DOWN ***
66-GIG-66 shows [3d Kd] (Two pairs : Kings and 8)
_SKR shows [8d Qd] (Trips of 8)
_SKR collected 380 from pot
*** SUMMARY ***
Total pot 380 | No rake
Board: [3h 8h Kc 4c 8c]
Seat 1: _SKR (big blind) showed [8d Qd] and won 380 with Trips of 8
Seat 3: 66-GIG-66 (small blind) (button) showed [3d Kd] and lost with Two pairs : Kings and 8


