Winamax Poker - Tournament "Expresso Nitro" buyIn: 0.93€ + 0.07€ level: 1 - HandId: #2689780125897064449-1-1674651401 - Holdem no limit (10/20) - 2023/01/25 12:56:41 UTC
Table: 'Expresso Nitro(626263238)#0' 3-max (real money) Seat #2 is the button
Seat 1: Stefano38100 (300)
Seat 2: Mr Sax (300)
Seat 3: _SKR (300)
*** ANTE/BLINDS ***
_SKR posts small blind 10
Stefano38100 posts big blind 20
Dealt to _SKR [8d 3h]
*** PRE-FLOP *** 
Mr Sax folds
_SKR folds
Stefano38100 collected 30 from pot
*** SUMMARY ***
Total pot 30 | No rake
Seat 1: Stefano38100 (big blind) won 30


Winamax Poker - Tournament "Expresso Nitro" buyIn: 0.93€ + 0.07€ level: 1 - HandId: #2689780125897064449-2-1674651418 - Holdem no limit (10/20) - 2023/01/25 12:56:58 UTC
Table: 'Expresso Nitro(626263238)#0' 3-max (real money) Seat #3 is the button
Seat 1: Stefano38100 (310)
Seat 2: Mr Sax (300)
Seat 3: _SKR (290)
*** ANTE/BLINDS ***
Stefano38100 posts small blind 10
Mr Sax posts big blind 20
Dealt to _SKR [3c Tc]
*** PRE-FLOP *** 
_SKR folds
Stefano38100 calls 10
Mr Sax raises 30 to 50
Stefano38100 calls 30
*** FLOP *** [3h Jh 2c]
Stefano38100 checks
Mr Sax bets 80
Stefano38100 calls 80
*** TURN *** [3h Jh 2c][4c]
Stefano38100 checks
Mr Sax checks
*** RIVER *** [3h Jh 2c 4c][6d]
Stefano38100 bets 180 and is all-in
Mr Sax calls 170 and is all-in
*** SHOW DOWN ***
Stefano38100 shows [Qc Td] (High card : Queen)
Mr Sax shows [7s 7d] (One pair : 7)
Mr Sax collected 600 from main pot
Stefano38100 collected 10 from side pot 1
*** SUMMARY ***
Total pot 610 | No rake
Board: [3h Jh 2c 4c 6d]
Seat 1: Stefano38100 (small blind) showed [Qc Td] and won 10 with High card : Queen
Seat 2: Mr Sax (big blind) showed [7s 7d] and won 600 with One pair : 7


Winamax Poker - Tournament "Expresso Nitro" buyIn: 0.93€ + 0.07€ level: 1 - HandId: #2689780125897064449-3-1674651456 - Holdem no limit (10/20) - 2023/01/25 12:57:36 UTC
Table: 'Expresso Nitro(626263238)#0' 3-max (real money) Seat #1 is the button
Seat 1: Stefano38100 (10)
Seat 2: Mr Sax (600)
Seat 3: _SKR (290)
*** ANTE/BLINDS ***
Mr Sax posts small blind 10
_SKR posts big blind 20
Dealt to _SKR [5c Jh]
*** PRE-FLOP *** 
Stefano38100 calls 10 and is all-in
Mr Sax calls 10
_SKR checks
*** FLOP *** [5s 7d 9h]
Mr Sax checks
_SKR checks
*** TURN *** [5s 7d 9h][6h]
Mr Sax bets 33
_SKR calls 33
*** RIVER *** [5s 7d 9h 6h][Td]
Mr Sax checks
_SKR checks
*** SHOW DOWN ***
Stefano38100 shows [3h 4s] (Straight 7 high)
_SKR shows [5c Jh] (One pair : 5)
Mr Sax shows [8d 6d] (Straight Ten high)
Mr Sax collected 116 from pot
*** SUMMARY ***
Total pot 116 | No rake
Board: [5s 7d 9h 6h Td]
Seat 1: Stefano38100 (button) showed [3h 4s] and lost with Straight 7 high
Seat 2: Mr Sax (small blind) showed [8d 6d] and won 116 with Straight Ten high
Seat 3: _SKR (big blind) showed [5c Jh] and lost with One pair : 5


Winamax Poker - Tournament "Expresso Nitro" buyIn: 0.93€ + 0.07€ level: 3 - HandId: #2689780125897064449-4-1674651519 - Holdem no limit (20/40) - 2023/01/25 12:58:39 UTC
Table: 'Expresso Nitro(626263238)#0' 3-max (real money) Seat #3 is the button
Seat 2: Mr Sax (663)
Seat 3: _SKR (237)
*** ANTE/BLINDS ***
_SKR posts small blind 20
Mr Sax posts big blind 40
Dealt to _SKR [3c 6d]
*** PRE-FLOP *** 
_SKR folds
Mr Sax collected 60 from pot
*** SUMMARY ***
Total pot 60 | No rake
Seat 2: Mr Sax (big blind) won 60


Winamax Poker - Tournament "Expresso Nitro" buyIn: 0.93€ + 0.07€ level: 3 - HandId: #2689780125897064449-5-1674651530 - Holdem no limit (20/40) - 2023/01/25 12:58:50 UTC
Table: 'Expresso Nitro(626263238)#0' 3-max (real money) Seat #2 is the button
Seat 2: Mr Sax (683)
Seat 3: _SKR (217)
*** ANTE/BLINDS ***
Mr Sax posts small blind 20
_SKR posts big blind 40
Dealt to _SKR [2d 4h]
*** PRE-FLOP *** 
Mr Sax raises 643 to 683 and is all-in
_SKR folds
Mr Sax collected 723 from pot
*** SUMMARY ***
Total pot 723 | No rake
Seat 2: Mr Sax (small blind) (button) won 723


Winamax Poker - Tournament "Expresso Nitro" buyIn: 0.93€ + 0.07€ level: 3 - HandId: #2689780125897064449-6-1674651539 - Holdem no limit (20/40) - 2023/01/25 12:58:59 UTC
Table: 'Expresso Nitro(626263238)#0' 3-max (real money) Seat #3 is the button
Seat 2: Mr Sax (723)
Seat 3: _SKR (177)
*** ANTE/BLINDS ***
_SKR posts small blind 20
Mr Sax posts big blind 40
Dealt to _SKR [6c Kd]
*** PRE-FLOP *** 
_SKR raises 137 to 177 and is all-in
Mr Sax folds
_SKR collected 217 from pot
*** SUMMARY ***
Total pot 217 | No rake
Seat 3: _SKR (small blind) (button) won 217


Winamax Poker - Tournament "Expresso Nitro" buyIn: 0.93€ + 0.07€ level: 3 - HandId: #2689780125897064449-7-1674651547 - Holdem no limit (20/40) - 2023/01/25 12:59:07 UTC
Table: 'Expresso Nitro(626263238)#0' 3-max (real money) Seat #2 is the button
Seat 2: Mr Sax (683)
Seat 3: _SKR (217)
*** ANTE/BLINDS ***
Mr Sax posts small blind 20
_SKR posts big blind 40
Dealt to _SKR [3s 5s]
*** PRE-FLOP *** 
Mr Sax folds
_SKR collected 60 from pot
*** SUMMARY ***
Total pot 60 | No rake
Seat 3: _SKR (big blind) won 60


Winamax Poker - Tournament "Expresso Nitro" buyIn: 0.93€ + 0.07€ level: 3 - HandId: #2689780125897064449-8-1674651557 - Holdem no limit (20/40) - 2023/01/25 12:59:17 UTC
Table: 'Expresso Nitro(626263238)#0' 3-max (real money) Seat #3 is the button
Seat 2: Mr Sax (663)
Seat 3: _SKR (237)
*** ANTE/BLINDS ***
_SKR posts small blind 20
Mr Sax posts big blind 40
Dealt to _SKR [Ah 3h]
*** PRE-FLOP *** 
_SKR raises 197 to 237 and is all-in
Mr Sax calls 197
*** FLOP *** [Td 6s 7h]
*** TURN *** [Td 6s 7h][Jc]
*** RIVER *** [Td 6s 7h Jc][Jh]
*** SHOW DOWN ***
Mr Sax shows [As 4h] (One pair : Jacks)
_SKR shows [Ah 3h] (One pair : Jacks)
_SKR collected 237 from pot
Mr Sax collected 237 from pot
*** SUMMARY ***
Total pot 474 | No rake
Board: [Td 6s 7h Jc Jh]
Seat 2: Mr Sax (big blind) showed [As 4h] and won 237 with One pair : Jacks
Seat 3: _SKR (small blind) (button) showed [Ah 3h] and won 237 with One pair : Jacks


Winamax Poker - Tournament "Expresso Nitro" buyIn: 0.93€ + 0.07€ level: 3 - HandId: #2689780125897064449-9-1674651570 - Holdem no limit (20/40) - 2023/01/25 12:59:30 UTC
Table: 'Expresso Nitro(626263238)#0' 3-max (real money) Seat #2 is the button
Seat 2: Mr Sax (663)
Seat 3: _SKR (237)
*** ANTE/BLINDS ***
Mr Sax posts small blind 20
_SKR posts big blind 40
Dealt to _SKR [3s 6d]
*** PRE-FLOP *** 
Mr Sax raises 623 to 663 and is all-in
_SKR folds
Mr Sax collected 703 from pot
*** SUMMARY ***
Total pot 703 | No rake
Seat 2: Mr Sax (small blind) (button) won 703


Winamax Poker - Tournament "Expresso Nitro" buyIn: 0.93€ + 0.07€ level: 4 - HandId: #2689780125897064449-10-1674651578 - Holdem no limit (30/60) - 2023/01/25 12:59:38 UTC
Table: 'Expresso Nitro(626263238)#0' 3-max (real money) Seat #3 is the button
Seat 2: Mr Sax (703)
Seat 3: _SKR (197)
*** ANTE/BLINDS ***
_SKR posts small blind 30
Mr Sax posts big blind 60
Dealt to _SKR [Tc Qs]
*** PRE-FLOP *** 
_SKR raises 137 to 197 and is all-in
Mr Sax calls 137
*** FLOP *** [Jh 5s Ks]
*** TURN *** [Jh 5s Ks][6h]
*** RIVER *** [Jh 5s Ks 6h][8s]
*** SHOW DOWN ***
_SKR shows [Tc Qs] (High card : King)
Mr Sax shows [6c 7d] (One pair : 6)
Mr Sax collected 394 from pot
*** SUMMARY ***
Total pot 394 | No rake
Board: [Jh 5s Ks 6h 8s]
Seat 2: Mr Sax (big blind) showed [6c 7d] and won 394 with One pair : 6
Seat 3: _SKR (small blind) (button) showed [Tc Qs] and lost with High card : King


