Winamax Poker - Tournament "Expresso Nitro" buyIn: 0.93€ + 0.07€ level: 1 - HandId: #2689753278056497153-1-1674649810 - Holdem no limit (10/20) - 2023/01/25 12:30:10 UTC
Table: 'Expresso Nitro(626256987)#0' 3-max (real money) Seat #1 is the button
Seat 1: _SKR (300)
Seat 2: GoodPlay (300)
Seat 3: Carence en T (300)
*** ANTE/BLINDS ***
GoodPlay posts small blind 10
Carence en T posts big blind 20
Dealt to _SKR [6d 2d]
*** PRE-FLOP *** 
_SKR folds
GoodPlay raises 280 to 300 and is all-in
Carence en T folds
GoodPlay collected 320 from pot
*** SUMMARY ***
Total pot 320 | No rake
Seat 2: GoodPlay (small blind) won 320


Winamax Poker - Tournament "Expresso Nitro" buyIn: 0.93€ + 0.07€ level: 1 - HandId: #2689753278056497153-2-1674649817 - Holdem no limit (10/20) - 2023/01/25 12:30:17 UTC
Table: 'Expresso Nitro(626256987)#0' 3-max (real money) Seat #2 is the button
Seat 1: _SKR (300)
Seat 2: GoodPlay (320)
Seat 3: Carence en T (280)
*** ANTE/BLINDS ***
Carence en T posts small blind 10
_SKR posts big blind 20
Dealt to _SKR [2d 3s]
*** PRE-FLOP *** 
GoodPlay folds
Carence en T folds
_SKR collected 30 from pot
*** SUMMARY ***
Total pot 30 | No rake
Seat 1: _SKR (big blind) won 30


Winamax Poker - Tournament "Expresso Nitro" buyIn: 0.93€ + 0.07€ level: 1 - HandId: #2689753278056497153-3-1674649822 - Holdem no limit (10/20) - 2023/01/25 12:30:22 UTC
Table: 'Expresso Nitro(626256987)#0' 3-max (real money) Seat #3 is the button
Seat 1: _SKR (310)
Seat 2: GoodPlay (320)
Seat 3: Carence en T (270)
*** ANTE/BLINDS ***
_SKR posts small blind 10
GoodPlay posts big blind 20
Dealt to _SKR [3s 9d]
*** PRE-FLOP *** 
Carence en T folds
_SKR folds
GoodPlay collected 30 from pot
*** SUMMARY ***
Total pot 30 | No rake
Seat 2: GoodPlay (big blind) won 30


Winamax Poker - Tournament "Expresso Nitro" buyIn: 0.93€ + 0.07€ level: 1 - HandId: #2689753278056497153-4-1674649827 - Holdem no limit (10/20) - 2023/01/25 12:30:27 UTC
Table: 'Expresso Nitro(626256987)#0' 3-max (real money) Seat #1 is the button
Seat 1: _SKR (300)
Seat 2: GoodPlay (330)
Seat 3: Carence en T (270)
*** ANTE/BLINDS ***
GoodPlay posts small blind 10
Carence en T posts big blind 20
Dealt to _SKR [4h 8d]
*** PRE-FLOP *** 
_SKR folds
GoodPlay raises 40 to 60
Carence en T raises 210 to 270 and is all-in
GoodPlay raises 60 to 330 and is all-in
*** FLOP *** [8h 7h 3s]
*** TURN *** [8h 7h 3s][4d]
*** RIVER *** [8h 7h 3s 4d][6h]
*** SHOW DOWN ***
Carence en T shows [Ac Jh] (High card : Ace)
GoodPlay shows [Qs Qd] (One pair : Queens)
GoodPlay collected 600 from pot
*** SUMMARY ***
Total pot 600 | No rake
Board: [8h 7h 3s 4d 6h]
Seat 2: GoodPlay (small blind) showed [Qs Qd] and won 600 with One pair : Queens
Seat 3: Carence en T (big blind) showed [Ac Jh] and lost with High card : Ace


Winamax Poker - Tournament "Expresso Nitro" buyIn: 0.93€ + 0.07€ level: 1 - HandId: #2689753278056497153-5-1674649843 - Holdem no limit (10/20) - 2023/01/25 12:30:43 UTC
Table: 'Expresso Nitro(626256987)#0' 3-max (real money) Seat #1 is the button
Seat 1: _SKR (300)
Seat 2: GoodPlay (600)
*** ANTE/BLINDS ***
_SKR posts small blind 10
GoodPlay posts big blind 20
Dealt to _SKR [As 7h]
*** PRE-FLOP *** 
_SKR raises 280 to 300 and is all-in
GoodPlay calls 280
*** FLOP *** [5s 2s 9c]
*** TURN *** [5s 2s 9c][4s]
*** RIVER *** [5s 2s 9c 4s][6c]
*** SHOW DOWN ***
GoodPlay shows [Qs Kh] (High card : King)
_SKR shows [As 7h] (High card : Ace)
_SKR collected 600 from pot
*** SUMMARY ***
Total pot 600 | No rake
Board: [5s 2s 9c 4s 6c]
Seat 1: _SKR (small blind) (button) showed [As 7h] and won 600 with High card : Ace
Seat 2: GoodPlay (big blind) showed [Qs Kh] and lost with High card : King


Winamax Poker - Tournament "Expresso Nitro" buyIn: 0.93€ + 0.07€ level: 1 - HandId: #2689753278056497153-6-1674649857 - Holdem no limit (10/20) - 2023/01/25 12:30:57 UTC
Table: 'Expresso Nitro(626256987)#0' 3-max (real money) Seat #2 is the button
Seat 1: _SKR (600)
Seat 2: GoodPlay (300)
*** ANTE/BLINDS ***
GoodPlay posts small blind 10
_SKR posts big blind 20
Dealt to _SKR [Kc 4s]
*** PRE-FLOP *** 
GoodPlay folds
_SKR collected 30 from pot
*** SUMMARY ***
Total pot 30 | No rake
Seat 1: _SKR (big blind) won 30


Winamax Poker - Tournament "Expresso Nitro" buyIn: 0.93€ + 0.07€ level: 1 - HandId: #2689753278056497153-7-1674649861 - Holdem no limit (10/20) - 2023/01/25 12:31:01 UTC
Table: 'Expresso Nitro(626256987)#0' 3-max (real money) Seat #1 is the button
Seat 1: _SKR (610)
Seat 2: GoodPlay (290)
*** ANTE/BLINDS ***
_SKR posts small blind 10
GoodPlay posts big blind 20
Dealt to _SKR [Th 3h]
*** PRE-FLOP *** 
_SKR folds
GoodPlay collected 30 from pot
*** SUMMARY ***
Total pot 30 | No rake
Seat 2: GoodPlay (big blind) won 30


Winamax Poker - Tournament "Expresso Nitro" buyIn: 0.93€ + 0.07€ level: 2 - HandId: #2689753278056497153-8-1674649872 - Holdem no limit (15/30) - 2023/01/25 12:31:12 UTC
Table: 'Expresso Nitro(626256987)#0' 3-max (real money) Seat #2 is the button
Seat 1: _SKR (600)
Seat 2: GoodPlay (300)
*** ANTE/BLINDS ***
GoodPlay posts small blind 15
_SKR posts big blind 30
Dealt to _SKR [4s 9h]
*** PRE-FLOP *** 
GoodPlay calls 15
_SKR checks
*** FLOP *** [Ah 3h 6h]
_SKR checks
GoodPlay bets 30
_SKR folds
GoodPlay collected 90 from pot
*** SUMMARY ***
Total pot 90 | No rake
Board: [Ah 3h 6h]
Seat 2: GoodPlay (small blind) (button) won 90


Winamax Poker - Tournament "Expresso Nitro" buyIn: 0.93€ + 0.07€ level: 2 - HandId: #2689753278056497153-9-1674649900 - Holdem no limit (15/30) - 2023/01/25 12:31:40 UTC
Table: 'Expresso Nitro(626256987)#0' 3-max (real money) Seat #1 is the button
Seat 1: _SKR (570)
Seat 2: GoodPlay (330)
*** ANTE/BLINDS ***
_SKR posts small blind 15
GoodPlay posts big blind 30
Dealt to _SKR [Kd 8h]
*** PRE-FLOP *** 
_SKR raises 540 to 570 and is all-in
GoodPlay folds
_SKR collected 600 from pot
*** SUMMARY ***
Total pot 600 | No rake
Seat 1: _SKR (small blind) (button) won 600


Winamax Poker - Tournament "Expresso Nitro" buyIn: 0.93€ + 0.07€ level: 2 - HandId: #2689753278056497153-10-1674649910 - Holdem no limit (15/30) - 2023/01/25 12:31:50 UTC
Table: 'Expresso Nitro(626256987)#0' 3-max (real money) Seat #2 is the button
Seat 1: _SKR (600)
Seat 2: GoodPlay (300)
*** ANTE/BLINDS ***
GoodPlay posts small blind 15
_SKR posts big blind 30
Dealt to _SKR [4h Kc]
*** PRE-FLOP *** 
GoodPlay calls 15
_SKR checks
*** FLOP *** [Qd Kd Ts]
_SKR checks
GoodPlay bets 30
_SKR calls 30
*** TURN *** [Qd Kd Ts][Qh]
_SKR checks
GoodPlay checks
*** RIVER *** [Qd Kd Ts Qh][8d]
_SKR bets 96
GoodPlay folds
_SKR collected 216 from pot
*** SUMMARY ***
Total pot 216 | No rake
Board: [Qd Kd Ts Qh 8d]
Seat 1: _SKR (big blind) won 216


Winamax Poker - Tournament "Expresso Nitro" buyIn: 0.93€ + 0.07€ level: 3 - HandId: #2689753278056497153-11-1674649936 - Holdem no limit (20/40) - 2023/01/25 12:32:16 UTC
Table: 'Expresso Nitro(626256987)#0' 3-max (real money) Seat #1 is the button
Seat 1: _SKR (660)
Seat 2: GoodPlay (240)
*** ANTE/BLINDS ***
_SKR posts small blind 20
GoodPlay posts big blind 40
Dealt to _SKR [Ac Qs]
*** PRE-FLOP *** 
_SKR raises 620 to 660 and is all-in
GoodPlay folds
_SKR collected 700 from pot
*** SUMMARY ***
Total pot 700 | No rake
Seat 1: _SKR (small blind) (button) won 700


Winamax Poker - Tournament "Expresso Nitro" buyIn: 0.93€ + 0.07€ level: 3 - HandId: #2689753278056497153-12-1674649942 - Holdem no limit (20/40) - 2023/01/25 12:32:22 UTC
Table: 'Expresso Nitro(626256987)#0' 3-max (real money) Seat #2 is the button
Seat 1: _SKR (700)
Seat 2: GoodPlay (200)
*** ANTE/BLINDS ***
GoodPlay posts small blind 20
_SKR posts big blind 40
Dealt to _SKR [9h 8c]
*** PRE-FLOP *** 
GoodPlay folds
_SKR collected 60 from pot
*** SUMMARY ***
Total pot 60 | No rake
Seat 1: _SKR (big blind) won 60


Winamax Poker - Tournament "Expresso Nitro" buyIn: 0.93€ + 0.07€ level: 3 - HandId: #2689753278056497153-13-1674649950 - Holdem no limit (20/40) - 2023/01/25 12:32:30 UTC
Table: 'Expresso Nitro(626256987)#0' 3-max (real money) Seat #1 is the button
Seat 1: _SKR (720)
Seat 2: GoodPlay (180)
*** ANTE/BLINDS ***
_SKR posts small blind 20
GoodPlay posts big blind 40
Dealt to _SKR [2c Ah]
*** PRE-FLOP *** 
_SKR raises 680 to 720 and is all-in
GoodPlay calls 140 and is all-in
*** FLOP *** [Ts Jd Ad]
*** TURN *** [Ts Jd Ad][As]
*** RIVER *** [Ts Jd Ad As][Ac]
*** SHOW DOWN ***
GoodPlay shows [Kc 6c] (Trips of Aces)
_SKR shows [2c Ah] (Quads of Aces)
_SKR collected 900 from pot
*** SUMMARY ***
Total pot 900 | No rake
Board: [Ts Jd Ad As Ac]
Seat 1: _SKR (small blind) (button) showed [2c Ah] and won 900 with Quads of Aces
Seat 2: GoodPlay (big blind) showed [Kc 6c] and lost with Trips of Aces


