Winamax Poker - Tournament "Expresso Nitro" buyIn: 0.93€ + 0.07€ level: 1 - HandId: #2717227088632348673-1-1676212880 - Holdem no limit (10/20) - 2023/02/12 14:41:20 UTC
Table: 'Expresso Nitro(632653732)#0' 3-max (real money) Seat #1 is the button
Seat 1: Ilan-Wolve94 (300)
Seat 2: _SKR (300)
Seat 3: Manonrdn (300)
*** ANTE/BLINDS ***
_SKR posts small blind 10
Manonrdn posts big blind 20
Dealt to _SKR [7h Qh]
*** PRE-FLOP *** 
Ilan-Wolve94 folds
_SKR raises 20 to 40
Manonrdn folds
_SKR collected 60 from pot
*** SUMMARY ***
Total pot 60 | No rake
Seat 2: _SKR (small blind) won 60


Winamax Poker - Tournament "Expresso Nitro" buyIn: 0.93€ + 0.07€ level: 1 - HandId: #2717227088632348673-2-1676212889 - Holdem no limit (10/20) - 2023/02/12 14:41:29 UTC
Table: 'Expresso Nitro(632653732)#0' 3-max (real money) Seat #2 is the button
Seat 1: Ilan-Wolve94 (300)
Seat 2: _SKR (320)
Seat 3: Manonrdn (280)
*** ANTE/BLINDS ***
Manonrdn posts small blind 10
Ilan-Wolve94 posts big blind 20
Dealt to _SKR [8h As]
*** PRE-FLOP *** 
_SKR raises 300 to 320 and is all-in
Manonrdn folds
Ilan-Wolve94 folds
_SKR collected 350 from pot
*** SUMMARY ***
Total pot 350 | No rake
Seat 2: _SKR (button) won 350


Winamax Poker - Tournament "Expresso Nitro" buyIn: 0.93€ + 0.07€ level: 1 - HandId: #2717227088632348673-3-1676212896 - Holdem no limit (10/20) - 2023/02/12 14:41:36 UTC
Table: 'Expresso Nitro(632653732)#0' 3-max (real money) Seat #3 is the button
Seat 1: Ilan-Wolve94 (280)
Seat 2: _SKR (350)
Seat 3: Manonrdn (270)
*** ANTE/BLINDS ***
Ilan-Wolve94 posts small blind 10
_SKR posts big blind 20
Dealt to _SKR [2c Td]
*** PRE-FLOP *** 
Manonrdn folds
Ilan-Wolve94 raises 20 to 40
_SKR folds
Ilan-Wolve94 collected 60 from pot
*** SUMMARY ***
Total pot 60 | No rake
Seat 1: Ilan-Wolve94 (small blind) won 60


Winamax Poker - Tournament "Expresso Nitro" buyIn: 0.93€ + 0.07€ level: 1 - HandId: #2717227088632348673-4-1676212902 - Holdem no limit (10/20) - 2023/02/12 14:41:42 UTC
Table: 'Expresso Nitro(632653732)#0' 3-max (real money) Seat #1 is the button
Seat 1: Ilan-Wolve94 (300)
Seat 2: _SKR (330)
Seat 3: Manonrdn (270)
*** ANTE/BLINDS ***
_SKR posts small blind 10
Manonrdn posts big blind 20
Dealt to _SKR [9d 6d]
*** PRE-FLOP *** 
Ilan-Wolve94 raises 20 to 40
_SKR folds
Manonrdn raises 20 to 60
Ilan-Wolve94 calls 20
*** FLOP *** [2d 8c 5c]
Manonrdn bets 20
Ilan-Wolve94 calls 20
*** TURN *** [2d 8c 5c][Qd]
Manonrdn bets 20
Ilan-Wolve94 raises 200 to 220 and is all-in
Manonrdn folds
Ilan-Wolve94 collected 410 from pot
*** SUMMARY ***
Total pot 410 | No rake
Board: [2d 8c 5c Qd]
Seat 1: Ilan-Wolve94 (button) won 410


Winamax Poker - Tournament "Expresso Nitro" buyIn: 0.93€ + 0.07€ level: 1 - HandId: #2717227088632348673-5-1676212925 - Holdem no limit (10/20) - 2023/02/12 14:42:05 UTC
Table: 'Expresso Nitro(632653732)#0' 3-max (real money) Seat #2 is the button
Seat 1: Ilan-Wolve94 (410)
Seat 2: _SKR (320)
Seat 3: Manonrdn (170)
*** ANTE/BLINDS ***
Manonrdn posts small blind 10
Ilan-Wolve94 posts big blind 20
Dealt to _SKR [7h 3s]
*** PRE-FLOP *** 
_SKR folds
Manonrdn raises 150 to 170 and is all-in
Ilan-Wolve94 folds
Manonrdn collected 190 from pot
*** SUMMARY ***
Total pot 190 | No rake
Seat 3: Manonrdn (small blind) won 190


Winamax Poker - Tournament "Expresso Nitro" buyIn: 0.93€ + 0.07€ level: 1 - HandId: #2717227088632348673-6-1676212932 - Holdem no limit (10/20) - 2023/02/12 14:42:12 UTC
Table: 'Expresso Nitro(632653732)#0' 3-max (real money) Seat #3 is the button
Seat 1: Ilan-Wolve94 (390)
Seat 2: _SKR (320)
Seat 3: Manonrdn (190)
*** ANTE/BLINDS ***
Ilan-Wolve94 posts small blind 10
_SKR posts big blind 20
Dealt to _SKR [6h Jh]
*** PRE-FLOP *** 
Manonrdn calls 20
Ilan-Wolve94 raises 370 to 390 and is all-in
_SKR folds
Manonrdn calls 170 and is all-in
*** FLOP *** [9h 6s 2c]
*** TURN *** [9h 6s 2c][7h]
*** RIVER *** [9h 6s 2c 7h][5h]
*** SHOW DOWN ***
Manonrdn shows [5c Qc] (One pair : 5)
Ilan-Wolve94 shows [8s 8h] (Straight 9 high)
Ilan-Wolve94 collected 600 from pot
*** SUMMARY ***
Total pot 600 | No rake
Board: [9h 6s 2c 7h 5h]
Seat 1: Ilan-Wolve94 (small blind) showed [8s 8h] and won 600 with Straight 9 high
Seat 3: Manonrdn (button) showed [5c Qc] and lost with One pair : 5


Winamax Poker - Tournament "Expresso Nitro" buyIn: 0.93€ + 0.07€ level: 2 - HandId: #2717227088632348673-7-1676212948 - Holdem no limit (15/30) - 2023/02/12 14:42:28 UTC
Table: 'Expresso Nitro(632653732)#0' 3-max (real money) Seat #2 is the button
Seat 1: Ilan-Wolve94 (600)
Seat 2: _SKR (300)
*** ANTE/BLINDS ***
_SKR posts small blind 15
Ilan-Wolve94 posts big blind 30
Dealt to _SKR [2s Jh]
*** PRE-FLOP *** 
_SKR folds
Ilan-Wolve94 collected 45 from pot
*** SUMMARY ***
Total pot 45 | No rake
Seat 1: Ilan-Wolve94 (big blind) won 45


Winamax Poker - Tournament "Expresso Nitro" buyIn: 0.93€ + 0.07€ level: 2 - HandId: #2717227088632348673-8-1676212953 - Holdem no limit (15/30) - 2023/02/12 14:42:33 UTC
Table: 'Expresso Nitro(632653732)#0' 3-max (real money) Seat #1 is the button
Seat 1: Ilan-Wolve94 (615)
Seat 2: _SKR (285)
*** ANTE/BLINDS ***
Ilan-Wolve94 posts small blind 15
_SKR posts big blind 30
Dealt to _SKR [6d Ac]
*** PRE-FLOP *** 
Ilan-Wolve94 raises 30 to 60
_SKR raises 225 to 285 and is all-in
Ilan-Wolve94 raises 330 to 615 and is all-in
*** FLOP *** [Ts 3h 8d]
*** TURN *** [Ts 3h 8d][Qd]
*** RIVER *** [Ts 3h 8d Qd][Kc]
*** SHOW DOWN ***
_SKR shows [6d Ac] (High card : Ace)
Ilan-Wolve94 shows [9h 9c] (One pair : 9)
Ilan-Wolve94 collected 900 from pot
*** SUMMARY ***
Total pot 900 | No rake
Board: [Ts 3h 8d Qd Kc]
Seat 1: Ilan-Wolve94 (small blind) (button) showed [9h 9c] and won 900 with One pair : 9
Seat 2: _SKR (big blind) showed [6d Ac] and lost with High card : Ace


