Winamax Poker - Tournament "Expresso Nitro" buyIn: 0.93€ + 0.07€ level: 1 - HandId: #2689767193750536193-1-1674650629 - Holdem no limit (10/20) - 2023/01/25 12:43:49 UTC
Table: 'Expresso Nitro(626260227)#0' 3-max (real money) Seat #3 is the button
Seat 1: _SKR (300)
Seat 2: Trickynstein (300)
Seat 3: AGMLZD (300)
*** ANTE/BLINDS ***
_SKR posts small blind 10
Trickynstein posts big blind 20
Dealt to _SKR [6s Ad]
*** PRE-FLOP *** 
AGMLZD folds
_SKR raises 280 to 300 and is all-in
Trickynstein folds
_SKR collected 320 from pot
*** SUMMARY ***
Total pot 320 | No rake
Seat 1: _SKR (small blind) won 320


Winamax Poker - Tournament "Expresso Nitro" buyIn: 0.93€ + 0.07€ level: 1 - HandId: #2689767193750536193-2-1674650649 - Holdem no limit (10/20) - 2023/01/25 12:44:09 UTC
Table: 'Expresso Nitro(626260227)#0' 3-max (real money) Seat #1 is the button
Seat 1: _SKR (320)
Seat 2: Trickynstein (280)
Seat 3: AGMLZD (300)
*** ANTE/BLINDS ***
Trickynstein posts small blind 10
AGMLZD posts big blind 20
Dealt to _SKR [2h Ac]
*** PRE-FLOP *** 
_SKR folds
Trickynstein folds
AGMLZD collected 30 from pot
*** SUMMARY ***
Total pot 30 | No rake
Seat 3: AGMLZD (big blind) won 30


Winamax Poker - Tournament "Expresso Nitro" buyIn: 0.93€ + 0.07€ level: 1 - HandId: #2689767193750536193-3-1674650661 - Holdem no limit (10/20) - 2023/01/25 12:44:21 UTC
Table: 'Expresso Nitro(626260227)#0' 3-max (real money) Seat #2 is the button
Seat 1: _SKR (320)
Seat 2: Trickynstein (270)
Seat 3: AGMLZD (310)
*** ANTE/BLINDS ***
AGMLZD posts small blind 10
_SKR posts big blind 20
Dealt to _SKR [7s 2s]
*** PRE-FLOP *** 
Trickynstein folds
AGMLZD folds
_SKR collected 30 from pot
*** SUMMARY ***
Total pot 30 | No rake
Seat 1: _SKR (big blind) won 30


Winamax Poker - Tournament "Expresso Nitro" buyIn: 0.93€ + 0.07€ level: 1 - HandId: #2689767193750536193-4-1674650678 - Holdem no limit (10/20) - 2023/01/25 12:44:38 UTC
Table: 'Expresso Nitro(626260227)#0' 3-max (real money) Seat #3 is the button
Seat 1: _SKR (330)
Seat 2: Trickynstein (270)
Seat 3: AGMLZD (300)
*** ANTE/BLINDS ***
_SKR posts small blind 10
Trickynstein posts big blind 20
Dealt to _SKR [9s Tc]
*** PRE-FLOP *** 
AGMLZD raises 280 to 300 and is all-in
_SKR folds
Trickynstein calls 250 and is all-in
*** FLOP *** [2d 5c 7d]
*** TURN *** [2d 5c 7d][8h]
*** RIVER *** [2d 5c 7d 8h][2s]
*** SHOW DOWN ***
Trickynstein shows [9c 7s] (Two pairs : 7 and 2)
AGMLZD shows [Jd Ah] (One pair : 2)
AGMLZD collected 30 from side pot 1
Trickynstein collected 550 from main pot
*** SUMMARY ***
Total pot 580 | No rake
Board: [2d 5c 7d 8h 2s]
Seat 2: Trickynstein (big blind) showed [9c 7s] and won 550 with Two pairs : 7 and 2
Seat 3: AGMLZD (button) showed [Jd Ah] and won 30 with One pair : 2


Winamax Poker - Tournament "Expresso Nitro" buyIn: 0.93€ + 0.07€ level: 2 - HandId: #2689767193750536193-5-1674650697 - Holdem no limit (15/30) - 2023/01/25 12:44:57 UTC
Table: 'Expresso Nitro(626260227)#0' 3-max (real money) Seat #1 is the button
Seat 1: _SKR (320)
Seat 2: Trickynstein (550)
Seat 3: AGMLZD (30)
*** ANTE/BLINDS ***
Trickynstein posts small blind 15
AGMLZD posts big blind 30 and is all-in
Dealt to _SKR [6s Jc]
*** PRE-FLOP *** 
_SKR folds
Trickynstein calls 15
*** FLOP *** [9s 6h Ks]
*** TURN *** [9s 6h Ks][Td]
*** RIVER *** [9s 6h Ks Td][3h]
*** SHOW DOWN ***
Trickynstein shows [5d 4h] (High card : King)
AGMLZD shows [Kh Qh] (One pair : Kings)
AGMLZD collected 60 from pot
*** SUMMARY ***
Total pot 60 | No rake
Board: [9s 6h Ks Td 3h]
Seat 2: Trickynstein (small blind) showed [5d 4h] and lost with High card : King
Seat 3: AGMLZD (big blind) showed [Kh Qh] and won 60 with One pair : Kings


Winamax Poker - Tournament "Expresso Nitro" buyIn: 0.93€ + 0.07€ level: 2 - HandId: #2689767193750536193-6-1674650711 - Holdem no limit (15/30) - 2023/01/25 12:45:11 UTC
Table: 'Expresso Nitro(626260227)#0' 3-max (real money) Seat #2 is the button
Seat 1: _SKR (320)
Seat 2: Trickynstein (520)
Seat 3: AGMLZD (60)
*** ANTE/BLINDS ***
AGMLZD posts small blind 15
_SKR posts big blind 30
Dealt to _SKR [5h 3s]
*** PRE-FLOP *** 
Trickynstein raises 490 to 520 and is all-in
AGMLZD calls 45 and is all-in
_SKR folds
*** FLOP *** [5c 2s 4c]
*** TURN *** [5c 2s 4c][9d]
*** RIVER *** [5c 2s 4c 9d][2d]
*** SHOW DOWN ***
Trickynstein shows [6d Qh] (One pair : 2)
AGMLZD shows [Th Kc] (One pair : 2)
AGMLZD collected 150 from main pot
Trickynstein collected 460 from side pot 1
*** SUMMARY ***
Total pot 610 | No rake
Board: [5c 2s 4c 9d 2d]
Seat 2: Trickynstein (button) showed [6d Qh] and won 460 with One pair : 2
Seat 3: AGMLZD (small blind) showed [Th Kc] and won 150 with One pair : 2


Winamax Poker - Tournament "Expresso Nitro" buyIn: 0.93€ + 0.07€ level: 2 - HandId: #2689767193750536193-7-1674650724 - Holdem no limit (15/30) - 2023/01/25 12:45:24 UTC
Table: 'Expresso Nitro(626260227)#0' 3-max (real money) Seat #3 is the button
Seat 1: _SKR (290)
Seat 2: Trickynstein (460)
Seat 3: AGMLZD (150)
*** ANTE/BLINDS ***
_SKR posts small blind 15
Trickynstein posts big blind 30
Dealt to _SKR [6s 8d]
*** PRE-FLOP *** 
AGMLZD raises 120 to 150 and is all-in
_SKR folds
Trickynstein folds
AGMLZD collected 195 from pot
*** SUMMARY ***
Total pot 195 | No rake
Seat 3: AGMLZD (button) won 195


Winamax Poker - Tournament "Expresso Nitro" buyIn: 0.93€ + 0.07€ level: 2 - HandId: #2689767193750536193-8-1674650734 - Holdem no limit (15/30) - 2023/01/25 12:45:34 UTC
Table: 'Expresso Nitro(626260227)#0' 3-max (real money) Seat #1 is the button
Seat 1: _SKR (275)
Seat 2: Trickynstein (430)
Seat 3: AGMLZD (195)
*** ANTE/BLINDS ***
Trickynstein posts small blind 15
AGMLZD posts big blind 30
Dealt to _SKR [7h 2h]
*** PRE-FLOP *** 
_SKR folds
Trickynstein folds
AGMLZD collected 45 from pot
*** SUMMARY ***
Total pot 45 | No rake
Seat 3: AGMLZD (big blind) won 45


Winamax Poker - Tournament "Expresso Nitro" buyIn: 0.93€ + 0.07€ level: 2 - HandId: #2689767193750536193-9-1674650738 - Holdem no limit (15/30) - 2023/01/25 12:45:38 UTC
Table: 'Expresso Nitro(626260227)#0' 3-max (real money) Seat #2 is the button
Seat 1: _SKR (275)
Seat 2: Trickynstein (415)
Seat 3: AGMLZD (210)
*** ANTE/BLINDS ***
AGMLZD posts small blind 15
_SKR posts big blind 30
Dealt to _SKR [5d 4s]
*** PRE-FLOP *** 
Trickynstein folds
AGMLZD raises 180 to 210 and is all-in
_SKR folds
AGMLZD collected 240 from pot
*** SUMMARY ***
Total pot 240 | No rake
Seat 3: AGMLZD (small blind) won 240


Winamax Poker - Tournament "Expresso Nitro" buyIn: 0.93€ + 0.07€ level: 3 - HandId: #2689767193750536193-10-1674650748 - Holdem no limit (20/40) - 2023/01/25 12:45:48 UTC
Table: 'Expresso Nitro(626260227)#0' 3-max (real money) Seat #3 is the button
Seat 1: _SKR (245)
Seat 2: Trickynstein (415)
Seat 3: AGMLZD (240)
*** ANTE/BLINDS ***
_SKR posts small blind 20
Trickynstein posts big blind 40
Dealt to _SKR [9d 4s]
*** PRE-FLOP *** 
AGMLZD folds
_SKR folds
Trickynstein collected 60 from pot
*** SUMMARY ***
Total pot 60 | No rake
Seat 2: Trickynstein (big blind) won 60


Winamax Poker - Tournament "Expresso Nitro" buyIn: 0.93€ + 0.07€ level: 3 - HandId: #2689767193750536193-11-1674650753 - Holdem no limit (20/40) - 2023/01/25 12:45:53 UTC
Table: 'Expresso Nitro(626260227)#0' 3-max (real money) Seat #1 is the button
Seat 1: _SKR (225)
Seat 2: Trickynstein (435)
Seat 3: AGMLZD (240)
*** ANTE/BLINDS ***
Trickynstein posts small blind 20
AGMLZD posts big blind 40
Dealt to _SKR [4s Jd]
*** PRE-FLOP *** 
_SKR folds
Trickynstein raises 395 to 435 and is all-in
AGMLZD calls 200 and is all-in
*** FLOP *** [6d 2s 3c]
*** TURN *** [6d 2s 3c][5s]
*** RIVER *** [6d 2s 3c 5s][8c]
*** SHOW DOWN ***
AGMLZD shows [As 5c] (One pair : 5)
Trickynstein shows [8s 7d] (One pair : 8)
Trickynstein collected 675 from pot
*** SUMMARY ***
Total pot 675 | No rake
Board: [6d 2s 3c 5s 8c]
Seat 2: Trickynstein (small blind) showed [8s 7d] and won 675 with One pair : 8
Seat 3: AGMLZD (big blind) showed [As 5c] and lost with One pair : 5


Winamax Poker - Tournament "Expresso Nitro" buyIn: 0.93€ + 0.07€ level: 3 - HandId: #2689767193750536193-12-1674650767 - Holdem no limit (20/40) - 2023/01/25 12:46:07 UTC
Table: 'Expresso Nitro(626260227)#0' 3-max (real money) Seat #1 is the button
Seat 1: _SKR (225)
Seat 2: Trickynstein (675)
*** ANTE/BLINDS ***
_SKR posts small blind 20
Trickynstein posts big blind 40
Dealt to _SKR [9d Ks]
*** PRE-FLOP *** 
_SKR raises 185 to 225 and is all-in
Trickynstein calls 185
*** FLOP *** [3s Kh 6d]
*** TURN *** [3s Kh 6d][Th]
*** RIVER *** [3s Kh 6d Th][Jd]
*** SHOW DOWN ***
Trickynstein shows [9h 8d] (High card : King)
_SKR shows [9d Ks] (One pair : Kings)
_SKR collected 450 from pot
*** SUMMARY ***
Total pot 450 | No rake
Board: [3s Kh 6d Th Jd]
Seat 1: _SKR (small blind) (button) showed [9d Ks] and won 450 with One pair : Kings
Seat 2: Trickynstein (big blind) showed [9h 8d] and lost with High card : King


Winamax Poker - Tournament "Expresso Nitro" buyIn: 0.93€ + 0.07€ level: 3 - HandId: #2689767193750536193-13-1674650780 - Holdem no limit (20/40) - 2023/01/25 12:46:20 UTC
Table: 'Expresso Nitro(626260227)#0' 3-max (real money) Seat #2 is the button
Seat 1: _SKR (450)
Seat 2: Trickynstein (450)
*** ANTE/BLINDS ***
Trickynstein posts small blind 20
_SKR posts big blind 40
Dealt to _SKR [Jd As]
*** PRE-FLOP *** 
Trickynstein raises 410 to 450 and is all-in
_SKR calls 410 and is all-in
*** FLOP *** [5h Ad 8h]
*** TURN *** [5h Ad 8h][7c]
*** RIVER *** [5h Ad 8h 7c][Ah]
*** SHOW DOWN ***
Trickynstein shows [Qd 4d] (One pair : Aces)
_SKR shows [Jd As] (Trips of Aces)
_SKR collected 900 from pot
*** SUMMARY ***
Total pot 900 | No rake
Board: [5h Ad 8h 7c Ah]
Seat 1: _SKR (big blind) showed [Jd As] and won 900 with Trips of Aces
Seat 2: Trickynstein (small blind) (button) showed [Qd 4d] and lost with One pair : Aces


