Winamax Poker - Tournament "Expresso Nitro" buyIn: 0.93€ + 0.07€ level: 1 - HandId: #2717864272800514049-1-1676238122 - Holdem no limit (10/20) - 2023/02/12 21:42:02 UTC
Table: 'Expresso Nitro(632802088)#0' 3-max (real money) Seat #2 is the button
Seat 1: david85152 (300)
Seat 2: Ianfish (300)
Seat 3: _SKR (300)
*** ANTE/BLINDS ***
_SKR posts small blind 10
david85152 posts big blind 20
Dealt to _SKR [Qd Qc]
*** PRE-FLOP *** 
Ianfish folds
_SKR raises 20 to 40
david85152 folds
_SKR collected 60 from pot
*** SUMMARY ***
Total pot 60 | No rake
Seat 3: _SKR (small blind) won 60


Winamax Poker - Tournament "Expresso Nitro" buyIn: 0.93€ + 0.07€ level: 1 - HandId: #2717864272800514049-2-1676238131 - Holdem no limit (10/20) - 2023/02/12 21:42:11 UTC
Table: 'Expresso Nitro(632802088)#0' 3-max (real money) Seat #3 is the button
Seat 1: david85152 (280)
Seat 2: Ianfish (300)
Seat 3: _SKR (320)
*** ANTE/BLINDS ***
david85152 posts small blind 10
Ianfish posts big blind 20
Dealt to _SKR [2h Ac]
*** PRE-FLOP *** 
_SKR raises 20 to 40
david85152 raises 240 to 280 and is all-in
Ianfish folds
_SKR folds
david85152 collected 340 from pot
*** SUMMARY ***
Total pot 340 | No rake
Seat 1: david85152 (small blind) won 340


Winamax Poker - Tournament "Expresso Nitro" buyIn: 0.93€ + 0.07€ level: 1 - HandId: #2717864272800514049-3-1676238148 - Holdem no limit (10/20) - 2023/02/12 21:42:28 UTC
Table: 'Expresso Nitro(632802088)#0' 3-max (real money) Seat #1 is the button
Seat 1: david85152 (340)
Seat 2: Ianfish (280)
Seat 3: _SKR (280)
*** ANTE/BLINDS ***
Ianfish posts small blind 10
_SKR posts big blind 20
Dealt to _SKR [7d 4s]
*** PRE-FLOP *** 
david85152 raises 320 to 340 and is all-in
Ianfish folds
_SKR folds
david85152 collected 370 from pot
*** SUMMARY ***
Total pot 370 | No rake
Seat 1: david85152 (button) won 370


Winamax Poker - Tournament "Expresso Nitro" buyIn: 0.93€ + 0.07€ level: 1 - HandId: #2717864272800514049-4-1676238156 - Holdem no limit (10/20) - 2023/02/12 21:42:36 UTC
Table: 'Expresso Nitro(632802088)#0' 3-max (real money) Seat #2 is the button
Seat 1: david85152 (370)
Seat 2: Ianfish (270)
Seat 3: _SKR (260)
*** ANTE/BLINDS ***
_SKR posts small blind 10
david85152 posts big blind 20
Dealt to _SKR [Jd Ad]
*** PRE-FLOP *** 
Ianfish raises 20 to 40
_SKR raises 220 to 260 and is all-in
david85152 folds
Ianfish folds
_SKR collected 320 from pot
*** SUMMARY ***
Total pot 320 | No rake
Seat 3: _SKR (small blind) won 320


Winamax Poker - Tournament "Expresso Nitro" buyIn: 0.93€ + 0.07€ level: 1 - HandId: #2717864272800514049-5-1676238171 - Holdem no limit (10/20) - 2023/02/12 21:42:51 UTC
Table: 'Expresso Nitro(632802088)#0' 3-max (real money) Seat #3 is the button
Seat 1: david85152 (350)
Seat 2: Ianfish (230)
Seat 3: _SKR (320)
*** ANTE/BLINDS ***
david85152 posts small blind 10
Ianfish posts big blind 20
Dealt to _SKR [3s Ts]
*** PRE-FLOP *** 
_SKR folds
david85152 raises 330 to 350 and is all-in
Ianfish folds
david85152 collected 370 from pot
*** SUMMARY ***
Total pot 370 | No rake
Seat 1: david85152 (small blind) won 370


Winamax Poker - Tournament "Expresso Nitro" buyIn: 0.93€ + 0.07€ level: 2 - HandId: #2717864272800514049-6-1676238185 - Holdem no limit (15/30) - 2023/02/12 21:43:05 UTC
Table: 'Expresso Nitro(632802088)#0' 3-max (real money) Seat #1 is the button
Seat 1: david85152 (370)
Seat 2: Ianfish (210)
Seat 3: _SKR (320)
*** ANTE/BLINDS ***
Ianfish posts small blind 15
_SKR posts big blind 30
Dealt to _SKR [8c 2h]
*** PRE-FLOP *** 
david85152 folds
Ianfish raises 180 to 210 and is all-in
_SKR folds
Ianfish collected 240 from pot
*** SUMMARY ***
Total pot 240 | No rake
Seat 2: Ianfish (small blind) won 240


Winamax Poker - Tournament "Expresso Nitro" buyIn: 0.93€ + 0.07€ level: 2 - HandId: #2717864272800514049-7-1676238196 - Holdem no limit (15/30) - 2023/02/12 21:43:16 UTC
Table: 'Expresso Nitro(632802088)#0' 3-max (real money) Seat #2 is the button
Seat 1: david85152 (370)
Seat 2: Ianfish (240)
Seat 3: _SKR (290)
*** ANTE/BLINDS ***
_SKR posts small blind 15
david85152 posts big blind 30
Dealt to _SKR [5c 3c]
*** PRE-FLOP *** 
Ianfish raises 210 to 240 and is all-in
_SKR folds
david85152 raises 130 to 370 and is all-in
*** FLOP *** [Js 4d Jd]
*** TURN *** [Js 4d Jd][9c]
*** RIVER *** [Js 4d Jd 9c][8d]
*** SHOW DOWN ***
david85152 shows [7d 6h] (One pair : Jacks)
Ianfish shows [Jc 9h] (Full of Jacks and 9)
Ianfish collected 495 from main pot
david85152 collected 130 from side pot 1
*** SUMMARY ***
Total pot 625 | No rake
Board: [Js 4d Jd 9c 8d]
Seat 1: david85152 (big blind) showed [7d 6h] and won 130 with One pair : Jacks
Seat 2: Ianfish (button) showed [Jc 9h] and won 495 with Full of Jacks and 9


Winamax Poker - Tournament "Expresso Nitro" buyIn: 0.93€ + 0.07€ level: 2 - HandId: #2717864272800514049-8-1676238210 - Holdem no limit (15/30) - 2023/02/12 21:43:30 UTC
Table: 'Expresso Nitro(632802088)#0' 3-max (real money) Seat #3 is the button
Seat 1: david85152 (130)
Seat 2: Ianfish (495)
Seat 3: _SKR (275)
*** ANTE/BLINDS ***
david85152 posts small blind 15
Ianfish posts big blind 30
Dealt to _SKR [4c Kd]
*** PRE-FLOP *** 
_SKR folds
david85152 raises 100 to 130 and is all-in
Ianfish calls 100
*** FLOP *** [2h 4d 6s]
*** TURN *** [2h 4d 6s][As]
*** RIVER *** [2h 4d 6s As][Jc]
*** SHOW DOWN ***
david85152 shows [8c 3s] (High card : Ace)
Ianfish shows [Ah 3h] (One pair : Aces)
Ianfish collected 260 from pot
*** SUMMARY ***
Total pot 260 | No rake
Board: [2h 4d 6s As Jc]
Seat 1: david85152 (small blind) showed [8c 3s] and lost with High card : Ace
Seat 2: Ianfish (big blind) showed [Ah 3h] and won 260 with One pair : Aces


Winamax Poker - Tournament "Expresso Nitro" buyIn: 0.93€ + 0.07€ level: 2 - HandId: #2717864272800514049-9-1676238225 - Holdem no limit (15/30) - 2023/02/12 21:43:45 UTC
Table: 'Expresso Nitro(632802088)#0' 3-max (real money) Seat #2 is the button
Seat 2: Ianfish (625)
Seat 3: _SKR (275)
*** ANTE/BLINDS ***
Ianfish posts small blind 15
_SKR posts big blind 30
Dealt to _SKR [8c Ts]
*** PRE-FLOP *** 
Ianfish calls 15
_SKR checks
*** FLOP *** [4d Ah Kc]
_SKR checks
Ianfish checks
*** TURN *** [4d Ah Kc][4s]
_SKR checks
Ianfish checks
*** RIVER *** [4d Ah Kc 4s][6s]
_SKR bets 39
Ianfish calls 39
*** SHOW DOWN ***
_SKR shows [8c Ts] (One pair : 4)
Ianfish shows [6h 7d] (Two pairs : 6 and 4)
Ianfish collected 138 from pot
*** SUMMARY ***
Total pot 138 | No rake
Board: [4d Ah Kc 4s 6s]
Seat 2: Ianfish (small blind) (button) showed [6h 7d] and won 138 with Two pairs : 6 and 4
Seat 3: _SKR (big blind) showed [8c Ts] and lost with One pair : 4


Winamax Poker - Tournament "Expresso Nitro" buyIn: 0.93€ + 0.07€ level: 3 - HandId: #2717864272800514049-10-1676238257 - Holdem no limit (20/40) - 2023/02/12 21:44:17 UTC
Table: 'Expresso Nitro(632802088)#0' 3-max (real money) Seat #3 is the button
Seat 2: Ianfish (694)
Seat 3: _SKR (206)
*** ANTE/BLINDS ***
_SKR posts small blind 20
Ianfish posts big blind 40
Dealt to _SKR [4d Qc]
*** PRE-FLOP *** 
_SKR raises 166 to 206 and is all-in
Ianfish calls 166
*** FLOP *** [Ah Kc Ac]
*** TURN *** [Ah Kc Ac][Ad]
*** RIVER *** [Ah Kc Ac Ad][Tc]
*** SHOW DOWN ***
_SKR shows [4d Qc] (Trips of Aces)
Ianfish shows [Td Th] (Full of Aces and Tens)
Ianfish collected 412 from pot
*** SUMMARY ***
Total pot 412 | No rake
Board: [Ah Kc Ac Ad Tc]
Seat 2: Ianfish (big blind) showed [Td Th] and won 412 with Full of Aces and Tens
Seat 3: _SKR (small blind) (button) showed [4d Qc] and lost with Trips of Aces


