Winamax Poker - Tournament "Expresso Nitro" buyIn: 1.86€ + 0.14€ level: 1 - HandId: #2698219616374620161-1-1675186071 - Holdem no limit (10/20) - 2023/01/31 17:27:51 UTC
Table: 'Expresso Nitro(628228210)#0' 3-max (real money) Seat #2 is the button
Seat 1: _SKR (300)
Seat 2: DiEgOkaOs (300)
Seat 3: Meri10 (300)
*** ANTE/BLINDS ***
Meri10 posts small blind 10
_SKR posts big blind 20
Dealt to _SKR [9c Ts]
*** PRE-FLOP *** 
DiEgOkaOs raises 280 to 300 and is all-in
Meri10 folds
_SKR folds
DiEgOkaOs collected 330 from pot
*** SUMMARY ***
Total pot 330 | No rake
Seat 2: DiEgOkaOs (button) won 330


Winamax Poker - Tournament "Expresso Nitro" buyIn: 1.86€ + 0.14€ level: 1 - HandId: #2698219616374620161-2-1675186087 - Holdem no limit (10/20) - 2023/01/31 17:28:07 UTC
Table: 'Expresso Nitro(628228210)#0' 3-max (real money) Seat #3 is the button
Seat 1: _SKR (280)
Seat 2: DiEgOkaOs (330)
Seat 3: Meri10 (290)
*** ANTE/BLINDS ***
_SKR posts small blind 10
DiEgOkaOs posts big blind 20
Dealt to _SKR [Ac 2s]
*** PRE-FLOP *** 
Meri10 raises 20 to 40
_SKR folds
DiEgOkaOs calls 20
*** FLOP *** [9s 3d 2d]
DiEgOkaOs checks
Meri10 bets 30
DiEgOkaOs calls 30
*** TURN *** [9s 3d 2d][Kd]
DiEgOkaOs checks
Meri10 bets 40
DiEgOkaOs raises 220 to 260 and is all-in
Meri10 folds
DiEgOkaOs collected 450 from pot
*** SUMMARY ***
Total pot 450 | No rake
Board: [9s 3d 2d Kd]
Seat 2: DiEgOkaOs (big blind) won 450


Winamax Poker - Tournament "Expresso Nitro" buyIn: 1.86€ + 0.14€ level: 1 - HandId: #2698219616374620161-3-1675186123 - Holdem no limit (10/20) - 2023/01/31 17:28:43 UTC
Table: 'Expresso Nitro(628228210)#0' 3-max (real money) Seat #1 is the button
Seat 1: _SKR (270)
Seat 2: DiEgOkaOs (450)
Seat 3: Meri10 (180)
*** ANTE/BLINDS ***
DiEgOkaOs posts small blind 10
Meri10 posts big blind 20
Dealt to _SKR [Th 2s]
*** PRE-FLOP *** 
_SKR folds
DiEgOkaOs raises 430 to 450 and is all-in
Meri10 folds
DiEgOkaOs collected 470 from pot
*** SUMMARY ***
Total pot 470 | No rake
Seat 2: DiEgOkaOs (small blind) won 470


Winamax Poker - Tournament "Expresso Nitro" buyIn: 1.86€ + 0.14€ level: 2 - HandId: #2698219616374620161-4-1675186132 - Holdem no limit (15/30) - 2023/01/31 17:28:52 UTC
Table: 'Expresso Nitro(628228210)#0' 3-max (real money) Seat #2 is the button
Seat 1: _SKR (270)
Seat 2: DiEgOkaOs (470)
Seat 3: Meri10 (160)
*** ANTE/BLINDS ***
Meri10 posts small blind 15
_SKR posts big blind 30
Dealt to _SKR [6d Kc]
*** PRE-FLOP *** 
DiEgOkaOs folds
Meri10 raises 130 to 160 and is all-in
_SKR folds
Meri10 collected 190 from pot
*** SUMMARY ***
Total pot 190 | No rake
Seat 3: Meri10 (small blind) won 190


Winamax Poker - Tournament "Expresso Nitro" buyIn: 1.86€ + 0.14€ level: 2 - HandId: #2698219616374620161-5-1675186156 - Holdem no limit (15/30) - 2023/01/31 17:29:16 UTC
Table: 'Expresso Nitro(628228210)#0' 3-max (real money) Seat #3 is the button
Seat 1: _SKR (240)
Seat 2: DiEgOkaOs (470)
Seat 3: Meri10 (190)
*** ANTE/BLINDS ***
_SKR posts small blind 15
DiEgOkaOs posts big blind 30
Dealt to _SKR [6s 4c]
*** PRE-FLOP *** 
Meri10 folds
_SKR folds
DiEgOkaOs collected 45 from pot
*** SUMMARY ***
Total pot 45 | No rake
Seat 2: DiEgOkaOs (big blind) won 45


Winamax Poker - Tournament "Expresso Nitro" buyIn: 1.86€ + 0.14€ level: 2 - HandId: #2698219616374620161-6-1675186163 - Holdem no limit (15/30) - 2023/01/31 17:29:23 UTC
Table: 'Expresso Nitro(628228210)#0' 3-max (real money) Seat #1 is the button
Seat 1: _SKR (225)
Seat 2: DiEgOkaOs (485)
Seat 3: Meri10 (190)
*** ANTE/BLINDS ***
DiEgOkaOs posts small blind 15
Meri10 posts big blind 30
Dealt to _SKR [2d 7d]
*** PRE-FLOP *** 
_SKR folds
DiEgOkaOs raises 455 to 485 and is all-in
Meri10 folds
DiEgOkaOs collected 515 from pot
*** SUMMARY ***
Total pot 515 | No rake
Seat 2: DiEgOkaOs (small blind) won 515


Winamax Poker - Tournament "Expresso Nitro" buyIn: 1.86€ + 0.14€ level: 2 - HandId: #2698219616374620161-7-1675186179 - Holdem no limit (15/30) - 2023/01/31 17:29:39 UTC
Table: 'Expresso Nitro(628228210)#0' 3-max (real money) Seat #2 is the button
Seat 1: _SKR (225)
Seat 2: DiEgOkaOs (515)
Seat 3: Meri10 (160)
*** ANTE/BLINDS ***
Meri10 posts small blind 15
_SKR posts big blind 30
Dealt to _SKR [9c 9s]
*** PRE-FLOP *** 
DiEgOkaOs folds
Meri10 raises 130 to 160 and is all-in
_SKR raises 65 to 225 and is all-in
*** FLOP *** [3d 3c 6d]
*** TURN *** [3d 3c 6d][7h]
*** RIVER *** [3d 3c 6d 7h][2c]
*** SHOW DOWN ***
Meri10 shows [Jc Qd] (One pair : 3)
_SKR shows [9c 9s] (Two pairs : 9 and 3)
_SKR collected 385 from pot
*** SUMMARY ***
Total pot 385 | No rake
Board: [3d 3c 6d 7h 2c]
Seat 1: _SKR (big blind) showed [9c 9s] and won 385 with Two pairs : 9 and 3
Seat 3: Meri10 (small blind) showed [Jc Qd] and lost with One pair : 3


Winamax Poker - Tournament "Expresso Nitro" buyIn: 1.86€ + 0.14€ level: 3 - HandId: #2698219616374620161-8-1675186194 - Holdem no limit (20/40) - 2023/01/31 17:29:54 UTC
Table: 'Expresso Nitro(628228210)#0' 3-max (real money) Seat #1 is the button
Seat 1: _SKR (385)
Seat 2: DiEgOkaOs (515)
*** ANTE/BLINDS ***
_SKR posts small blind 20
DiEgOkaOs posts big blind 40
Dealt to _SKR [2d Ks]
*** PRE-FLOP *** 
_SKR folds
DiEgOkaOs collected 60 from pot
*** SUMMARY ***
Total pot 60 | No rake
Seat 2: DiEgOkaOs (big blind) won 60


Winamax Poker - Tournament "Expresso Nitro" buyIn: 1.86€ + 0.14€ level: 3 - HandId: #2698219616374620161-9-1675186199 - Holdem no limit (20/40) - 2023/01/31 17:29:59 UTC
Table: 'Expresso Nitro(628228210)#0' 3-max (real money) Seat #2 is the button
Seat 1: _SKR (365)
Seat 2: DiEgOkaOs (535)
*** ANTE/BLINDS ***
DiEgOkaOs posts small blind 20
_SKR posts big blind 40
Dealt to _SKR [4s Ah]
*** PRE-FLOP *** 
DiEgOkaOs raises 495 to 535 and is all-in
_SKR calls 325 and is all-in
*** FLOP *** [Qc Td Ks]
*** TURN *** [Qc Td Ks][9h]
*** RIVER *** [Qc Td Ks 9h][Tc]
*** SHOW DOWN ***
_SKR shows [4s Ah] (One pair : Tens)
DiEgOkaOs shows [Th Jh] (Straight King high)
DiEgOkaOs collected 900 from pot
*** SUMMARY ***
Total pot 900 | No rake
Board: [Qc Td Ks 9h Tc]
Seat 1: _SKR (big blind) showed [4s Ah] and lost with One pair : Tens
Seat 2: DiEgOkaOs (small blind) (button) showed [Th Jh] and won 900 with Straight King high


