Winamax Poker - Tournament "Expresso Nitro" buyIn: 0.93€ + 0.07€ level: 1 - HandId: #2717692607252660225-1-1676231808 - Holdem no limit (10/20) - 2023/02/12 19:56:48 UTC
Table: 'Expresso Nitro(632762119)#0' 3-max (real money) Seat #3 is the button
Seat 1: hui_hui (300)
Seat 2: Increvable51 (300)
Seat 3: _SKR (300)
*** ANTE/BLINDS ***
hui_hui posts small blind 10
Increvable51 posts big blind 20
Dealt to _SKR [4c 6c]
*** PRE-FLOP *** 
_SKR folds
hui_hui calls 10
Increvable51 checks
*** FLOP *** [Qd Th 3h]
hui_hui bets 20
Increvable51 calls 20
*** TURN *** [Qd Th 3h][7s]
hui_hui bets 20
Increvable51 raises 240 to 260 and is all-in
hui_hui folds
Increvable51 collected 360 from pot
*** SUMMARY ***
Total pot 360 | No rake
Board: [Qd Th 3h 7s]
Seat 2: Increvable51 (big blind) won 360


Winamax Poker - Tournament "Expresso Nitro" buyIn: 0.93€ + 0.07€ level: 1 - HandId: #2717692607252660225-2-1676231828 - Holdem no limit (10/20) - 2023/02/12 19:57:08 UTC
Table: 'Expresso Nitro(632762119)#0' 3-max (real money) Seat #1 is the button
Seat 1: hui_hui (240)
Seat 2: Increvable51 (360)
Seat 3: _SKR (300)
*** ANTE/BLINDS ***
Increvable51 posts small blind 10
_SKR posts big blind 20
Dealt to _SKR [8d Kd]
*** PRE-FLOP *** 
hui_hui raises 30 to 50
Increvable51 folds
_SKR calls 30
*** FLOP *** [6c 5c 5h]
_SKR checks
hui_hui bets 190 and is all-in
_SKR folds
hui_hui collected 300 from pot
*** SUMMARY ***
Total pot 300 | No rake
Board: [6c 5c 5h]
Seat 1: hui_hui (button) won 300


Winamax Poker - Tournament "Expresso Nitro" buyIn: 0.93€ + 0.07€ level: 1 - HandId: #2717692607252660225-3-1676231844 - Holdem no limit (10/20) - 2023/02/12 19:57:24 UTC
Table: 'Expresso Nitro(632762119)#0' 3-max (real money) Seat #2 is the button
Seat 1: hui_hui (300)
Seat 2: Increvable51 (350)
Seat 3: _SKR (250)
*** ANTE/BLINDS ***
_SKR posts small blind 10
hui_hui posts big blind 20
Dealt to _SKR [Js 9s]
*** PRE-FLOP *** 
Increvable51 folds
_SKR calls 10
hui_hui checks
*** FLOP *** [2c 7s 7h]
_SKR checks
hui_hui bets 40
_SKR folds
hui_hui collected 80 from pot
*** SUMMARY ***
Total pot 80 | No rake
Board: [2c 7s 7h]
Seat 1: hui_hui (big blind) won 80


Winamax Poker - Tournament "Expresso Nitro" buyIn: 0.93€ + 0.07€ level: 2 - HandId: #2717692607252660225-4-1676231876 - Holdem no limit (15/30) - 2023/02/12 19:57:56 UTC
Table: 'Expresso Nitro(632762119)#0' 3-max (real money) Seat #3 is the button
Seat 1: hui_hui (320)
Seat 2: Increvable51 (350)
Seat 3: _SKR (230)
*** ANTE/BLINDS ***
hui_hui posts small blind 15
Increvable51 posts big blind 30
Dealt to _SKR [6d As]
*** PRE-FLOP *** 
_SKR raises 200 to 230 and is all-in
hui_hui folds
Increvable51 folds
_SKR collected 275 from pot
*** SUMMARY ***
Total pot 275 | No rake
Seat 3: _SKR (button) won 275


Winamax Poker - Tournament "Expresso Nitro" buyIn: 0.93€ + 0.07€ level: 2 - HandId: #2717692607252660225-5-1676231889 - Holdem no limit (15/30) - 2023/02/12 19:58:09 UTC
Table: 'Expresso Nitro(632762119)#0' 3-max (real money) Seat #1 is the button
Seat 1: hui_hui (305)
Seat 2: Increvable51 (320)
Seat 3: _SKR (275)
*** ANTE/BLINDS ***
Increvable51 posts small blind 15
_SKR posts big blind 30
Dealt to _SKR [4s 4h]
*** PRE-FLOP *** 
hui_hui folds
Increvable51 folds
_SKR collected 45 from pot
*** SUMMARY ***
Total pot 45 | No rake
Seat 3: _SKR (big blind) won 45


Winamax Poker - Tournament "Expresso Nitro" buyIn: 0.93€ + 0.07€ level: 2 - HandId: #2717692607252660225-6-1676231894 - Holdem no limit (15/30) - 2023/02/12 19:58:14 UTC
Table: 'Expresso Nitro(632762119)#0' 3-max (real money) Seat #2 is the button
Seat 1: hui_hui (305)
Seat 2: Increvable51 (305)
Seat 3: _SKR (290)
*** ANTE/BLINDS ***
_SKR posts small blind 15
hui_hui posts big blind 30
Dealt to _SKR [Ks 5h]
*** PRE-FLOP *** 
Increvable51 raises 275 to 305 and is all-in
_SKR folds
hui_hui folds
Increvable51 collected 350 from pot
*** SUMMARY ***
Total pot 350 | No rake
Seat 2: Increvable51 (button) won 350


Winamax Poker - Tournament "Expresso Nitro" buyIn: 0.93€ + 0.07€ level: 2 - HandId: #2717692607252660225-7-1676231901 - Holdem no limit (15/30) - 2023/02/12 19:58:21 UTC
Table: 'Expresso Nitro(632762119)#0' 3-max (real money) Seat #3 is the button
Seat 1: hui_hui (275)
Seat 2: Increvable51 (350)
Seat 3: _SKR (275)
*** ANTE/BLINDS ***
hui_hui posts small blind 15
Increvable51 posts big blind 30
Dealt to _SKR [6h Qd]
*** PRE-FLOP *** 
_SKR folds
hui_hui calls 15
Increvable51 checks
*** FLOP *** [9h 2c Qs]
hui_hui bets 60
Increvable51 folds
hui_hui collected 120 from pot
*** SUMMARY ***
Total pot 120 | No rake
Board: [9h 2c Qs]
Seat 1: hui_hui (small blind) won 120


Winamax Poker - Tournament "Expresso Nitro" buyIn: 0.93€ + 0.07€ level: 2 - HandId: #2717692607252660225-8-1676231912 - Holdem no limit (15/30) - 2023/02/12 19:58:32 UTC
Table: 'Expresso Nitro(632762119)#0' 3-max (real money) Seat #1 is the button
Seat 1: hui_hui (305)
Seat 2: Increvable51 (320)
Seat 3: _SKR (275)
*** ANTE/BLINDS ***
Increvable51 posts small blind 15
_SKR posts big blind 30
Dealt to _SKR [8s Qd]
*** PRE-FLOP *** 
hui_hui folds
Increvable51 folds
_SKR collected 45 from pot
*** SUMMARY ***
Total pot 45 | No rake
Seat 3: _SKR (big blind) won 45


Winamax Poker - Tournament "Expresso Nitro" buyIn: 0.93€ + 0.07€ level: 2 - HandId: #2717692607252660225-9-1676231917 - Holdem no limit (15/30) - 2023/02/12 19:58:37 UTC
Table: 'Expresso Nitro(632762119)#0' 3-max (real money) Seat #2 is the button
Seat 1: hui_hui (305)
Seat 2: Increvable51 (305)
Seat 3: _SKR (290)
*** ANTE/BLINDS ***
_SKR posts small blind 15
hui_hui posts big blind 30
Dealt to _SKR [Js Kh]
*** PRE-FLOP *** 
Increvable51 folds
_SKR raises 260 to 290 and is all-in
hui_hui folds
_SKR collected 320 from pot
*** SUMMARY ***
Total pot 320 | No rake
Seat 3: _SKR (small blind) won 320


Winamax Poker - Tournament "Expresso Nitro" buyIn: 0.93€ + 0.07€ level: 3 - HandId: #2717692607252660225-10-1676231924 - Holdem no limit (20/40) - 2023/02/12 19:58:44 UTC
Table: 'Expresso Nitro(632762119)#0' 3-max (real money) Seat #3 is the button
Seat 1: hui_hui (275)
Seat 2: Increvable51 (305)
Seat 3: _SKR (320)
*** ANTE/BLINDS ***
hui_hui posts small blind 20
Increvable51 posts big blind 40
Dealt to _SKR [4s 4h]
*** PRE-FLOP *** 
_SKR raises 280 to 320 and is all-in
hui_hui folds
Increvable51 folds
_SKR collected 380 from pot
*** SUMMARY ***
Total pot 380 | No rake
Seat 3: _SKR (button) won 380


Winamax Poker - Tournament "Expresso Nitro" buyIn: 0.93€ + 0.07€ level: 3 - HandId: #2717692607252660225-11-1676231932 - Holdem no limit (20/40) - 2023/02/12 19:58:52 UTC
Table: 'Expresso Nitro(632762119)#0' 3-max (real money) Seat #1 is the button
Seat 1: hui_hui (255)
Seat 2: Increvable51 (265)
Seat 3: _SKR (380)
*** ANTE/BLINDS ***
Increvable51 posts small blind 20
_SKR posts big blind 40
Dealt to _SKR [Ks Tc]
*** PRE-FLOP *** 
hui_hui raises 215 to 255 and is all-in
Increvable51 raises 10 to 265 and is all-in
_SKR raises 115 to 380 and is all-in
*** FLOP *** [9c 9d 7s]
*** TURN *** [9c 9d 7s][5d]
*** RIVER *** [9c 9d 7s 5d][3s]
*** SHOW DOWN ***
hui_hui shows [2h 2s] (Two pairs : 9 and 2)
Increvable51 shows [Jd Jc] (Two pairs : Jacks and 9)
_SKR shows [Ks Tc] (One pair : 9)
_SKR collected 115 from side pot 1
Increvable51 collected 785 from main pot
*** SUMMARY ***
Total pot 900 | No rake
Board: [9c 9d 7s 5d 3s]
Seat 1: hui_hui (button) showed [2h 2s] and lost with Two pairs : 9 and 2
Seat 2: Increvable51 (small blind) showed [Jd Jc] and won 785 with Two pairs : Jacks and 9
Seat 3: _SKR (big blind) showed [Ks Tc] and won 115 with One pair : 9


Winamax Poker - Tournament "Expresso Nitro" buyIn: 0.93€ + 0.07€ level: 3 - HandId: #2717692607252660225-12-1676231951 - Holdem no limit (20/40) - 2023/02/12 19:59:11 UTC
Table: 'Expresso Nitro(632762119)#0' 3-max (real money) Seat #3 is the button
Seat 2: Increvable51 (785)
Seat 3: _SKR (115)
*** ANTE/BLINDS ***
_SKR posts small blind 20
Increvable51 posts big blind 40
Dealt to _SKR [5d 9d]
*** PRE-FLOP *** 
_SKR raises 75 to 115 and is all-in
Increvable51 folds
_SKR collected 155 from pot
*** SUMMARY ***
Total pot 155 | No rake
Seat 3: _SKR (small blind) (button) won 155


Winamax Poker - Tournament "Expresso Nitro" buyIn: 0.93€ + 0.07€ level: 3 - HandId: #2717692607252660225-13-1676231956 - Holdem no limit (20/40) - 2023/02/12 19:59:16 UTC
Table: 'Expresso Nitro(632762119)#0' 3-max (real money) Seat #2 is the button
Seat 2: Increvable51 (745)
Seat 3: _SKR (155)
*** ANTE/BLINDS ***
Increvable51 posts small blind 20
_SKR posts big blind 40
Dealt to _SKR [2s Kh]
*** PRE-FLOP *** 
Increvable51 folds
_SKR collected 60 from pot
*** SUMMARY ***
Total pot 60 | No rake
Seat 3: _SKR (big blind) won 60


Winamax Poker - Tournament "Expresso Nitro" buyIn: 0.93€ + 0.07€ level: 3 - HandId: #2717692607252660225-14-1676231960 - Holdem no limit (20/40) - 2023/02/12 19:59:20 UTC
Table: 'Expresso Nitro(632762119)#0' 3-max (real money) Seat #3 is the button
Seat 2: Increvable51 (725)
Seat 3: _SKR (175)
*** ANTE/BLINDS ***
_SKR posts small blind 20
Increvable51 posts big blind 40
Dealt to _SKR [2h Jh]
*** PRE-FLOP *** 
_SKR raises 135 to 175 and is all-in
Increvable51 folds
_SKR collected 215 from pot
*** SUMMARY ***
Total pot 215 | No rake
Seat 3: _SKR (small blind) (button) won 215


Winamax Poker - Tournament "Expresso Nitro" buyIn: 0.93€ + 0.07€ level: 3 - HandId: #2717692607252660225-15-1676231967 - Holdem no limit (20/40) - 2023/02/12 19:59:27 UTC
Table: 'Expresso Nitro(632762119)#0' 3-max (real money) Seat #2 is the button
Seat 2: Increvable51 (685)
Seat 3: _SKR (215)
*** ANTE/BLINDS ***
Increvable51 posts small blind 20
_SKR posts big blind 40
Dealt to _SKR [2s Qs]
*** PRE-FLOP *** 
Increvable51 folds
_SKR collected 60 from pot
*** SUMMARY ***
Total pot 60 | No rake
Seat 3: _SKR (big blind) won 60


Winamax Poker - Tournament "Expresso Nitro" buyIn: 0.93€ + 0.07€ level: 3 - HandId: #2717692607252660225-16-1676231970 - Holdem no limit (20/40) - 2023/02/12 19:59:30 UTC
Table: 'Expresso Nitro(632762119)#0' 3-max (real money) Seat #3 is the button
Seat 2: Increvable51 (665)
Seat 3: _SKR (235)
*** ANTE/BLINDS ***
_SKR posts small blind 20
Increvable51 posts big blind 40
Dealt to _SKR [5d Tc]
*** PRE-FLOP *** 
_SKR folds
Increvable51 collected 60 from pot
*** SUMMARY ***
Total pot 60 | No rake
Seat 2: Increvable51 (big blind) won 60


Winamax Poker - Tournament "Expresso Nitro" buyIn: 0.93€ + 0.07€ level: 3 - HandId: #2717692607252660225-17-1676231974 - Holdem no limit (20/40) - 2023/02/12 19:59:34 UTC
Table: 'Expresso Nitro(632762119)#0' 3-max (real money) Seat #2 is the button
Seat 2: Increvable51 (685)
Seat 3: _SKR (215)
*** ANTE/BLINDS ***
Increvable51 posts small blind 20
_SKR posts big blind 40
Dealt to _SKR [Jh 4c]
*** PRE-FLOP *** 
Increvable51 folds
_SKR collected 60 from pot
*** SUMMARY ***
Total pot 60 | No rake
Seat 3: _SKR (big blind) won 60


Winamax Poker - Tournament "Expresso Nitro" buyIn: 0.93€ + 0.07€ level: 3 - HandId: #2717692607252660225-18-1676231977 - Holdem no limit (20/40) - 2023/02/12 19:59:37 UTC
Table: 'Expresso Nitro(632762119)#0' 3-max (real money) Seat #3 is the button
Seat 2: Increvable51 (665)
Seat 3: _SKR (235)
*** ANTE/BLINDS ***
_SKR posts small blind 20
Increvable51 posts big blind 40
Dealt to _SKR [8d 3c]
*** PRE-FLOP *** 
_SKR folds
Increvable51 collected 60 from pot
*** SUMMARY ***
Total pot 60 | No rake
Seat 2: Increvable51 (big blind) won 60


Winamax Poker - Tournament "Expresso Nitro" buyIn: 0.93€ + 0.07€ level: 3 - HandId: #2717692607252660225-19-1676231983 - Holdem no limit (20/40) - 2023/02/12 19:59:43 UTC
Table: 'Expresso Nitro(632762119)#0' 3-max (real money) Seat #2 is the button
Seat 2: Increvable51 (685)
Seat 3: _SKR (215)
*** ANTE/BLINDS ***
Increvable51 posts small blind 20
_SKR posts big blind 40
Dealt to _SKR [7s Js]
*** PRE-FLOP *** 
Increvable51 raises 645 to 685 and is all-in
_SKR folds
Increvable51 collected 725 from pot
*** SUMMARY ***
Total pot 725 | No rake
Seat 2: Increvable51 (small blind) (button) won 725


Winamax Poker - Tournament "Expresso Nitro" buyIn: 0.93€ + 0.07€ level: 4 - HandId: #2717692607252660225-20-1676231989 - Holdem no limit (30/60) - 2023/02/12 19:59:49 UTC
Table: 'Expresso Nitro(632762119)#0' 3-max (real money) Seat #3 is the button
Seat 2: Increvable51 (725)
Seat 3: _SKR (175)
*** ANTE/BLINDS ***
_SKR posts small blind 30
Increvable51 posts big blind 60
Dealt to _SKR [Jd 9c]
*** PRE-FLOP *** 
_SKR raises 115 to 175 and is all-in
Increvable51 calls 115
*** FLOP *** [6h 7c 2h]
*** TURN *** [6h 7c 2h][4c]
*** RIVER *** [6h 7c 2h 4c][8c]
*** SHOW DOWN ***
_SKR shows [Jd 9c] (High card : Jack)
Increvable51 shows [Qc 5d] (Straight 8 high)
Increvable51 collected 350 from pot
*** SUMMARY ***
Total pot 350 | No rake
Board: [6h 7c 2h 4c 8c]
Seat 2: Increvable51 (big blind) showed [Qc 5d] and won 350 with Straight 8 high
Seat 3: _SKR (small blind) (button) showed [Jd 9c] and lost with High card : Jack


