Winamax Poker - Tournament "Expresso Nitro" buyIn: 0.93€ + 0.07€ level: 1 - HandId: #2717931295765168129-1-1676240300 - Holdem no limit (10/20) - 2023/02/12 22:18:20 UTC
Table: 'Expresso Nitro(632817693)#0' 3-max (real money) Seat #3 is the button
Seat 1: -Delete- (300)
Seat 2: _BigChibre_ (300)
Seat 3: _SKR (300)
*** ANTE/BLINDS ***
-Delete- posts small blind 10
_BigChibre_ posts big blind 20
Dealt to _SKR [Td 7s]
*** PRE-FLOP *** 
_SKR folds
-Delete- raises 30 to 50
_BigChibre_ calls 30
*** FLOP *** [7c 3d 8c]
-Delete- bets 35
_BigChibre_ raises 215 to 250 and is all-in
-Delete- folds
_BigChibre_ collected 385 from pot
*** SUMMARY ***
Total pot 385 | No rake
Board: [7c 3d 8c]
Seat 2: _BigChibre_ (big blind) won 385


Winamax Poker - Tournament "Expresso Nitro" buyIn: 0.93€ + 0.07€ level: 1 - HandId: #2717931295765168129-2-1676240319 - Holdem no limit (10/20) - 2023/02/12 22:18:39 UTC
Table: 'Expresso Nitro(632817693)#0' 3-max (real money) Seat #1 is the button
Seat 1: -Delete- (215)
Seat 2: _BigChibre_ (385)
Seat 3: _SKR (300)
*** ANTE/BLINDS ***
_BigChibre_ posts small blind 10
_SKR posts big blind 20
Dealt to _SKR [4s Kd]
*** PRE-FLOP *** 
-Delete- raises 195 to 215 and is all-in
_BigChibre_ raises 170 to 385 and is all-in
_SKR folds
*** FLOP *** [Qc Ad 5s]
*** TURN *** [Qc Ad 5s][4h]
*** RIVER *** [Qc Ad 5s 4h][Kc]
*** SHOW DOWN ***
-Delete- shows [Qs Th] (One pair : Queens)
_BigChibre_ shows [Jh Js] (One pair : Jacks)
_BigChibre_ collected 170 from side pot 1
-Delete- collected 450 from main pot
*** SUMMARY ***
Total pot 620 | No rake
Board: [Qc Ad 5s 4h Kc]
Seat 1: -Delete- (button) showed [Qs Th] and won 450 with One pair : Queens
Seat 2: _BigChibre_ (small blind) showed [Jh Js] and won 170 with One pair : Jacks


Winamax Poker - Tournament "Expresso Nitro" buyIn: 0.93€ + 0.07€ level: 1 - HandId: #2717931295765168129-3-1676240331 - Holdem no limit (10/20) - 2023/02/12 22:18:51 UTC
Table: 'Expresso Nitro(632817693)#0' 3-max (real money) Seat #2 is the button
Seat 1: -Delete- (450)
Seat 2: _BigChibre_ (170)
Seat 3: _SKR (280)
*** ANTE/BLINDS ***
_SKR posts small blind 10
-Delete- posts big blind 20
Dealt to _SKR [Qd 6h]
*** PRE-FLOP *** 
_BigChibre_ folds
_SKR folds
-Delete- collected 30 from pot
*** SUMMARY ***
Total pot 30 | No rake
Seat 1: -Delete- (big blind) won 30


Winamax Poker - Tournament "Expresso Nitro" buyIn: 0.93€ + 0.07€ level: 1 - HandId: #2717931295765168129-4-1676240342 - Holdem no limit (10/20) - 2023/02/12 22:19:02 UTC
Table: 'Expresso Nitro(632817693)#0' 3-max (real money) Seat #3 is the button
Seat 1: -Delete- (460)
Seat 2: _BigChibre_ (170)
Seat 3: _SKR (270)
*** ANTE/BLINDS ***
-Delete- posts small blind 10
_BigChibre_ posts big blind 20
Dealt to _SKR [4s Jc]
*** PRE-FLOP *** 
_SKR folds
-Delete- raises 440 to 460 and is all-in
_BigChibre_ calls 150 and is all-in
*** FLOP *** [6c 8d 5d]
*** TURN *** [6c 8d 5d][4c]
*** RIVER *** [6c 8d 5d 4c][Th]
*** SHOW DOWN ***
_BigChibre_ shows [8h 9d] (One pair : 8)
-Delete- shows [Qd 8s] (One pair : 8)
-Delete- collected 630 from pot
*** SUMMARY ***
Total pot 630 | No rake
Board: [6c 8d 5d 4c Th]
Seat 1: -Delete- (small blind) showed [Qd 8s] and won 630 with One pair : 8
Seat 2: _BigChibre_ (big blind) showed [8h 9d] and lost with One pair : 8


Winamax Poker - Tournament "Expresso Nitro" buyIn: 0.93€ + 0.07€ level: 2 - HandId: #2717931295765168129-5-1676240364 - Holdem no limit (15/30) - 2023/02/12 22:19:24 UTC
Table: 'Expresso Nitro(632817693)#0' 3-max (real money) Seat #3 is the button
Seat 1: -Delete- (630)
Seat 3: _SKR (270)
*** ANTE/BLINDS ***
_SKR posts small blind 15
-Delete- posts big blind 30
Dealt to _SKR [4s 8s]
*** PRE-FLOP *** 
_SKR folds
-Delete- collected 45 from pot
*** SUMMARY ***
Total pot 45 | No rake
Seat 1: -Delete- (big blind) won 45


Winamax Poker - Tournament "Expresso Nitro" buyIn: 0.93€ + 0.07€ level: 2 - HandId: #2717931295765168129-6-1676240368 - Holdem no limit (15/30) - 2023/02/12 22:19:28 UTC
Table: 'Expresso Nitro(632817693)#0' 3-max (real money) Seat #1 is the button
Seat 1: -Delete- (645)
Seat 3: _SKR (255)
*** ANTE/BLINDS ***
-Delete- posts small blind 15
_SKR posts big blind 30
Dealt to _SKR [7d Qd]
*** PRE-FLOP *** 
-Delete- folds
_SKR collected 45 from pot
*** SUMMARY ***
Total pot 45 | No rake
Seat 3: _SKR (big blind) won 45


Winamax Poker - Tournament "Expresso Nitro" buyIn: 0.93€ + 0.07€ level: 2 - HandId: #2717931295765168129-7-1676240373 - Holdem no limit (15/30) - 2023/02/12 22:19:33 UTC
Table: 'Expresso Nitro(632817693)#0' 3-max (real money) Seat #3 is the button
Seat 1: -Delete- (630)
Seat 3: _SKR (270)
*** ANTE/BLINDS ***
_SKR posts small blind 15
-Delete- posts big blind 30
Dealt to _SKR [6s 6d]
*** PRE-FLOP *** 
_SKR raises 240 to 270 and is all-in
-Delete- folds
_SKR collected 300 from pot
*** SUMMARY ***
Total pot 300 | No rake
Seat 3: _SKR (small blind) (button) won 300


Winamax Poker - Tournament "Expresso Nitro" buyIn: 0.93€ + 0.07€ level: 2 - HandId: #2717931295765168129-8-1676240378 - Holdem no limit (15/30) - 2023/02/12 22:19:38 UTC
Table: 'Expresso Nitro(632817693)#0' 3-max (real money) Seat #1 is the button
Seat 1: -Delete- (600)
Seat 3: _SKR (300)
*** ANTE/BLINDS ***
-Delete- posts small blind 15
_SKR posts big blind 30
Dealt to _SKR [2h Qc]
*** PRE-FLOP *** 
-Delete- folds
_SKR collected 45 from pot
*** SUMMARY ***
Total pot 45 | No rake
Seat 3: _SKR (big blind) won 45


Winamax Poker - Tournament "Expresso Nitro" buyIn: 0.93€ + 0.07€ level: 2 - HandId: #2717931295765168129-9-1676240382 - Holdem no limit (15/30) - 2023/02/12 22:19:42 UTC
Table: 'Expresso Nitro(632817693)#0' 3-max (real money) Seat #3 is the button
Seat 1: -Delete- (585)
Seat 3: _SKR (315)
*** ANTE/BLINDS ***
_SKR posts small blind 15
-Delete- posts big blind 30
Dealt to _SKR [Qd Kh]
*** PRE-FLOP *** 
_SKR raises 285 to 315 and is all-in
-Delete- folds
_SKR collected 345 from pot
*** SUMMARY ***
Total pot 345 | No rake
Seat 3: _SKR (small blind) (button) won 345


Winamax Poker - Tournament "Expresso Nitro" buyIn: 0.93€ + 0.07€ level: 2 - HandId: #2717931295765168129-10-1676240391 - Holdem no limit (15/30) - 2023/02/12 22:19:51 UTC
Table: 'Expresso Nitro(632817693)#0' 3-max (real money) Seat #1 is the button
Seat 1: -Delete- (555)
Seat 3: _SKR (345)
*** ANTE/BLINDS ***
-Delete- posts small blind 15
_SKR posts big blind 30
Dealt to _SKR [Qh Js]
*** PRE-FLOP *** 
-Delete- raises 30 to 60
_SKR calls 30
*** FLOP *** [5c Kc 7h]
_SKR checks
-Delete- bets 42
_SKR folds
-Delete- collected 162 from pot
*** SUMMARY ***
Total pot 162 | No rake
Board: [5c Kc 7h]
Seat 1: -Delete- (small blind) (button) won 162


Winamax Poker - Tournament "Expresso Nitro" buyIn: 0.93€ + 0.07€ level: 2 - HandId: #2717931295765168129-11-1676240411 - Holdem no limit (15/30) - 2023/02/12 22:20:11 UTC
Table: 'Expresso Nitro(632817693)#0' 3-max (real money) Seat #3 is the button
Seat 1: -Delete- (615)
Seat 3: _SKR (285)
*** ANTE/BLINDS ***
_SKR posts small blind 15
-Delete- posts big blind 30
Dealt to _SKR [Qs Ad]
*** PRE-FLOP *** 
_SKR raises 255 to 285 and is all-in
-Delete- folds
_SKR collected 315 from pot
*** SUMMARY ***
Total pot 315 | No rake
Seat 3: _SKR (small blind) (button) won 315


Winamax Poker - Tournament "Expresso Nitro" buyIn: 0.93€ + 0.07€ level: 3 - HandId: #2717931295765168129-12-1676240417 - Holdem no limit (20/40) - 2023/02/12 22:20:17 UTC
Table: 'Expresso Nitro(632817693)#0' 3-max (real money) Seat #1 is the button
Seat 1: -Delete- (585)
Seat 3: _SKR (315)
*** ANTE/BLINDS ***
-Delete- posts small blind 20
_SKR posts big blind 40
Dealt to _SKR [6d Ad]
*** PRE-FLOP *** 
-Delete- folds
_SKR collected 60 from pot
*** SUMMARY ***
Total pot 60 | No rake
Seat 3: _SKR (big blind) won 60


Winamax Poker - Tournament "Expresso Nitro" buyIn: 0.93€ + 0.07€ level: 3 - HandId: #2717931295765168129-13-1676240420 - Holdem no limit (20/40) - 2023/02/12 22:20:20 UTC
Table: 'Expresso Nitro(632817693)#0' 3-max (real money) Seat #3 is the button
Seat 1: -Delete- (565)
Seat 3: _SKR (335)
*** ANTE/BLINDS ***
_SKR posts small blind 20
-Delete- posts big blind 40
Dealt to _SKR [Kd 9d]
*** PRE-FLOP *** 
_SKR raises 295 to 335 and is all-in
-Delete- folds
_SKR collected 375 from pot
*** SUMMARY ***
Total pot 375 | No rake
Seat 3: _SKR (small blind) (button) won 375


Winamax Poker - Tournament "Expresso Nitro" buyIn: 0.93€ + 0.07€ level: 3 - HandId: #2717931295765168129-14-1676240425 - Holdem no limit (20/40) - 2023/02/12 22:20:25 UTC
Table: 'Expresso Nitro(632817693)#0' 3-max (real money) Seat #1 is the button
Seat 1: -Delete- (525)
Seat 3: _SKR (375)
*** ANTE/BLINDS ***
-Delete- posts small blind 20
_SKR posts big blind 40
Dealt to _SKR [7h Ks]
*** PRE-FLOP *** 
-Delete- folds
_SKR collected 60 from pot
*** SUMMARY ***
Total pot 60 | No rake
Seat 3: _SKR (big blind) won 60


Winamax Poker - Tournament "Expresso Nitro" buyIn: 0.93€ + 0.07€ level: 3 - HandId: #2717931295765168129-15-1676240428 - Holdem no limit (20/40) - 2023/02/12 22:20:28 UTC
Table: 'Expresso Nitro(632817693)#0' 3-max (real money) Seat #3 is the button
Seat 1: -Delete- (505)
Seat 3: _SKR (395)
*** ANTE/BLINDS ***
_SKR posts small blind 20
-Delete- posts big blind 40
Dealt to _SKR [Kd Qh]
*** PRE-FLOP *** 
_SKR raises 355 to 395 and is all-in
-Delete- folds
_SKR collected 435 from pot
*** SUMMARY ***
Total pot 435 | No rake
Seat 3: _SKR (small blind) (button) won 435


Winamax Poker - Tournament "Expresso Nitro" buyIn: 0.93€ + 0.07€ level: 3 - HandId: #2717931295765168129-16-1676240434 - Holdem no limit (20/40) - 2023/02/12 22:20:34 UTC
Table: 'Expresso Nitro(632817693)#0' 3-max (real money) Seat #1 is the button
Seat 1: -Delete- (465)
Seat 3: _SKR (435)
*** ANTE/BLINDS ***
-Delete- posts small blind 20
_SKR posts big blind 40
Dealt to _SKR [Th 9h]
*** PRE-FLOP *** 
-Delete- raises 425 to 465 and is all-in
_SKR folds
-Delete- collected 505 from pot
*** SUMMARY ***
Total pot 505 | No rake
Seat 1: -Delete- (small blind) (button) won 505


Winamax Poker - Tournament "Expresso Nitro" buyIn: 0.93€ + 0.07€ level: 3 - HandId: #2717931295765168129-17-1676240447 - Holdem no limit (20/40) - 2023/02/12 22:20:47 UTC
Table: 'Expresso Nitro(632817693)#0' 3-max (real money) Seat #3 is the button
Seat 1: -Delete- (505)
Seat 3: _SKR (395)
*** ANTE/BLINDS ***
_SKR posts small blind 20
-Delete- posts big blind 40
Dealt to _SKR [Js Th]
*** PRE-FLOP *** 
_SKR raises 355 to 395 and is all-in
-Delete- folds
_SKR collected 435 from pot
*** SUMMARY ***
Total pot 435 | No rake
Seat 3: _SKR (small blind) (button) won 435


Winamax Poker - Tournament "Expresso Nitro" buyIn: 0.93€ + 0.07€ level: 3 - HandId: #2717931295765168129-18-1676240456 - Holdem no limit (20/40) - 2023/02/12 22:20:56 UTC
Table: 'Expresso Nitro(632817693)#0' 3-max (real money) Seat #1 is the button
Seat 1: -Delete- (465)
Seat 3: _SKR (435)
*** ANTE/BLINDS ***
-Delete- posts small blind 20
_SKR posts big blind 40
Dealt to _SKR [Ah Ks]
*** PRE-FLOP *** 
-Delete- folds
_SKR collected 60 from pot
*** SUMMARY ***
Total pot 60 | No rake
Seat 3: _SKR (big blind) won 60


Winamax Poker - Tournament "Expresso Nitro" buyIn: 0.93€ + 0.07€ level: 3 - HandId: #2717931295765168129-19-1676240460 - Holdem no limit (20/40) - 2023/02/12 22:21:00 UTC
Table: 'Expresso Nitro(632817693)#0' 3-max (real money) Seat #3 is the button
Seat 1: -Delete- (445)
Seat 3: _SKR (455)
*** ANTE/BLINDS ***
_SKR posts small blind 20
-Delete- posts big blind 40
Dealt to _SKR [6s 9s]
*** PRE-FLOP *** 
_SKR folds
-Delete- collected 60 from pot
*** SUMMARY ***
Total pot 60 | No rake
Seat 1: -Delete- (big blind) won 60


Winamax Poker - Tournament "Expresso Nitro" buyIn: 0.93€ + 0.07€ level: 3 - HandId: #2717931295765168129-20-1676240463 - Holdem no limit (20/40) - 2023/02/12 22:21:03 UTC
Table: 'Expresso Nitro(632817693)#0' 3-max (real money) Seat #1 is the button
Seat 1: -Delete- (465)
Seat 3: _SKR (435)
*** ANTE/BLINDS ***
-Delete- posts small blind 20
_SKR posts big blind 40
Dealt to _SKR [8c Th]
*** PRE-FLOP *** 
-Delete- folds
_SKR collected 60 from pot
*** SUMMARY ***
Total pot 60 | No rake
Seat 3: _SKR (big blind) won 60


Winamax Poker - Tournament "Expresso Nitro" buyIn: 0.93€ + 0.07€ level: 3 - HandId: #2717931295765168129-21-1676240467 - Holdem no limit (20/40) - 2023/02/12 22:21:07 UTC
Table: 'Expresso Nitro(632817693)#0' 3-max (real money) Seat #3 is the button
Seat 1: -Delete- (445)
Seat 3: _SKR (455)
*** ANTE/BLINDS ***
_SKR posts small blind 20
-Delete- posts big blind 40
Dealt to _SKR [5s Ah]
*** PRE-FLOP *** 
_SKR raises 415 to 455 and is all-in
-Delete- folds
_SKR collected 495 from pot
*** SUMMARY ***
Total pot 495 | No rake
Seat 3: _SKR (small blind) (button) won 495


Winamax Poker - Tournament "Expresso Nitro" buyIn: 0.93€ + 0.07€ level: 3 - HandId: #2717931295765168129-22-1676240475 - Holdem no limit (20/40) - 2023/02/12 22:21:15 UTC
Table: 'Expresso Nitro(632817693)#0' 3-max (real money) Seat #1 is the button
Seat 1: -Delete- (405)
Seat 3: _SKR (495)
*** ANTE/BLINDS ***
-Delete- posts small blind 20
_SKR posts big blind 40
Dealt to _SKR [9h 6c]
*** PRE-FLOP *** 
-Delete- folds
_SKR collected 60 from pot
*** SUMMARY ***
Total pot 60 | No rake
Seat 3: _SKR (big blind) won 60


Winamax Poker - Tournament "Expresso Nitro" buyIn: 0.93€ + 0.07€ level: 4 - HandId: #2717931295765168129-23-1676240478 - Holdem no limit (30/60) - 2023/02/12 22:21:18 UTC
Table: 'Expresso Nitro(632817693)#0' 3-max (real money) Seat #3 is the button
Seat 1: -Delete- (385)
Seat 3: _SKR (515)
*** ANTE/BLINDS ***
_SKR posts small blind 30
-Delete- posts big blind 60
Dealt to _SKR [Kh 8c]
*** PRE-FLOP *** 
_SKR raises 455 to 515 and is all-in
-Delete- folds
_SKR collected 575 from pot
*** SUMMARY ***
Total pot 575 | No rake
Seat 3: _SKR (small blind) (button) won 575


Winamax Poker - Tournament "Expresso Nitro" buyIn: 0.93€ + 0.07€ level: 4 - HandId: #2717931295765168129-24-1676240483 - Holdem no limit (30/60) - 2023/02/12 22:21:23 UTC
Table: 'Expresso Nitro(632817693)#0' 3-max (real money) Seat #1 is the button
Seat 1: -Delete- (325)
Seat 3: _SKR (575)
*** ANTE/BLINDS ***
-Delete- posts small blind 30
_SKR posts big blind 60
Dealt to _SKR [7c Qc]
*** PRE-FLOP *** 
-Delete- raises 265 to 325 and is all-in
_SKR folds
-Delete- collected 385 from pot
*** SUMMARY ***
Total pot 385 | No rake
Seat 1: -Delete- (small blind) (button) won 385


Winamax Poker - Tournament "Expresso Nitro" buyIn: 0.93€ + 0.07€ level: 4 - HandId: #2717931295765168129-25-1676240490 - Holdem no limit (30/60) - 2023/02/12 22:21:30 UTC
Table: 'Expresso Nitro(632817693)#0' 3-max (real money) Seat #3 is the button
Seat 1: -Delete- (385)
Seat 3: _SKR (515)
*** ANTE/BLINDS ***
_SKR posts small blind 30
-Delete- posts big blind 60
Dealt to _SKR [4s Tc]
*** PRE-FLOP *** 
_SKR folds
-Delete- collected 90 from pot
*** SUMMARY ***
Total pot 90 | No rake
Seat 1: -Delete- (big blind) won 90


Winamax Poker - Tournament "Expresso Nitro" buyIn: 0.93€ + 0.07€ level: 4 - HandId: #2717931295765168129-26-1676240503 - Holdem no limit (30/60) - 2023/02/12 22:21:43 UTC
Table: 'Expresso Nitro(632817693)#0' 3-max (real money) Seat #1 is the button
Seat 1: -Delete- (415)
Seat 3: _SKR (485)
*** ANTE/BLINDS ***
-Delete- posts small blind 30
_SKR posts big blind 60
Dealt to _SKR [Th As]
*** PRE-FLOP *** 
-Delete- folds
_SKR collected 90 from pot
*** SUMMARY ***
Total pot 90 | No rake
Seat 3: _SKR (big blind) won 90


Winamax Poker - Tournament "Expresso Nitro" buyIn: 0.93€ + 0.07€ level: 4 - HandId: #2717931295765168129-27-1676240506 - Holdem no limit (30/60) - 2023/02/12 22:21:46 UTC
Table: 'Expresso Nitro(632817693)#0' 3-max (real money) Seat #3 is the button
Seat 1: -Delete- (385)
Seat 3: _SKR (515)
*** ANTE/BLINDS ***
_SKR posts small blind 30
-Delete- posts big blind 60
Dealt to _SKR [8s 5h]
*** PRE-FLOP *** 
_SKR folds
-Delete- collected 90 from pot
*** SUMMARY ***
Total pot 90 | No rake
Seat 1: -Delete- (big blind) won 90


Winamax Poker - Tournament "Expresso Nitro" buyIn: 0.93€ + 0.07€ level: 4 - HandId: #2717931295765168129-28-1676240510 - Holdem no limit (30/60) - 2023/02/12 22:21:50 UTC
Table: 'Expresso Nitro(632817693)#0' 3-max (real money) Seat #1 is the button
Seat 1: -Delete- (415)
Seat 3: _SKR (485)
*** ANTE/BLINDS ***
-Delete- posts small blind 30
_SKR posts big blind 60
Dealt to _SKR [5s As]
*** PRE-FLOP *** 
-Delete- folds
_SKR collected 90 from pot
*** SUMMARY ***
Total pot 90 | No rake
Seat 3: _SKR (big blind) won 90


Winamax Poker - Tournament "Expresso Nitro" buyIn: 0.93€ + 0.07€ level: 4 - HandId: #2717931295765168129-29-1676240513 - Holdem no limit (30/60) - 2023/02/12 22:21:53 UTC
Table: 'Expresso Nitro(632817693)#0' 3-max (real money) Seat #3 is the button
Seat 1: -Delete- (385)
Seat 3: _SKR (515)
*** ANTE/BLINDS ***
_SKR posts small blind 30
-Delete- posts big blind 60
Dealt to _SKR [4c Jh]
*** PRE-FLOP *** 
_SKR folds
-Delete- collected 90 from pot
*** SUMMARY ***
Total pot 90 | No rake
Seat 1: -Delete- (big blind) won 90


Winamax Poker - Tournament "Expresso Nitro" buyIn: 0.93€ + 0.07€ level: 4 - HandId: #2717931295765168129-30-1676240517 - Holdem no limit (30/60) - 2023/02/12 22:21:57 UTC
Table: 'Expresso Nitro(632817693)#0' 3-max (real money) Seat #1 is the button
Seat 1: -Delete- (415)
Seat 3: _SKR (485)
*** ANTE/BLINDS ***
-Delete- posts small blind 30
_SKR posts big blind 60
Dealt to _SKR [6h As]
*** PRE-FLOP *** 
-Delete- raises 355 to 415 and is all-in
_SKR calls 355
*** FLOP *** [6c Ah 2h]
*** TURN *** [6c Ah 2h][7d]
*** RIVER *** [6c Ah 2h 7d][3d]
*** SHOW DOWN ***
-Delete- shows [Kh Tc] (High card : Ace)
_SKR shows [6h As] (Two pairs : Aces and 6)
_SKR collected 830 from pot
*** SUMMARY ***
Total pot 830 | No rake
Board: [6c Ah 2h 7d 3d]
Seat 1: -Delete- (small blind) (button) showed [Kh Tc] and lost with High card : Ace
Seat 3: _SKR (big blind) showed [6h As] and won 830 with Two pairs : Aces and 6


