Winamax Poker - Tournament "Expresso Nitro" buyIn: 0.93€ + 0.07€ level: 1 - HandId: #2671081388773474305-1-1673530185 - Holdem no limit (10/20) - 2023/01/12 13:29:45 UTC
Table: 'Expresso Nitro(621909599)#0' 3-max (real money) Seat #2 is the button
Seat 1: _SKR (300)
Seat 2: Lam28 (300)
Seat 3: flaco-75020 (300)
*** ANTE/BLINDS ***
flaco-75020 posts small blind 10
_SKR posts big blind 20
Dealt to _SKR [6c 4s]
*** PRE-FLOP *** 
Lam28 raises 280 to 300 and is all-in
flaco-75020 folds
_SKR folds
Lam28 collected 330 from pot
*** SUMMARY ***
Total pot 330 | No rake
Seat 2: Lam28 (button) won 330


Winamax Poker - Tournament "Expresso Nitro" buyIn: 0.93€ + 0.07€ level: 1 - HandId: #2671081388773474305-2-1673530198 - Holdem no limit (10/20) - 2023/01/12 13:29:58 UTC
Table: 'Expresso Nitro(621909599)#0' 3-max (real money) Seat #3 is the button
Seat 1: _SKR (280)
Seat 2: Lam28 (330)
Seat 3: flaco-75020 (290)
*** ANTE/BLINDS ***
_SKR posts small blind 10
Lam28 posts big blind 20
Dealt to _SKR [9c Kd]
*** PRE-FLOP *** 
flaco-75020 folds
_SKR raises 260 to 280 and is all-in
Lam28 folds
_SKR collected 300 from pot
*** SUMMARY ***
Total pot 300 | No rake
Seat 1: _SKR (small blind) won 300


Winamax Poker - Tournament "Expresso Nitro" buyIn: 0.93€ + 0.07€ level: 1 - HandId: #2671081388773474305-3-1673530210 - Holdem no limit (10/20) - 2023/01/12 13:30:10 UTC
Table: 'Expresso Nitro(621909599)#0' 3-max (real money) Seat #1 is the button
Seat 1: _SKR (300)
Seat 2: Lam28 (310)
Seat 3: flaco-75020 (290)
*** ANTE/BLINDS ***
Lam28 posts small blind 10
flaco-75020 posts big blind 20
Dealt to _SKR [7c 3s]
*** PRE-FLOP *** 
_SKR folds
Lam28 raises 290 to 310 and is all-in
flaco-75020 folds
Lam28 collected 330 from pot
*** SUMMARY ***
Total pot 330 | No rake
Seat 2: Lam28 (small blind) won 330


Winamax Poker - Tournament "Expresso Nitro" buyIn: 0.93€ + 0.07€ level: 1 - HandId: #2671081388773474305-4-1673530232 - Holdem no limit (10/20) - 2023/01/12 13:30:32 UTC
Table: 'Expresso Nitro(621909599)#0' 3-max (real money) Seat #2 is the button
Seat 1: _SKR (300)
Seat 2: Lam28 (330)
Seat 3: flaco-75020 (270)
*** ANTE/BLINDS ***
flaco-75020 posts small blind 10
_SKR posts big blind 20
Dealt to _SKR [8d 3h]
*** PRE-FLOP *** 
Lam28 raises 310 to 330 and is all-in
flaco-75020 folds
_SKR folds
Lam28 collected 360 from pot
*** SUMMARY ***
Total pot 360 | No rake
Seat 2: Lam28 (button) won 360


Winamax Poker - Tournament "Expresso Nitro" buyIn: 0.93€ + 0.07€ level: 1 - HandId: #2671081388773474305-5-1673530240 - Holdem no limit (10/20) - 2023/01/12 13:30:40 UTC
Table: 'Expresso Nitro(621909599)#0' 3-max (real money) Seat #3 is the button
Seat 1: _SKR (280)
Seat 2: Lam28 (360)
Seat 3: flaco-75020 (260)
*** ANTE/BLINDS ***
_SKR posts small blind 10
Lam28 posts big blind 20
Dealt to _SKR [2d 6s]
*** PRE-FLOP *** 
flaco-75020 raises 240 to 260 and is all-in
_SKR folds
Lam28 calls 240
*** FLOP *** [8h 6d 4c]
*** TURN *** [8h 6d 4c][Qs]
*** RIVER *** [8h 6d 4c Qs][8s]
*** SHOW DOWN ***
Lam28 shows [Ah 2h] (One pair : 8)
flaco-75020 shows [4d 4s] (Full of 4 and 8)
flaco-75020 collected 530 from pot
*** SUMMARY ***
Total pot 530 | No rake
Board: [8h 6d 4c Qs 8s]
Seat 2: Lam28 (big blind) showed [Ah 2h] and lost with One pair : 8
Seat 3: flaco-75020 (button) showed [4d 4s] and won 530 with Full of 4 and 8


Winamax Poker - Tournament "Expresso Nitro" buyIn: 0.93€ + 0.07€ level: 2 - HandId: #2671081388773474305-6-1673530255 - Holdem no limit (15/30) - 2023/01/12 13:30:55 UTC
Table: 'Expresso Nitro(621909599)#0' 3-max (real money) Seat #1 is the button
Seat 1: _SKR (270)
Seat 2: Lam28 (100)
Seat 3: flaco-75020 (530)
*** ANTE/BLINDS ***
Lam28 posts small blind 15
flaco-75020 posts big blind 30
Dealt to _SKR [7d 2d]
*** PRE-FLOP *** 
_SKR folds
Lam28 raises 70 to 100 and is all-in
flaco-75020 calls 70
*** FLOP *** [2s Jh Qs]
*** TURN *** [2s Jh Qs][3d]
*** RIVER *** [2s Jh Qs 3d][Kd]
*** SHOW DOWN ***
Lam28 shows [8d 6h] (High card : King)
flaco-75020 shows [9c 3s] (One pair : 3)
flaco-75020 collected 200 from pot
*** SUMMARY ***
Total pot 200 | No rake
Board: [2s Jh Qs 3d Kd]
Seat 2: Lam28 (small blind) showed [8d 6h] and lost with High card : King
Seat 3: flaco-75020 (big blind) showed [9c 3s] and won 200 with One pair : 3


Winamax Poker - Tournament "Expresso Nitro" buyIn: 0.93€ + 0.07€ level: 2 - HandId: #2671081388773474305-7-1673530270 - Holdem no limit (15/30) - 2023/01/12 13:31:10 UTC
Table: 'Expresso Nitro(621909599)#0' 3-max (real money) Seat #3 is the button
Seat 1: _SKR (270)
Seat 3: flaco-75020 (630)
*** ANTE/BLINDS ***
flaco-75020 posts small blind 15
_SKR posts big blind 30
Dealt to _SKR [3h Jc]
*** PRE-FLOP *** 
flaco-75020 calls 15
_SKR checks
*** FLOP *** [Tc Qc 9c]
_SKR bets 30
flaco-75020 raises 570 to 600 and is all-in
_SKR calls 210 and is all-in
*** TURN *** [Tc Qc 9c][Ad]
*** RIVER *** [Tc Qc 9c Ad][5h]
*** SHOW DOWN ***
_SKR shows [3h Jc] (High card : Ace)
flaco-75020 shows [8h Kc] (High card : Ace)
flaco-75020 collected 900 from pot
*** SUMMARY ***
Total pot 900 | No rake
Board: [Tc Qc 9c Ad 5h]
Seat 1: _SKR (big blind) showed [3h Jc] and lost with High card : Ace
Seat 3: flaco-75020 (small blind) (button) showed [8h Kc] and won 900 with High card : Ace


