Winamax Poker - Tournament "Expresso Nitro" buyIn: 1.86€ + 0.14€ level: 1 - HandId: #2698198867387613185-1-1675185190 - Holdem no limit (10/20) - 2023/01/31 17:13:10 UTC
Table: 'Expresso Nitro(628223379)#0' 3-max (real money) Seat #2 is the button
Seat 1: _SKR (300)
Seat 2: Willy will (300)
Seat 3: Olivier6733 (300)
*** ANTE/BLINDS ***
Olivier6733 posts small blind 10
_SKR posts big blind 20
Dealt to _SKR [9h As]
*** PRE-FLOP *** 
Willy will folds
Olivier6733 folds
_SKR collected 30 from pot
*** SUMMARY ***
Total pot 30 | No rake
Seat 1: _SKR (big blind) won 30


Winamax Poker - Tournament "Expresso Nitro" buyIn: 1.86€ + 0.14€ level: 1 - HandId: #2698198867387613185-2-1675185200 - Holdem no limit (10/20) - 2023/01/31 17:13:20 UTC
Table: 'Expresso Nitro(628223379)#0' 3-max (real money) Seat #3 is the button
Seat 1: _SKR (310)
Seat 2: Willy will (300)
Seat 3: Olivier6733 (290)
*** ANTE/BLINDS ***
_SKR posts small blind 10
Willy will posts big blind 20
Dealt to _SKR [6d 7h]
*** PRE-FLOP *** 
Olivier6733 calls 20
_SKR folds
Willy will checks
*** FLOP *** [4d Qd Qc]
Willy will checks
Olivier6733 checks
*** TURN *** [4d Qd Qc][Ac]
Willy will bets 20
Olivier6733 folds
Willy will collected 70 from pot
*** SUMMARY ***
Total pot 70 | No rake
Board: [4d Qd Qc Ac]
Seat 2: Willy will (big blind) won 70


Winamax Poker - Tournament "Expresso Nitro" buyIn: 1.86€ + 0.14€ level: 1 - HandId: #2698198867387613185-3-1675185224 - Holdem no limit (10/20) - 2023/01/31 17:13:44 UTC
Table: 'Expresso Nitro(628223379)#0' 3-max (real money) Seat #1 is the button
Seat 1: _SKR (300)
Seat 2: Willy will (330)
Seat 3: Olivier6733 (270)
*** ANTE/BLINDS ***
Willy will posts small blind 10
Olivier6733 posts big blind 20
Dealt to _SKR [6d 7d]
*** PRE-FLOP *** 
_SKR folds
Willy will raises 30 to 50
Olivier6733 calls 30
*** FLOP *** [6s Th 8s]
Willy will bets 65
Olivier6733 folds
Willy will collected 165 from pot
*** SUMMARY ***
Total pot 165 | No rake
Board: [6s Th 8s]
Seat 2: Willy will (small blind) won 165


Winamax Poker - Tournament "Expresso Nitro" buyIn: 1.86€ + 0.14€ level: 1 - HandId: #2698198867387613185-4-1675185237 - Holdem no limit (10/20) - 2023/01/31 17:13:57 UTC
Table: 'Expresso Nitro(628223379)#0' 3-max (real money) Seat #2 is the button
Seat 1: _SKR (300)
Seat 2: Willy will (380)
Seat 3: Olivier6733 (220)
*** ANTE/BLINDS ***
Olivier6733 posts small blind 10
_SKR posts big blind 20
Dealt to _SKR [4d 9h]
*** PRE-FLOP *** 
Willy will calls 20
Olivier6733 calls 10
_SKR checks
*** FLOP *** [7h 5c 8c]
Olivier6733 checks
_SKR checks
Willy will bets 39
Olivier6733 calls 39
_SKR folds
*** TURN *** [7h 5c 8c][Jc]
Olivier6733 checks
Willy will bets 48
Olivier6733 calls 48
*** RIVER *** [7h 5c 8c Jc][Ac]
Olivier6733 folds
Willy will collected 234 from pot
*** SUMMARY ***
Total pot 234 | No rake
Board: [7h 5c 8c Jc Ac]
Seat 2: Willy will (button) won 234


Winamax Poker - Tournament "Expresso Nitro" buyIn: 1.86€ + 0.14€ level: 2 - HandId: #2698198867387613185-5-1675185286 - Holdem no limit (15/30) - 2023/01/31 17:14:46 UTC
Table: 'Expresso Nitro(628223379)#0' 3-max (real money) Seat #3 is the button
Seat 1: _SKR (280)
Seat 2: Willy will (507)
Seat 3: Olivier6733 (113)
*** ANTE/BLINDS ***
_SKR posts small blind 15
Willy will posts big blind 30
Dealt to _SKR [5h Js]
*** PRE-FLOP *** 
Olivier6733 calls 30
_SKR folds
Willy will checks
*** FLOP *** [2s 8s 6h]
Willy will bets 49
Olivier6733 folds
Willy will collected 124 from pot
*** SUMMARY ***
Total pot 124 | No rake
Board: [2s 8s 6h]
Seat 2: Willy will (big blind) won 124


Winamax Poker - Tournament "Expresso Nitro" buyIn: 1.86€ + 0.14€ level: 3 - HandId: #2698198867387613185-6-1675185306 - Holdem no limit (20/40) - 2023/01/31 17:15:06 UTC
Table: 'Expresso Nitro(628223379)#0' 3-max (real money) Seat #1 is the button
Seat 1: _SKR (265)
Seat 2: Willy will (552)
Seat 3: Olivier6733 (83)
*** ANTE/BLINDS ***
Willy will posts small blind 20
Olivier6733 posts big blind 40
Dealt to _SKR [Ac Td]
*** PRE-FLOP *** 
_SKR raises 225 to 265 and is all-in
Willy will folds
Olivier6733 calls 43 and is all-in
*** FLOP *** [9h Qh 9d]
*** TURN *** [9h Qh 9d][2c]
*** RIVER *** [9h Qh 9d 2c][8d]
*** SHOW DOWN ***
_SKR shows [Ac Td] (One pair : 9)
Olivier6733 shows [Ad 9s] (Trips of 9)
Olivier6733 collected 186 from main pot
_SKR collected 182 from side pot 1
*** SUMMARY ***
Total pot 368 | No rake
Board: [9h Qh 9d 2c 8d]
Seat 1: _SKR (button) showed [Ac Td] and won 182 with One pair : 9
Seat 3: Olivier6733 (big blind) showed [Ad 9s] and won 186 with Trips of 9


Winamax Poker - Tournament "Expresso Nitro" buyIn: 1.86€ + 0.14€ level: 3 - HandId: #2698198867387613185-7-1675185319 - Holdem no limit (20/40) - 2023/01/31 17:15:19 UTC
Table: 'Expresso Nitro(628223379)#0' 3-max (real money) Seat #2 is the button
Seat 1: _SKR (182)
Seat 2: Willy will (532)
Seat 3: Olivier6733 (186)
*** ANTE/BLINDS ***
Olivier6733 posts small blind 20
_SKR posts big blind 40
Dealt to _SKR [4s 4d]
*** PRE-FLOP *** 
Willy will folds
Olivier6733 calls 20
_SKR raises 142 to 182 and is all-in
Olivier6733 calls 142
*** FLOP *** [2c Jh 4h]
*** TURN *** [2c Jh 4h][5s]
*** RIVER *** [2c Jh 4h 5s][Js]
*** SHOW DOWN ***
Olivier6733 shows [Td Qd] (One pair : Jacks)
_SKR shows [4s 4d] (Full of 4 and Jacks)
_SKR collected 364 from pot
*** SUMMARY ***
Total pot 364 | No rake
Board: [2c Jh 4h 5s Js]
Seat 1: _SKR (big blind) showed [4s 4d] and won 364 with Full of 4 and Jacks
Seat 3: Olivier6733 (small blind) showed [Td Qd] and lost with One pair : Jacks


Winamax Poker - Tournament "Expresso Nitro" buyIn: 1.86€ + 0.14€ level: 3 - HandId: #2698198867387613185-8-1675185347 - Holdem no limit (20/40) - 2023/01/31 17:15:47 UTC
Table: 'Expresso Nitro(628223379)#0' 3-max (real money) Seat #3 is the button
Seat 1: _SKR (364)
Seat 2: Willy will (532)
Seat 3: Olivier6733 (4)
*** ANTE/BLINDS ***
_SKR posts small blind 20
Willy will posts big blind 40
Dealt to _SKR [4d Kh]
*** PRE-FLOP *** 
Olivier6733 calls 4 and is all-in
_SKR folds
*** FLOP *** [7h Qs Ac]
*** TURN *** [7h Qs Ac][8c]
*** RIVER *** [7h Qs Ac 8c][6h]
*** SHOW DOWN ***
Olivier6733 shows [Jh 6s] (One pair : 6)
Willy will shows [7d 3h] (One pair : 7)
Willy will collected 64 from pot
*** SUMMARY ***
Total pot 64 | No rake
Board: [7h Qs Ac 8c 6h]
Seat 2: Willy will (big blind) showed [7d 3h] and won 64 with One pair : 7
Seat 3: Olivier6733 (button) showed [Jh 6s] and lost with One pair : 6


Winamax Poker - Tournament "Expresso Nitro" buyIn: 1.86€ + 0.14€ level: 3 - HandId: #2698198867387613185-9-1675185364 - Holdem no limit (20/40) - 2023/01/31 17:16:04 UTC
Table: 'Expresso Nitro(628223379)#0' 3-max (real money) Seat #2 is the button
Seat 1: _SKR (344)
Seat 2: Willy will (556)
*** ANTE/BLINDS ***
Willy will posts small blind 20
_SKR posts big blind 40
Dealt to _SKR [8s 2d]
*** PRE-FLOP *** 
Willy will raises 40 to 80
_SKR folds
Willy will collected 120 from pot
*** SUMMARY ***
Total pot 120 | No rake
Seat 2: Willy will (small blind) (button) won 120


Winamax Poker - Tournament "Expresso Nitro" buyIn: 1.86€ + 0.14€ level: 4 - HandId: #2698198867387613185-10-1675185368 - Holdem no limit (30/60) - 2023/01/31 17:16:08 UTC
Table: 'Expresso Nitro(628223379)#0' 3-max (real money) Seat #1 is the button
Seat 1: _SKR (304)
Seat 2: Willy will (596)
*** ANTE/BLINDS ***
_SKR posts small blind 30
Willy will posts big blind 60
Dealt to _SKR [4d 8c]
*** PRE-FLOP *** 
_SKR folds
Willy will collected 90 from pot
*** SUMMARY ***
Total pot 90 | No rake
Seat 2: Willy will (big blind) won 90


Winamax Poker - Tournament "Expresso Nitro" buyIn: 1.86€ + 0.14€ level: 4 - HandId: #2698198867387613185-11-1675185381 - Holdem no limit (30/60) - 2023/01/31 17:16:21 UTC
Table: 'Expresso Nitro(628223379)#0' 3-max (real money) Seat #2 is the button
Seat 1: _SKR (274)
Seat 2: Willy will (626)
*** ANTE/BLINDS ***
Willy will posts small blind 30
_SKR posts big blind 60
Dealt to _SKR [Kc 4s]
*** PRE-FLOP *** 
Willy will raises 60 to 120
_SKR folds
Willy will collected 180 from pot
*** SUMMARY ***
Total pot 180 | No rake
Seat 2: Willy will (small blind) (button) won 180


Winamax Poker - Tournament "Expresso Nitro" buyIn: 1.86€ + 0.14€ level: 4 - HandId: #2698198867387613185-12-1675185390 - Holdem no limit (30/60) - 2023/01/31 17:16:30 UTC
Table: 'Expresso Nitro(628223379)#0' 3-max (real money) Seat #1 is the button
Seat 1: _SKR (214)
Seat 2: Willy will (686)
*** ANTE/BLINDS ***
_SKR posts small blind 30
Willy will posts big blind 60
Dealt to _SKR [Tc Jc]
*** PRE-FLOP *** 
_SKR raises 154 to 214 and is all-in
Willy will folds
_SKR collected 274 from pot
*** SUMMARY ***
Total pot 274 | No rake
Seat 1: _SKR (small blind) (button) won 274


Winamax Poker - Tournament "Expresso Nitro" buyIn: 1.86€ + 0.14€ level: 4 - HandId: #2698198867387613185-13-1675185397 - Holdem no limit (30/60) - 2023/01/31 17:16:37 UTC
Table: 'Expresso Nitro(628223379)#0' 3-max (real money) Seat #2 is the button
Seat 1: _SKR (274)
Seat 2: Willy will (626)
*** ANTE/BLINDS ***
Willy will posts small blind 30
_SKR posts big blind 60
Dealt to _SKR [8h Js]
*** PRE-FLOP *** 
Willy will calls 30
_SKR raises 214 to 274 and is all-in
Willy will raises 352 to 626 and is all-in
*** FLOP *** [7d 6h Th]
*** TURN *** [7d 6h Th][9s]
*** RIVER *** [7d 6h Th 9s][6d]
*** SHOW DOWN ***
_SKR shows [8h Js] (Straight Jack high)
Willy will shows [Tc Kh] (Two pairs : Tens and 6)
Willy will collected 352 from side pot 1
_SKR collected 548 from main pot
*** SUMMARY ***
Total pot 900 | No rake
Board: [7d 6h Th 9s 6d]
Seat 1: _SKR (big blind) showed [8h Js] and won 548 with Straight Jack high
Seat 2: Willy will (small blind) (button) showed [Tc Kh] and won 352 with Two pairs : Tens and 6


Winamax Poker - Tournament "Expresso Nitro" buyIn: 1.86€ + 0.14€ level: 4 - HandId: #2698198867387613185-14-1675185418 - Holdem no limit (30/60) - 2023/01/31 17:16:58 UTC
Table: 'Expresso Nitro(628223379)#0' 3-max (real money) Seat #1 is the button
Seat 1: _SKR (548)
Seat 2: Willy will (352)
*** ANTE/BLINDS ***
_SKR posts small blind 30
Willy will posts big blind 60
Dealt to _SKR [3h 5s]
*** PRE-FLOP *** 
_SKR folds
Willy will collected 90 from pot
*** SUMMARY ***
Total pot 90 | No rake
Seat 2: Willy will (big blind) won 90


Winamax Poker - Tournament "Expresso Nitro" buyIn: 1.86€ + 0.14€ level: 4 - HandId: #2698198867387613185-15-1675185421 - Holdem no limit (30/60) - 2023/01/31 17:17:01 UTC
Table: 'Expresso Nitro(628223379)#0' 3-max (real money) Seat #2 is the button
Seat 1: _SKR (518)
Seat 2: Willy will (382)
*** ANTE/BLINDS ***
Willy will posts small blind 30
_SKR posts big blind 60
Dealt to _SKR [Td 3h]
*** PRE-FLOP *** 
Willy will folds
_SKR collected 90 from pot
*** SUMMARY ***
Total pot 90 | No rake
Seat 1: _SKR (big blind) won 90


Winamax Poker - Tournament "Expresso Nitro" buyIn: 1.86€ + 0.14€ level: 4 - HandId: #2698198867387613185-16-1675185424 - Holdem no limit (30/60) - 2023/01/31 17:17:04 UTC
Table: 'Expresso Nitro(628223379)#0' 3-max (real money) Seat #1 is the button
Seat 1: _SKR (548)
Seat 2: Willy will (352)
*** ANTE/BLINDS ***
_SKR posts small blind 30
Willy will posts big blind 60
Dealt to _SKR [Ah Th]
*** PRE-FLOP *** 
_SKR raises 488 to 548 and is all-in
Willy will folds
_SKR collected 608 from pot
*** SUMMARY ***
Total pot 608 | No rake
Seat 1: _SKR (small blind) (button) won 608


Winamax Poker - Tournament "Expresso Nitro" buyIn: 1.86€ + 0.14€ level: 5 - HandId: #2698198867387613185-17-1675185430 - Holdem no limit (40/80) - 2023/01/31 17:17:10 UTC
Table: 'Expresso Nitro(628223379)#0' 3-max (real money) Seat #2 is the button
Seat 1: _SKR (608)
Seat 2: Willy will (292)
*** ANTE/BLINDS ***
Willy will posts small blind 40
_SKR posts big blind 80
Dealt to _SKR [6c 5h]
*** PRE-FLOP *** 
Willy will raises 80 to 160
_SKR folds
Willy will collected 240 from pot
*** SUMMARY ***
Total pot 240 | No rake
Seat 2: Willy will (small blind) (button) won 240


Winamax Poker - Tournament "Expresso Nitro" buyIn: 1.86€ + 0.14€ level: 5 - HandId: #2698198867387613185-18-1675185438 - Holdem no limit (40/80) - 2023/01/31 17:17:18 UTC
Table: 'Expresso Nitro(628223379)#0' 3-max (real money) Seat #1 is the button
Seat 1: _SKR (528)
Seat 2: Willy will (372)
*** ANTE/BLINDS ***
_SKR posts small blind 40
Willy will posts big blind 80
Dealt to _SKR [4h 8c]
*** PRE-FLOP *** 
_SKR folds
Willy will collected 120 from pot
*** SUMMARY ***
Total pot 120 | No rake
Seat 2: Willy will (big blind) won 120


Winamax Poker - Tournament "Expresso Nitro" buyIn: 1.86€ + 0.14€ level: 5 - HandId: #2698198867387613185-19-1675185444 - Holdem no limit (40/80) - 2023/01/31 17:17:24 UTC
Table: 'Expresso Nitro(628223379)#0' 3-max (real money) Seat #2 is the button
Seat 1: _SKR (488)
Seat 2: Willy will (412)
*** ANTE/BLINDS ***
Willy will posts small blind 40
_SKR posts big blind 80
Dealt to _SKR [5h Kc]
*** PRE-FLOP *** 
Willy will folds
_SKR collected 120 from pot
*** SUMMARY ***
Total pot 120 | No rake
Seat 1: _SKR (big blind) won 120


Winamax Poker - Tournament "Expresso Nitro" buyIn: 1.86€ + 0.14€ level: 5 - HandId: #2698198867387613185-20-1675185447 - Holdem no limit (40/80) - 2023/01/31 17:17:27 UTC
Table: 'Expresso Nitro(628223379)#0' 3-max (real money) Seat #1 is the button
Seat 1: _SKR (528)
Seat 2: Willy will (372)
*** ANTE/BLINDS ***
_SKR posts small blind 40
Willy will posts big blind 80
Dealt to _SKR [8c 9h]
*** PRE-FLOP *** 
_SKR folds
Willy will collected 120 from pot
*** SUMMARY ***
Total pot 120 | No rake
Seat 2: Willy will (big blind) won 120


Winamax Poker - Tournament "Expresso Nitro" buyIn: 1.86€ + 0.14€ level: 5 - HandId: #2698198867387613185-21-1675185451 - Holdem no limit (40/80) - 2023/01/31 17:17:31 UTC
Table: 'Expresso Nitro(628223379)#0' 3-max (real money) Seat #2 is the button
Seat 1: _SKR (488)
Seat 2: Willy will (412)
*** ANTE/BLINDS ***
Willy will posts small blind 40
_SKR posts big blind 80
Dealt to _SKR [5c Tc]
*** PRE-FLOP *** 
Willy will folds
_SKR collected 120 from pot
*** SUMMARY ***
Total pot 120 | No rake
Seat 1: _SKR (big blind) won 120


Winamax Poker - Tournament "Expresso Nitro" buyIn: 1.86€ + 0.14€ level: 5 - HandId: #2698198867387613185-22-1675185457 - Holdem no limit (40/80) - 2023/01/31 17:17:37 UTC
Table: 'Expresso Nitro(628223379)#0' 3-max (real money) Seat #1 is the button
Seat 1: _SKR (528)
Seat 2: Willy will (372)
*** ANTE/BLINDS ***
_SKR posts small blind 40
Willy will posts big blind 80
Dealt to _SKR [As 4h]
*** PRE-FLOP *** 
_SKR raises 448 to 528 and is all-in
Willy will folds
_SKR collected 608 from pot
*** SUMMARY ***
Total pot 608 | No rake
Seat 1: _SKR (small blind) (button) won 608


Winamax Poker - Tournament "Expresso Nitro" buyIn: 1.86€ + 0.14€ level: 5 - HandId: #2698198867387613185-23-1675185462 - Holdem no limit (40/80) - 2023/01/31 17:17:42 UTC
Table: 'Expresso Nitro(628223379)#0' 3-max (real money) Seat #2 is the button
Seat 1: _SKR (608)
Seat 2: Willy will (292)
*** ANTE/BLINDS ***
Willy will posts small blind 40
_SKR posts big blind 80
Dealt to _SKR [Ad Jh]
*** PRE-FLOP *** 
Willy will raises 212 to 292 and is all-in
_SKR calls 212
*** FLOP *** [9d 6d 2d]
*** TURN *** [9d 6d 2d][8h]
*** RIVER *** [9d 6d 2d 8h][3d]
*** SHOW DOWN ***
Willy will shows [9h 7c] (One pair : 9)
_SKR shows [Ad Jh] (Flush Ace high)
_SKR collected 584 from pot
*** SUMMARY ***
Total pot 584 | No rake
Board: [9d 6d 2d 8h 3d]
Seat 1: _SKR (big blind) showed [Ad Jh] and won 584 with Flush Ace high
Seat 2: Willy will (small blind) (button) showed [9h 7c] and lost with One pair : 9


