Winamax Poker - Tournament "Expresso Nitro" buyIn: 0.93€ + 0.07€ level: 1 - HandId: #2718615715983654913-1-1676291777 - Holdem no limit (10/20) - 2023/02/13 12:36:17 UTC
Table: 'Expresso Nitro(632977047)#0' 3-max (real money) Seat #3 is the button
Seat 1: Angie2933 (300)
Seat 2: _SKR (300)
Seat 3: Muller.59 (300)
*** ANTE/BLINDS ***
Angie2933 posts small blind 10
_SKR posts big blind 20
Dealt to _SKR [7h 8d]
*** PRE-FLOP *** 
Muller.59 calls 20
Angie2933 calls 10
_SKR checks
*** FLOP *** [9h 5h Js]
Angie2933 bets 20
_SKR folds
Muller.59 calls 20
*** TURN *** [9h 5h Js][Td]
Angie2933 bets 20
Muller.59 calls 20
*** RIVER *** [9h 5h Js Td][Tc]
Angie2933 bets 49
Muller.59 raises 191 to 240 and is all-in
Angie2933 folds
Muller.59 collected 429 from pot
*** SUMMARY ***
Total pot 429 | No rake
Board: [9h 5h Js Td Tc]
Seat 3: Muller.59 (button) won 429


Winamax Poker - Tournament "Expresso Nitro" buyIn: 0.93€ + 0.07€ level: 1 - HandId: #2718615715983654913-2-1676291812 - Holdem no limit (10/20) - 2023/02/13 12:36:52 UTC
Table: 'Expresso Nitro(632977047)#0' 3-max (real money) Seat #1 is the button
Seat 1: Angie2933 (191)
Seat 2: _SKR (280)
Seat 3: Muller.59 (429)
*** ANTE/BLINDS ***
_SKR posts small blind 10
Muller.59 posts big blind 20
Dealt to _SKR [Qh 5c]
*** PRE-FLOP *** 
Angie2933 raises 171 to 191 and is all-in
_SKR folds
Muller.59 raises 238 to 429 and is all-in
*** FLOP *** [4h As 4s]
*** TURN *** [4h As 4s][Ks]
*** RIVER *** [4h As 4s Ks][9h]
*** SHOW DOWN ***
Angie2933 shows [6s 6h] (Two pairs : 6 and 4)
Muller.59 shows [9c 9s] (Full of 9 and 4)
Muller.59 collected 630 from pot
*** SUMMARY ***
Total pot 630 | No rake
Board: [4h As 4s Ks 9h]
Seat 1: Angie2933 (button) showed [6s 6h] and lost with Two pairs : 6 and 4
Seat 3: Muller.59 (big blind) showed [9c 9s] and won 630 with Full of 9 and 4


Winamax Poker - Tournament "Expresso Nitro" buyIn: 0.93€ + 0.07€ level: 1 - HandId: #2718615715983654913-3-1676291826 - Holdem no limit (10/20) - 2023/02/13 12:37:06 UTC
Table: 'Expresso Nitro(632977047)#0' 3-max (real money) Seat #3 is the button
Seat 2: _SKR (270)
Seat 3: Muller.59 (630)
*** ANTE/BLINDS ***
Muller.59 posts small blind 10
_SKR posts big blind 20
Dealt to _SKR [7h 4c]
*** PRE-FLOP *** 
Muller.59 calls 10
_SKR checks
*** FLOP *** [4h 2d 9d]
_SKR checks
Muller.59 bets 20
_SKR calls 20
*** TURN *** [4h 2d 9d][3s]
_SKR checks
Muller.59 bets 20
_SKR calls 20
*** RIVER *** [4h 2d 9d 3s][Ks]
_SKR checks
Muller.59 bets 42
_SKR calls 42
*** SHOW DOWN ***
Muller.59 shows [7d 3d] (One pair : 3)
_SKR shows [7h 4c] (One pair : 4)
_SKR collected 204 from pot
*** SUMMARY ***
Total pot 204 | No rake
Board: [4h 2d 9d 3s Ks]
Seat 2: _SKR (big blind) showed [7h 4c] and won 204 with One pair : 4
Seat 3: Muller.59 (small blind) (button) showed [7d 3d] and lost with One pair : 3


Winamax Poker - Tournament "Expresso Nitro" buyIn: 0.93€ + 0.07€ level: 2 - HandId: #2718615715983654913-4-1676291855 - Holdem no limit (15/30) - 2023/02/13 12:37:35 UTC
Table: 'Expresso Nitro(632977047)#0' 3-max (real money) Seat #2 is the button
Seat 2: _SKR (372)
Seat 3: Muller.59 (528)
*** ANTE/BLINDS ***
_SKR posts small blind 15
Muller.59 posts big blind 30
Dealt to _SKR [8s 4d]
*** PRE-FLOP *** 
_SKR folds
Muller.59 collected 45 from pot
*** SUMMARY ***
Total pot 45 | No rake
Seat 3: Muller.59 (big blind) won 45


Winamax Poker - Tournament "Expresso Nitro" buyIn: 0.93€ + 0.07€ level: 2 - HandId: #2718615715983654913-5-1676291861 - Holdem no limit (15/30) - 2023/02/13 12:37:41 UTC
Table: 'Expresso Nitro(632977047)#0' 3-max (real money) Seat #3 is the button
Seat 2: _SKR (357)
Seat 3: Muller.59 (543)
*** ANTE/BLINDS ***
Muller.59 posts small blind 15
_SKR posts big blind 30
Dealt to _SKR [5c 2c]
*** PRE-FLOP *** 
Muller.59 raises 513 to 543 and is all-in
_SKR folds
Muller.59 collected 573 from pot
*** SUMMARY ***
Total pot 573 | No rake
Seat 3: Muller.59 (small blind) (button) won 573


Winamax Poker - Tournament "Expresso Nitro" buyIn: 0.93€ + 0.07€ level: 2 - HandId: #2718615715983654913-6-1676291868 - Holdem no limit (15/30) - 2023/02/13 12:37:48 UTC
Table: 'Expresso Nitro(632977047)#0' 3-max (real money) Seat #2 is the button
Seat 2: _SKR (327)
Seat 3: Muller.59 (573)
*** ANTE/BLINDS ***
_SKR posts small blind 15
Muller.59 posts big blind 30
Dealt to _SKR [Kd 3s]
*** PRE-FLOP *** 
_SKR calls 15
Muller.59 checks
*** FLOP *** [Td Qd 4d]
Muller.59 bets 543 and is all-in
_SKR calls 297 and is all-in
*** TURN *** [Td Qd 4d][2c]
*** RIVER *** [Td Qd 4d 2c][Qh]
*** SHOW DOWN ***
_SKR shows [Kd 3s] (One pair : Queens)
Muller.59 shows [Ks 6s] (One pair : Queens)
Muller.59 collected 900 from pot
*** SUMMARY ***
Total pot 900 | No rake
Board: [Td Qd 4d 2c Qh]
Seat 2: _SKR (small blind) (button) showed [Kd 3s] and lost with One pair : Queens
Seat 3: Muller.59 (big blind) showed [Ks 6s] and won 900 with One pair : Queens


