Winamax Poker - Tournament "Expresso Nitro" buyIn: 0.93€ + 0.07€ level: 1 - HandId: #2691971534175600641-1-1674775740 - Holdem no limit (10/20) - 2023/01/26 23:29:00 UTC
Table: 'Expresso Nitro(626773465)#0' 3-max (real money) Seat #3 is the button
Seat 1: JiB20 (300)
Seat 2: _SKR (300)
Seat 3: Mike5922 (300)
*** ANTE/BLINDS ***
JiB20 posts small blind 10
_SKR posts big blind 20
Dealt to _SKR [7c Qs]
*** PRE-FLOP *** 
Mike5922 folds
JiB20 raises 20 to 40
_SKR folds
JiB20 collected 60 from pot
*** SUMMARY ***
Total pot 60 | No rake
Seat 1: JiB20 (small blind) won 60


Winamax Poker - Tournament "Expresso Nitro" buyIn: 0.93€ + 0.07€ level: 1 - HandId: #2691971534175600641-2-1674775750 - Holdem no limit (10/20) - 2023/01/26 23:29:10 UTC
Table: 'Expresso Nitro(626773465)#0' 3-max (real money) Seat #1 is the button
Seat 1: JiB20 (320)
Seat 2: _SKR (280)
Seat 3: Mike5922 (300)
*** ANTE/BLINDS ***
_SKR posts small blind 10
Mike5922 posts big blind 20
Dealt to _SKR [8h 9h]
*** PRE-FLOP *** 
JiB20 raises 20 to 40
_SKR folds
Mike5922 calls 20
*** FLOP *** [9c 8d 7s]
Mike5922 checks
JiB20 checks
*** TURN *** [9c 8d 7s][6h]
Mike5922 checks
JiB20 bets 31
Mike5922 folds
JiB20 collected 121 from pot
*** SUMMARY ***
Total pot 121 | No rake
Board: [9c 8d 7s 6h]
Seat 1: JiB20 (button) won 121


Winamax Poker - Tournament "Expresso Nitro" buyIn: 0.93€ + 0.07€ level: 1 - HandId: #2691971534175600641-3-1674775776 - Holdem no limit (10/20) - 2023/01/26 23:29:36 UTC
Table: 'Expresso Nitro(626773465)#0' 3-max (real money) Seat #2 is the button
Seat 1: JiB20 (370)
Seat 2: _SKR (270)
Seat 3: Mike5922 (260)
*** ANTE/BLINDS ***
Mike5922 posts small blind 10
JiB20 posts big blind 20
Dealt to _SKR [6s 8c]
*** PRE-FLOP *** 
_SKR folds
Mike5922 calls 10
JiB20 checks
*** FLOP *** [Qd Ad 6h]
Mike5922 checks
JiB20 bets 26
Mike5922 folds
JiB20 collected 66 from pot
*** SUMMARY ***
Total pot 66 | No rake
Board: [Qd Ad 6h]
Seat 1: JiB20 (big blind) won 66


Winamax Poker - Tournament "Expresso Nitro" buyIn: 0.93€ + 0.07€ level: 1 - HandId: #2691971534175600641-4-1674775793 - Holdem no limit (10/20) - 2023/01/26 23:29:53 UTC
Table: 'Expresso Nitro(626773465)#0' 3-max (real money) Seat #3 is the button
Seat 1: JiB20 (390)
Seat 2: _SKR (270)
Seat 3: Mike5922 (240)
*** ANTE/BLINDS ***
JiB20 posts small blind 10
_SKR posts big blind 20
Dealt to _SKR [Js 8s]
*** PRE-FLOP *** 
Mike5922 raises 220 to 240 and is all-in
JiB20 folds
_SKR folds
Mike5922 collected 270 from pot
*** SUMMARY ***
Total pot 270 | No rake
Seat 3: Mike5922 (button) won 270


Winamax Poker - Tournament "Expresso Nitro" buyIn: 0.93€ + 0.07€ level: 2 - HandId: #2691971534175600641-5-1674775799 - Holdem no limit (15/30) - 2023/01/26 23:29:59 UTC
Table: 'Expresso Nitro(626773465)#0' 3-max (real money) Seat #1 is the button
Seat 1: JiB20 (380)
Seat 2: _SKR (250)
Seat 3: Mike5922 (270)
*** ANTE/BLINDS ***
_SKR posts small blind 15
Mike5922 posts big blind 30
Dealt to _SKR [Ah 6d]
*** PRE-FLOP *** 
JiB20 folds
_SKR raises 220 to 250 and is all-in
Mike5922 folds
_SKR collected 280 from pot
*** SUMMARY ***
Total pot 280 | No rake
Seat 2: _SKR (small blind) won 280


Winamax Poker - Tournament "Expresso Nitro" buyIn: 0.93€ + 0.07€ level: 2 - HandId: #2691971534175600641-6-1674775810 - Holdem no limit (15/30) - 2023/01/26 23:30:10 UTC
Table: 'Expresso Nitro(626773465)#0' 3-max (real money) Seat #2 is the button
Seat 1: JiB20 (380)
Seat 2: _SKR (280)
Seat 3: Mike5922 (240)
*** ANTE/BLINDS ***
Mike5922 posts small blind 15
JiB20 posts big blind 30
Dealt to _SKR [4c Qd]
*** PRE-FLOP *** 
_SKR folds
Mike5922 calls 15
JiB20 raises 350 to 380 and is all-in
Mike5922 calls 210 and is all-in
*** FLOP *** [Qs Kd 3c]
*** TURN *** [Qs Kd 3c][Ad]
*** RIVER *** [Qs Kd 3c Ad][3s]
*** SHOW DOWN ***
Mike5922 shows [6d 7s] (One pair : 3)
JiB20 shows [2h Ks] (Two pairs : Kings and 3)
JiB20 collected 620 from pot
*** SUMMARY ***
Total pot 620 | No rake
Board: [Qs Kd 3c Ad 3s]
Seat 1: JiB20 (big blind) showed [2h Ks] and won 620 with Two pairs : Kings and 3
Seat 3: Mike5922 (small blind) showed [6d 7s] and lost with One pair : 3


Winamax Poker - Tournament "Expresso Nitro" buyIn: 0.93€ + 0.07€ level: 2 - HandId: #2691971534175600641-7-1674775825 - Holdem no limit (15/30) - 2023/01/26 23:30:25 UTC
Table: 'Expresso Nitro(626773465)#0' 3-max (real money) Seat #1 is the button
Seat 1: JiB20 (620)
Seat 2: _SKR (280)
*** ANTE/BLINDS ***
JiB20 posts small blind 15
_SKR posts big blind 30
Dealt to _SKR [Ks Qs]
*** PRE-FLOP *** 
JiB20 raises 30 to 60
_SKR raises 220 to 280 and is all-in
JiB20 folds
_SKR collected 340 from pot
*** SUMMARY ***
Total pot 340 | No rake
Seat 2: _SKR (big blind) won 340


Winamax Poker - Tournament "Expresso Nitro" buyIn: 0.93€ + 0.07€ level: 2 - HandId: #2691971534175600641-8-1674775839 - Holdem no limit (15/30) - 2023/01/26 23:30:39 UTC
Table: 'Expresso Nitro(626773465)#0' 3-max (real money) Seat #2 is the button
Seat 1: JiB20 (560)
Seat 2: _SKR (340)
*** ANTE/BLINDS ***
_SKR posts small blind 15
JiB20 posts big blind 30
Dealt to _SKR [4h 8s]
*** PRE-FLOP *** 
_SKR folds
JiB20 collected 45 from pot
*** SUMMARY ***
Total pot 45 | No rake
Seat 1: JiB20 (big blind) won 45


Winamax Poker - Tournament "Expresso Nitro" buyIn: 0.93€ + 0.07€ level: 2 - HandId: #2691971534175600641-9-1674775848 - Holdem no limit (15/30) - 2023/01/26 23:30:48 UTC
Table: 'Expresso Nitro(626773465)#0' 3-max (real money) Seat #1 is the button
Seat 1: JiB20 (575)
Seat 2: _SKR (325)
*** ANTE/BLINDS ***
JiB20 posts small blind 15
_SKR posts big blind 30
Dealt to _SKR [Qs Th]
*** PRE-FLOP *** 
JiB20 raises 30 to 60
_SKR calls 30
*** FLOP *** [As 9h 2c]
_SKR checks
JiB20 bets 42
_SKR folds
JiB20 collected 162 from pot
*** SUMMARY ***
Total pot 162 | No rake
Board: [As 9h 2c]
Seat 1: JiB20 (small blind) (button) won 162


Winamax Poker - Tournament "Expresso Nitro" buyIn: 0.93€ + 0.07€ level: 3 - HandId: #2691971534175600641-10-1674775889 - Holdem no limit (20/40) - 2023/01/26 23:31:29 UTC
Table: 'Expresso Nitro(626773465)#0' 3-max (real money) Seat #2 is the button
Seat 1: JiB20 (635)
Seat 2: _SKR (265)
*** ANTE/BLINDS ***
_SKR posts small blind 20
JiB20 posts big blind 40
Dealt to _SKR [6s Jh]
*** PRE-FLOP *** 
_SKR folds
JiB20 collected 60 from pot
*** SUMMARY ***
Total pot 60 | No rake
Seat 1: JiB20 (big blind) won 60


Winamax Poker - Tournament "Expresso Nitro" buyIn: 0.93€ + 0.07€ level: 3 - HandId: #2691971534175600641-11-1674775903 - Holdem no limit (20/40) - 2023/01/26 23:31:43 UTC
Table: 'Expresso Nitro(626773465)#0' 3-max (real money) Seat #1 is the button
Seat 1: JiB20 (655)
Seat 2: _SKR (245)
*** ANTE/BLINDS ***
JiB20 posts small blind 20
_SKR posts big blind 40
Dealt to _SKR [2s Qd]
*** PRE-FLOP *** 
JiB20 raises 40 to 80
_SKR folds
JiB20 collected 120 from pot
*** SUMMARY ***
Total pot 120 | No rake
Seat 1: JiB20 (small blind) (button) won 120


Winamax Poker - Tournament "Expresso Nitro" buyIn: 0.93€ + 0.07€ level: 3 - HandId: #2691971534175600641-12-1674775911 - Holdem no limit (20/40) - 2023/01/26 23:31:51 UTC
Table: 'Expresso Nitro(626773465)#0' 3-max (real money) Seat #2 is the button
Seat 1: JiB20 (695)
Seat 2: _SKR (205)
*** ANTE/BLINDS ***
_SKR posts small blind 20
JiB20 posts big blind 40
Dealt to _SKR [Js Qd]
*** PRE-FLOP *** 
_SKR raises 165 to 205 and is all-in
JiB20 folds
_SKR collected 245 from pot
*** SUMMARY ***
Total pot 245 | No rake
Seat 2: _SKR (small blind) (button) won 245


Winamax Poker - Tournament "Expresso Nitro" buyIn: 0.93€ + 0.07€ level: 4 - HandId: #2691971534175600641-13-1674775930 - Holdem no limit (30/60) - 2023/01/26 23:32:10 UTC
Table: 'Expresso Nitro(626773465)#0' 3-max (real money) Seat #1 is the button
Seat 1: JiB20 (655)
Seat 2: _SKR (245)
*** ANTE/BLINDS ***
JiB20 posts small blind 30
_SKR posts big blind 60
Dealt to _SKR [9d 4c]
*** PRE-FLOP *** 
JiB20 raises 60 to 120
_SKR folds
JiB20 collected 180 from pot
*** SUMMARY ***
Total pot 180 | No rake
Seat 1: JiB20 (small blind) (button) won 180


Winamax Poker - Tournament "Expresso Nitro" buyIn: 0.93€ + 0.07€ level: 4 - HandId: #2691971534175600641-14-1674775938 - Holdem no limit (30/60) - 2023/01/26 23:32:18 UTC
Table: 'Expresso Nitro(626773465)#0' 3-max (real money) Seat #2 is the button
Seat 1: JiB20 (715)
Seat 2: _SKR (185)
*** ANTE/BLINDS ***
_SKR posts small blind 30
JiB20 posts big blind 60
Dealt to _SKR [2d 3h]
*** PRE-FLOP *** 
_SKR folds
JiB20 collected 90 from pot
*** SUMMARY ***
Total pot 90 | No rake
Seat 1: JiB20 (big blind) won 90


Winamax Poker - Tournament "Expresso Nitro" buyIn: 0.93€ + 0.07€ level: 4 - HandId: #2691971534175600641-15-1674775946 - Holdem no limit (30/60) - 2023/01/26 23:32:26 UTC
Table: 'Expresso Nitro(626773465)#0' 3-max (real money) Seat #1 is the button
Seat 1: JiB20 (745)
Seat 2: _SKR (155)
*** ANTE/BLINDS ***
JiB20 posts small blind 30
_SKR posts big blind 60
Dealt to _SKR [As Ts]
*** PRE-FLOP *** 
JiB20 raises 685 to 745 and is all-in
_SKR calls 95 and is all-in
*** FLOP *** [Tc 2d 4s]
*** TURN *** [Tc 2d 4s][Jh]
*** RIVER *** [Tc 2d 4s Jh][8c]
*** SHOW DOWN ***
JiB20 shows [2s Kd] (One pair : 2)
_SKR shows [As Ts] (One pair : Tens)
_SKR collected 310 from main pot
JiB20 collected 590 from side pot 1
*** SUMMARY ***
Total pot 900 | No rake
Board: [Tc 2d 4s Jh 8c]
Seat 1: JiB20 (small blind) (button) showed [2s Kd] and won 590 with One pair : 2
Seat 2: _SKR (big blind) showed [As Ts] and won 310 with One pair : Tens


Winamax Poker - Tournament "Expresso Nitro" buyIn: 0.93€ + 0.07€ level: 4 - HandId: #2691971534175600641-16-1674775958 - Holdem no limit (30/60) - 2023/01/26 23:32:38 UTC
Table: 'Expresso Nitro(626773465)#0' 3-max (real money) Seat #2 is the button
Seat 1: JiB20 (590)
Seat 2: _SKR (310)
*** ANTE/BLINDS ***
_SKR posts small blind 30
JiB20 posts big blind 60
Dealt to _SKR [Ks 4s]
*** PRE-FLOP *** 
_SKR raises 250 to 310 and is all-in
JiB20 folds
_SKR collected 370 from pot
*** SUMMARY ***
Total pot 370 | No rake
Seat 2: _SKR (small blind) (button) won 370


Winamax Poker - Tournament "Expresso Nitro" buyIn: 0.93€ + 0.07€ level: 4 - HandId: #2691971534175600641-17-1674775976 - Holdem no limit (30/60) - 2023/01/26 23:32:56 UTC
Table: 'Expresso Nitro(626773465)#0' 3-max (real money) Seat #1 is the button
Seat 1: JiB20 (530)
Seat 2: _SKR (370)
*** ANTE/BLINDS ***
JiB20 posts small blind 30
_SKR posts big blind 60
Dealt to _SKR [7d 3h]
*** PRE-FLOP *** 
JiB20 raises 60 to 120
_SKR folds
JiB20 collected 180 from pot
*** SUMMARY ***
Total pot 180 | No rake
Seat 1: JiB20 (small blind) (button) won 180


Winamax Poker - Tournament "Expresso Nitro" buyIn: 0.93€ + 0.07€ level: 5 - HandId: #2691971534175600641-18-1674775984 - Holdem no limit (40/80) - 2023/01/26 23:33:04 UTC
Table: 'Expresso Nitro(626773465)#0' 3-max (real money) Seat #2 is the button
Seat 1: JiB20 (590)
Seat 2: _SKR (310)
*** ANTE/BLINDS ***
_SKR posts small blind 40
JiB20 posts big blind 80
Dealt to _SKR [2s 2h]
*** PRE-FLOP *** 
_SKR raises 230 to 310 and is all-in
JiB20 calls 230
*** FLOP *** [5h 3s Th]
*** TURN *** [5h 3s Th][Qh]
*** RIVER *** [5h 3s Th Qh][5d]
*** SHOW DOWN ***
JiB20 shows [6s Kh] (One pair : 5)
_SKR shows [2s 2h] (Two pairs : 5 and 2)
_SKR collected 620 from pot
*** SUMMARY ***
Total pot 620 | No rake
Board: [5h 3s Th Qh 5d]
Seat 1: JiB20 (big blind) showed [6s Kh] and lost with One pair : 5
Seat 2: _SKR (small blind) (button) showed [2s 2h] and won 620 with Two pairs : 5 and 2


Winamax Poker - Tournament "Expresso Nitro" buyIn: 0.93€ + 0.07€ level: 5 - HandId: #2691971534175600641-19-1674776000 - Holdem no limit (40/80) - 2023/01/26 23:33:20 UTC
Table: 'Expresso Nitro(626773465)#0' 3-max (real money) Seat #1 is the button
Seat 1: JiB20 (280)
Seat 2: _SKR (620)
*** ANTE/BLINDS ***
JiB20 posts small blind 40
_SKR posts big blind 80
Dealt to _SKR [Ac 7h]
*** PRE-FLOP *** 
JiB20 raises 200 to 280 and is all-in
_SKR calls 200
*** FLOP *** [Qc 5d Kh]
*** TURN *** [Qc 5d Kh][Qs]
*** RIVER *** [Qc 5d Kh Qs][4d]
*** SHOW DOWN ***
_SKR shows [Ac 7h] (One pair : Queens)
JiB20 shows [Qd Ad] (Trips of Queens)
JiB20 collected 560 from pot
*** SUMMARY ***
Total pot 560 | No rake
Board: [Qc 5d Kh Qs 4d]
Seat 1: JiB20 (small blind) (button) showed [Qd Ad] and won 560 with Trips of Queens
Seat 2: _SKR (big blind) showed [Ac 7h] and lost with One pair : Queens


Winamax Poker - Tournament "Expresso Nitro" buyIn: 0.93€ + 0.07€ level: 5 - HandId: #2691971534175600641-20-1674776014 - Holdem no limit (40/80) - 2023/01/26 23:33:34 UTC
Table: 'Expresso Nitro(626773465)#0' 3-max (real money) Seat #2 is the button
Seat 1: JiB20 (560)
Seat 2: _SKR (340)
*** ANTE/BLINDS ***
_SKR posts small blind 40
JiB20 posts big blind 80
Dealt to _SKR [Qs 4h]
*** PRE-FLOP *** 
_SKR folds
JiB20 shows [8h 8d] (One pair : 8)
JiB20 collected 120 from pot
*** SUMMARY ***
Total pot 120 | No rake
Seat 1: JiB20 (big blind) showed [8h 8d] and won 120 with One pair : 8


Winamax Poker - Tournament "Expresso Nitro" buyIn: 0.93€ + 0.07€ level: 5 - HandId: #2691971534175600641-21-1674776020 - Holdem no limit (40/80) - 2023/01/26 23:33:40 UTC
Table: 'Expresso Nitro(626773465)#0' 3-max (real money) Seat #1 is the button
Seat 1: JiB20 (600)
Seat 2: _SKR (300)
*** ANTE/BLINDS ***
JiB20 posts small blind 40
_SKR posts big blind 80
Dealt to _SKR [5c Ac]
*** PRE-FLOP *** 
JiB20 folds
_SKR collected 120 from pot
*** SUMMARY ***
Total pot 120 | No rake
Seat 2: _SKR (big blind) won 120


Winamax Poker - Tournament "Expresso Nitro" buyIn: 0.93€ + 0.07€ level: 5 - HandId: #2691971534175600641-22-1674776026 - Holdem no limit (40/80) - 2023/01/26 23:33:46 UTC
Table: 'Expresso Nitro(626773465)#0' 3-max (real money) Seat #2 is the button
Seat 1: JiB20 (560)
Seat 2: _SKR (340)
*** ANTE/BLINDS ***
_SKR posts small blind 40
JiB20 posts big blind 80
Dealt to _SKR [9c 3h]
*** PRE-FLOP *** 
_SKR folds
JiB20 collected 120 from pot
*** SUMMARY ***
Total pot 120 | No rake
Seat 1: JiB20 (big blind) won 120


Winamax Poker - Tournament "Expresso Nitro" buyIn: 0.93€ + 0.07€ level: 5 - HandId: #2691971534175600641-23-1674776033 - Holdem no limit (40/80) - 2023/01/26 23:33:53 UTC
Table: 'Expresso Nitro(626773465)#0' 3-max (real money) Seat #1 is the button
Seat 1: JiB20 (600)
Seat 2: _SKR (300)
*** ANTE/BLINDS ***
JiB20 posts small blind 40
_SKR posts big blind 80
Dealt to _SKR [7c Kh]
*** PRE-FLOP *** 
JiB20 folds
_SKR collected 120 from pot
*** SUMMARY ***
Total pot 120 | No rake
Seat 2: _SKR (big blind) won 120


Winamax Poker - Tournament "Expresso Nitro" buyIn: 0.93€ + 0.07€ level: 5 - HandId: #2691971534175600641-24-1674776036 - Holdem no limit (40/80) - 2023/01/26 23:33:56 UTC
Table: 'Expresso Nitro(626773465)#0' 3-max (real money) Seat #2 is the button
Seat 1: JiB20 (560)
Seat 2: _SKR (340)
*** ANTE/BLINDS ***
_SKR posts small blind 40
JiB20 posts big blind 80
Dealt to _SKR [3c 2h]
*** PRE-FLOP *** 
_SKR folds
JiB20 shows [Qc Kh] (High card : King)
JiB20 collected 120 from pot
*** SUMMARY ***
Total pot 120 | No rake
Seat 1: JiB20 (big blind) showed [Qc Kh] and won 120 with High card : King


Winamax Poker - Tournament "Expresso Nitro" buyIn: 0.93€ + 0.07€ level: 6 - HandId: #2691971534175600641-25-1674776040 - Holdem no limit (50/100) - 2023/01/26 23:34:00 UTC
Table: 'Expresso Nitro(626773465)#0' 3-max (real money) Seat #1 is the button
Seat 1: JiB20 (600)
Seat 2: _SKR (300)
*** ANTE/BLINDS ***
JiB20 posts small blind 50
_SKR posts big blind 100
Dealt to _SKR [9c Th]
*** PRE-FLOP *** 
JiB20 raises 500 to 600 and is all-in
_SKR calls 200 and is all-in
*** FLOP *** [5s Kd 6s]
*** TURN *** [5s Kd 6s][9d]
*** RIVER *** [5s Kd 6s 9d][2s]
*** SHOW DOWN ***
JiB20 shows [Js 6h] (One pair : 6)
_SKR shows [9c Th] (One pair : 9)
_SKR collected 600 from main pot
JiB20 collected 300 from side pot 1
*** SUMMARY ***
Total pot 900 | No rake
Board: [5s Kd 6s 9d 2s]
Seat 1: JiB20 (small blind) (button) showed [Js 6h] and won 300 with One pair : 6
Seat 2: _SKR (big blind) showed [9c Th] and won 600 with One pair : 9


Winamax Poker - Tournament "Expresso Nitro" buyIn: 0.93€ + 0.07€ level: 6 - HandId: #2691971534175600641-26-1674776055 - Holdem no limit (50/100) - 2023/01/26 23:34:15 UTC
Table: 'Expresso Nitro(626773465)#0' 3-max (real money) Seat #2 is the button
Seat 1: JiB20 (300)
Seat 2: _SKR (600)
*** ANTE/BLINDS ***
_SKR posts small blind 50
JiB20 posts big blind 100
Dealt to _SKR [3s 7c]
*** PRE-FLOP *** 
_SKR folds
JiB20 collected 150 from pot
*** SUMMARY ***
Total pot 150 | No rake
Seat 1: JiB20 (big blind) won 150


Winamax Poker - Tournament "Expresso Nitro" buyIn: 0.93€ + 0.07€ level: 6 - HandId: #2691971534175600641-27-1674776061 - Holdem no limit (50/100) - 2023/01/26 23:34:21 UTC
Table: 'Expresso Nitro(626773465)#0' 3-max (real money) Seat #1 is the button
Seat 1: JiB20 (350)
Seat 2: _SKR (550)
*** ANTE/BLINDS ***
JiB20 posts small blind 50
_SKR posts big blind 100
Dealt to _SKR [Jd 3d]
*** PRE-FLOP *** 
JiB20 raises 250 to 350 and is all-in
_SKR folds
JiB20 shows [5s As] (High card : Ace)
JiB20 collected 450 from pot
*** SUMMARY ***
Total pot 450 | No rake
Seat 1: JiB20 (small blind) (button) showed [5s As] and won 450 with High card : Ace


Winamax Poker - Tournament "Expresso Nitro" buyIn: 0.93€ + 0.07€ level: 6 - HandId: #2691971534175600641-28-1674776072 - Holdem no limit (50/100) - 2023/01/26 23:34:32 UTC
Table: 'Expresso Nitro(626773465)#0' 3-max (real money) Seat #2 is the button
Seat 1: JiB20 (450)
Seat 2: _SKR (450)
*** ANTE/BLINDS ***
_SKR posts small blind 50
JiB20 posts big blind 100
Dealt to _SKR [9s 5s]
*** PRE-FLOP *** 
_SKR folds
JiB20 collected 150 from pot
*** SUMMARY ***
Total pot 150 | No rake
Seat 1: JiB20 (big blind) won 150


Winamax Poker - Tournament "Expresso Nitro" buyIn: 0.93€ + 0.07€ level: 6 - HandId: #2691971534175600641-29-1674776079 - Holdem no limit (50/100) - 2023/01/26 23:34:39 UTC
Table: 'Expresso Nitro(626773465)#0' 3-max (real money) Seat #1 is the button
Seat 1: JiB20 (500)
Seat 2: _SKR (400)
*** ANTE/BLINDS ***
JiB20 posts small blind 50
_SKR posts big blind 100
Dealt to _SKR [5c 4d]
*** PRE-FLOP *** 
JiB20 raises 400 to 500 and is all-in
_SKR folds
JiB20 collected 600 from pot
*** SUMMARY ***
Total pot 600 | No rake
Seat 1: JiB20 (small blind) (button) won 600


Winamax Poker - Tournament "Expresso Nitro" buyIn: 0.93€ + 0.07€ level: 6 - HandId: #2691971534175600641-30-1674776088 - Holdem no limit (50/100) - 2023/01/26 23:34:48 UTC
Table: 'Expresso Nitro(626773465)#0' 3-max (real money) Seat #2 is the button
Seat 1: JiB20 (600)
Seat 2: _SKR (300)
*** ANTE/BLINDS ***
_SKR posts small blind 50
JiB20 posts big blind 100
Dealt to _SKR [8c Tc]
*** PRE-FLOP *** 
_SKR raises 200 to 300 and is all-in
JiB20 raises 300 to 600 and is all-in
*** FLOP *** [4s 9s 6d]
*** TURN *** [4s 9s 6d][9h]
*** RIVER *** [4s 9s 6d 9h][Qs]
*** SHOW DOWN ***
_SKR shows [8c Tc] (One pair : 9)
JiB20 shows [Jh Jd] (Two pairs : Jacks and 9)
JiB20 collected 900 from pot
*** SUMMARY ***
Total pot 900 | No rake
Board: [4s 9s 6d 9h Qs]
Seat 1: JiB20 (big blind) showed [Jh Jd] and won 900 with Two pairs : Jacks and 9
Seat 2: _SKR (small blind) (button) showed [8c Tc] and lost with One pair : 9


