Winamax Poker - Tournament "Expresso Nitro" buyIn: 0.93€ + 0.07€ level: 1 - HandId: #2680053090123513857-1-1674049890 - Holdem no limit (10/20) - 2023/01/18 13:51:30 UTC
Table: 'Expresso Nitro(623998486)#0' 3-max (real money) Seat #2 is the button
Seat 1: Chefe2 (300)
Seat 2: _SKR (300)
Seat 3: Rikinho89 (300)
*** ANTE/BLINDS ***
Rikinho89 posts small blind 10
Chefe2 posts big blind 20
Dealt to _SKR [2s 9c]
*** PRE-FLOP *** 
_SKR folds
Rikinho89 calls 10
Chefe2 raises 40 to 60
Rikinho89 calls 40
*** FLOP *** [2d Ah Qh]
Rikinho89 checks
Chefe2 bets 240 and is all-in
Rikinho89 calls 240 and is all-in
*** TURN *** [2d Ah Qh][Js]
*** RIVER *** [2d Ah Qh Js][5d]
*** SHOW DOWN ***
Rikinho89 shows [3d Qd] (One pair : Queens)
Chefe2 shows [Jc Jh] (Trips of Jacks)
Chefe2 collected 600 from pot
*** SUMMARY ***
Total pot 600 | No rake
Board: [2d Ah Qh Js 5d]
Seat 1: Chefe2 (big blind) showed [Jc Jh] and won 600 with Trips of Jacks
Seat 3: Rikinho89 (small blind) showed [3d Qd] and lost with One pair : Queens


Winamax Poker - Tournament "Expresso Nitro" buyIn: 0.93€ + 0.07€ level: 1 - HandId: #2680053090123513857-2-1674049918 - Holdem no limit (10/20) - 2023/01/18 13:51:58 UTC
Table: 'Expresso Nitro(623998486)#0' 3-max (real money) Seat #1 is the button
Seat 1: Chefe2 (600)
Seat 2: _SKR (300)
*** ANTE/BLINDS ***
Chefe2 posts small blind 10
_SKR posts big blind 20
Dealt to _SKR [Kd 6s]
*** PRE-FLOP *** 
Chefe2 raises 40 to 60
_SKR folds
Chefe2 collected 80 from pot
*** SUMMARY ***
Total pot 80 | No rake
Seat 1: Chefe2 (small blind) (button) won 80


Winamax Poker - Tournament "Expresso Nitro" buyIn: 0.93€ + 0.07€ level: 1 - HandId: #2680053090123513857-3-1674049925 - Holdem no limit (10/20) - 2023/01/18 13:52:05 UTC
Table: 'Expresso Nitro(623998486)#0' 3-max (real money) Seat #2 is the button
Seat 1: Chefe2 (620)
Seat 2: _SKR (280)
*** ANTE/BLINDS ***
_SKR posts small blind 10
Chefe2 posts big blind 20
Dealt to _SKR [7d 5h]
*** PRE-FLOP *** 
_SKR folds
Chefe2 collected 30 from pot
*** SUMMARY ***
Total pot 30 | No rake
Seat 1: Chefe2 (big blind) won 30


Winamax Poker - Tournament "Expresso Nitro" buyIn: 0.93€ + 0.07€ level: 1 - HandId: #2680053090123513857-4-1674049929 - Holdem no limit (10/20) - 2023/01/18 13:52:09 UTC
Table: 'Expresso Nitro(623998486)#0' 3-max (real money) Seat #1 is the button
Seat 1: Chefe2 (630)
Seat 2: _SKR (270)
*** ANTE/BLINDS ***
Chefe2 posts small blind 10
_SKR posts big blind 20
Dealt to _SKR [8c 9c]
*** PRE-FLOP *** 
Chefe2 calls 10
_SKR checks
*** FLOP *** [Kh Ac 3h]
_SKR checks
Chefe2 bets 40
_SKR folds
Chefe2 collected 80 from pot
*** SUMMARY ***
Total pot 80 | No rake
Board: [Kh Ac 3h]
Seat 1: Chefe2 (small blind) (button) won 80


Winamax Poker - Tournament "Expresso Nitro" buyIn: 0.93€ + 0.07€ level: 2 - HandId: #2680053090123513857-5-1674049954 - Holdem no limit (15/30) - 2023/01/18 13:52:34 UTC
Table: 'Expresso Nitro(623998486)#0' 3-max (real money) Seat #2 is the button
Seat 1: Chefe2 (650)
Seat 2: _SKR (250)
*** ANTE/BLINDS ***
_SKR posts small blind 15
Chefe2 posts big blind 30
Dealt to _SKR [Jh Kd]
*** PRE-FLOP *** 
_SKR raises 220 to 250 and is all-in
Chefe2 folds
_SKR collected 280 from pot
*** SUMMARY ***
Total pot 280 | No rake
Seat 2: _SKR (small blind) (button) won 280


Winamax Poker - Tournament "Expresso Nitro" buyIn: 0.93€ + 0.07€ level: 2 - HandId: #2680053090123513857-6-1674049960 - Holdem no limit (15/30) - 2023/01/18 13:52:40 UTC
Table: 'Expresso Nitro(623998486)#0' 3-max (real money) Seat #1 is the button
Seat 1: Chefe2 (620)
Seat 2: _SKR (280)
*** ANTE/BLINDS ***
Chefe2 posts small blind 15
_SKR posts big blind 30
Dealt to _SKR [Kc Jd]
*** PRE-FLOP *** 
Chefe2 calls 15
_SKR raises 250 to 280 and is all-in
Chefe2 raises 340 to 620 and is all-in
*** FLOP *** [2s 7h 5d]
*** TURN *** [2s 7h 5d][Kd]
*** RIVER *** [2s 7h 5d Kd][5c]
*** SHOW DOWN ***
Chefe2 shows [Jh 9c] (One pair : 5)
_SKR shows [Kc Jd] (Two pairs : Kings and 5)
_SKR collected 560 from main pot
Chefe2 collected 340 from side pot 1
*** SUMMARY ***
Total pot 900 | No rake
Board: [2s 7h 5d Kd 5c]
Seat 1: Chefe2 (small blind) (button) showed [Jh 9c] and won 340 with One pair : 5
Seat 2: _SKR (big blind) showed [Kc Jd] and won 560 with Two pairs : Kings and 5


Winamax Poker - Tournament "Expresso Nitro" buyIn: 0.93€ + 0.07€ level: 2 - HandId: #2680053090123513857-7-1674049977 - Holdem no limit (15/30) - 2023/01/18 13:52:57 UTC
Table: 'Expresso Nitro(623998486)#0' 3-max (real money) Seat #2 is the button
Seat 1: Chefe2 (340)
Seat 2: _SKR (560)
*** ANTE/BLINDS ***
_SKR posts small blind 15
Chefe2 posts big blind 30
Dealt to _SKR [7d 3d]
*** PRE-FLOP *** 
_SKR folds
Chefe2 collected 45 from pot
*** SUMMARY ***
Total pot 45 | No rake
Seat 1: Chefe2 (big blind) won 45


Winamax Poker - Tournament "Expresso Nitro" buyIn: 0.93€ + 0.07€ level: 2 - HandId: #2680053090123513857-8-1674049983 - Holdem no limit (15/30) - 2023/01/18 13:53:03 UTC
Table: 'Expresso Nitro(623998486)#0' 3-max (real money) Seat #1 is the button
Seat 1: Chefe2 (355)
Seat 2: _SKR (545)
*** ANTE/BLINDS ***
Chefe2 posts small blind 15
_SKR posts big blind 30
Dealt to _SKR [4h 2h]
*** PRE-FLOP *** 
Chefe2 raises 325 to 355 and is all-in
_SKR folds
Chefe2 collected 385 from pot
*** SUMMARY ***
Total pot 385 | No rake
Seat 1: Chefe2 (small blind) (button) won 385


Winamax Poker - Tournament "Expresso Nitro" buyIn: 0.93€ + 0.07€ level: 2 - HandId: #2680053090123513857-9-1674049989 - Holdem no limit (15/30) - 2023/01/18 13:53:09 UTC
Table: 'Expresso Nitro(623998486)#0' 3-max (real money) Seat #2 is the button
Seat 1: Chefe2 (385)
Seat 2: _SKR (515)
*** ANTE/BLINDS ***
_SKR posts small blind 15
Chefe2 posts big blind 30
Dealt to _SKR [7h Ad]
*** PRE-FLOP *** 
_SKR raises 485 to 515 and is all-in
Chefe2 folds
_SKR collected 545 from pot
*** SUMMARY ***
Total pot 545 | No rake
Seat 2: _SKR (small blind) (button) won 545


Winamax Poker - Tournament "Expresso Nitro" buyIn: 0.93€ + 0.07€ level: 2 - HandId: #2680053090123513857-10-1674049994 - Holdem no limit (15/30) - 2023/01/18 13:53:14 UTC
Table: 'Expresso Nitro(623998486)#0' 3-max (real money) Seat #1 is the button
Seat 1: Chefe2 (355)
Seat 2: _SKR (545)
*** ANTE/BLINDS ***
Chefe2 posts small blind 15
_SKR posts big blind 30
Dealt to _SKR [Js Qh]
*** PRE-FLOP *** 
Chefe2 folds
_SKR collected 45 from pot
*** SUMMARY ***
Total pot 45 | No rake
Seat 2: _SKR (big blind) won 45


Winamax Poker - Tournament "Expresso Nitro" buyIn: 0.93€ + 0.07€ level: 2 - HandId: #2680053090123513857-11-1674049999 - Holdem no limit (15/30) - 2023/01/18 13:53:19 UTC
Table: 'Expresso Nitro(623998486)#0' 3-max (real money) Seat #2 is the button
Seat 1: Chefe2 (340)
Seat 2: _SKR (560)
*** ANTE/BLINDS ***
_SKR posts small blind 15
Chefe2 posts big blind 30
Dealt to _SKR [Ad 8s]
*** PRE-FLOP *** 
_SKR raises 530 to 560 and is all-in
Chefe2 folds
_SKR collected 590 from pot
*** SUMMARY ***
Total pot 590 | No rake
Seat 2: _SKR (small blind) (button) won 590


Winamax Poker - Tournament "Expresso Nitro" buyIn: 0.93€ + 0.07€ level: 2 - HandId: #2680053090123513857-12-1674050005 - Holdem no limit (15/30) - 2023/01/18 13:53:25 UTC
Table: 'Expresso Nitro(623998486)#0' 3-max (real money) Seat #1 is the button
Seat 1: Chefe2 (310)
Seat 2: _SKR (590)
*** ANTE/BLINDS ***
Chefe2 posts small blind 15
_SKR posts big blind 30
Dealt to _SKR [6d 3h]
*** PRE-FLOP *** 
Chefe2 folds
_SKR collected 45 from pot
*** SUMMARY ***
Total pot 45 | No rake
Seat 2: _SKR (big blind) won 45


Winamax Poker - Tournament "Expresso Nitro" buyIn: 0.93€ + 0.07€ level: 3 - HandId: #2680053090123513857-13-1674050010 - Holdem no limit (20/40) - 2023/01/18 13:53:30 UTC
Table: 'Expresso Nitro(623998486)#0' 3-max (real money) Seat #2 is the button
Seat 1: Chefe2 (295)
Seat 2: _SKR (605)
*** ANTE/BLINDS ***
_SKR posts small blind 20
Chefe2 posts big blind 40
Dealt to _SKR [Ac 8s]
*** PRE-FLOP *** 
_SKR raises 565 to 605 and is all-in
Chefe2 calls 255 and is all-in
*** FLOP *** [7s 4d 8d]
*** TURN *** [7s 4d 8d][4h]
*** RIVER *** [7s 4d 8d 4h][Kh]
*** SHOW DOWN ***
Chefe2 shows [Kd Qs] (Two pairs : Kings and 4)
_SKR shows [Ac 8s] (Two pairs : 8 and 4)
_SKR collected 310 from side pot 1
Chefe2 collected 590 from main pot
*** SUMMARY ***
Total pot 900 | No rake
Board: [7s 4d 8d 4h Kh]
Seat 1: Chefe2 (big blind) showed [Kd Qs] and won 590 with Two pairs : Kings and 4
Seat 2: _SKR (small blind) (button) showed [Ac 8s] and won 310 with Two pairs : 8 and 4


Winamax Poker - Tournament "Expresso Nitro" buyIn: 0.93€ + 0.07€ level: 3 - HandId: #2680053090123513857-14-1674050021 - Holdem no limit (20/40) - 2023/01/18 13:53:41 UTC
Table: 'Expresso Nitro(623998486)#0' 3-max (real money) Seat #1 is the button
Seat 1: Chefe2 (590)
Seat 2: _SKR (310)
*** ANTE/BLINDS ***
Chefe2 posts small blind 20
_SKR posts big blind 40
Dealt to _SKR [8c Ac]
*** PRE-FLOP *** 
Chefe2 folds
_SKR collected 60 from pot
*** SUMMARY ***
Total pot 60 | No rake
Seat 2: _SKR (big blind) won 60


Winamax Poker - Tournament "Expresso Nitro" buyIn: 0.93€ + 0.07€ level: 3 - HandId: #2680053090123513857-15-1674050025 - Holdem no limit (20/40) - 2023/01/18 13:53:45 UTC
Table: 'Expresso Nitro(623998486)#0' 3-max (real money) Seat #2 is the button
Seat 1: Chefe2 (570)
Seat 2: _SKR (330)
*** ANTE/BLINDS ***
_SKR posts small blind 20
Chefe2 posts big blind 40
Dealt to _SKR [2c Qd]
*** PRE-FLOP *** 
_SKR folds
Chefe2 collected 60 from pot
*** SUMMARY ***
Total pot 60 | No rake
Seat 1: Chefe2 (big blind) won 60


Winamax Poker - Tournament "Expresso Nitro" buyIn: 0.93€ + 0.07€ level: 3 - HandId: #2680053090123513857-16-1674050028 - Holdem no limit (20/40) - 2023/01/18 13:53:48 UTC
Table: 'Expresso Nitro(623998486)#0' 3-max (real money) Seat #1 is the button
Seat 1: Chefe2 (590)
Seat 2: _SKR (310)
*** ANTE/BLINDS ***
Chefe2 posts small blind 20
_SKR posts big blind 40
Dealt to _SKR [Kd 8s]
*** PRE-FLOP *** 
Chefe2 raises 550 to 590 and is all-in
_SKR calls 270 and is all-in
*** FLOP *** [6c Ad Jh]
*** TURN *** [6c Ad Jh][3h]
*** RIVER *** [6c Ad Jh 3h][Qc]
*** SHOW DOWN ***
_SKR shows [Kd 8s] (High card : Ace)
Chefe2 shows [Ah 9d] (One pair : Aces)
Chefe2 collected 900 from pot
*** SUMMARY ***
Total pot 900 | No rake
Board: [6c Ad Jh 3h Qc]
Seat 1: Chefe2 (small blind) (button) showed [Ah 9d] and won 900 with One pair : Aces
Seat 2: _SKR (big blind) showed [Kd 8s] and lost with High card : Ace


