Winamax Poker - Tournament "Expresso Nitro" buyIn: 0.93€ + 0.07€ level: 1 - HandId: #2729121094320521217-1-1676901649 - Holdem no limit (10/20) - 2023/02/20 14:00:49 UTC
Table: 'Expresso Nitro(635423021)#0' 3-max (real money) Seat #1 is the button
Seat 1: T ofti (300)
Seat 2: _SKR (300)
Seat 3: Mano.xxx (300)
*** ANTE/BLINDS ***
_SKR posts small blind 10
Mano.xxx posts big blind 20
Dealt to _SKR [8s 6d]
*** PRE-FLOP *** 
T ofti folds
_SKR folds
Mano.xxx collected 30 from pot
*** SUMMARY ***
Total pot 30 | No rake
Seat 3: Mano.xxx (big blind) won 30


Winamax Poker - Tournament "Expresso Nitro" buyIn: 0.93€ + 0.07€ level: 1 - HandId: #2729121094320521217-2-1676901658 - Holdem no limit (10/20) - 2023/02/20 14:00:58 UTC
Table: 'Expresso Nitro(635423021)#0' 3-max (real money) Seat #2 is the button
Seat 1: T ofti (300)
Seat 2: _SKR (290)
Seat 3: Mano.xxx (310)
*** ANTE/BLINDS ***
Mano.xxx posts small blind 10
T ofti posts big blind 20
Dealt to _SKR [2h 3s]
*** PRE-FLOP *** 
_SKR folds
Mano.xxx calls 10
T ofti checks
*** FLOP *** [Jh 2c 9s]
Mano.xxx checks
T ofti checks
*** TURN *** [Jh 2c 9s][3d]
Mano.xxx checks
T ofti bets 40
Mano.xxx folds
T ofti collected 80 from pot
*** SUMMARY ***
Total pot 80 | No rake
Board: [Jh 2c 9s 3d]
Seat 1: T ofti (big blind) won 80


Winamax Poker - Tournament "Expresso Nitro" buyIn: 0.93€ + 0.07€ level: 1 - HandId: #2729121094320521217-3-1676901684 - Holdem no limit (10/20) - 2023/02/20 14:01:24 UTC
Table: 'Expresso Nitro(635423021)#0' 3-max (real money) Seat #3 is the button
Seat 1: T ofti (320)
Seat 2: _SKR (290)
Seat 3: Mano.xxx (290)
*** ANTE/BLINDS ***
T ofti posts small blind 10
_SKR posts big blind 20
Dealt to _SKR [3c Kh]
*** PRE-FLOP *** 
Mano.xxx calls 20
T ofti calls 10
_SKR checks
*** FLOP *** [9c Ks Jh]
T ofti checks
_SKR checks
Mano.xxx checks
*** TURN *** [9c Ks Jh][9d]
T ofti checks
_SKR checks
Mano.xxx checks
*** RIVER *** [9c Ks Jh 9d][8c]
T ofti checks
_SKR checks
Mano.xxx checks
*** SHOW DOWN ***
T ofti shows [6s 2s] (One pair : 9)
Mano.xxx shows [Ah 2d] (One pair : 9)
_SKR shows [3c Kh] (Two pairs : Kings and 9)
_SKR collected 60 from pot
*** SUMMARY ***
Total pot 60 | No rake
Board: [9c Ks Jh 9d 8c]
Seat 1: T ofti (small blind) showed [6s 2s] and lost with One pair : 9
Seat 2: _SKR (big blind) showed [3c Kh] and won 60 with Two pairs : Kings and 9
Seat 3: Mano.xxx (button) showed [Ah 2d] and lost with One pair : 9


Winamax Poker - Tournament "Expresso Nitro" buyIn: 0.93€ + 0.07€ level: 2 - HandId: #2729121094320521217-4-1676901731 - Holdem no limit (15/30) - 2023/02/20 14:02:11 UTC
Table: 'Expresso Nitro(635423021)#0' 3-max (real money) Seat #1 is the button
Seat 1: T ofti (300)
Seat 2: _SKR (330)
Seat 3: Mano.xxx (270)
*** ANTE/BLINDS ***
_SKR posts small blind 15
Mano.xxx posts big blind 30
Dealt to _SKR [3h 5d]
*** PRE-FLOP *** 
T ofti folds
_SKR folds
Mano.xxx collected 45 from pot
*** SUMMARY ***
Total pot 45 | No rake
Seat 3: Mano.xxx (big blind) won 45


Winamax Poker - Tournament "Expresso Nitro" buyIn: 0.93€ + 0.07€ level: 2 - HandId: #2729121094320521217-5-1676901741 - Holdem no limit (15/30) - 2023/02/20 14:02:21 UTC
Table: 'Expresso Nitro(635423021)#0' 3-max (real money) Seat #2 is the button
Seat 1: T ofti (300)
Seat 2: _SKR (315)
Seat 3: Mano.xxx (285)
*** ANTE/BLINDS ***
Mano.xxx posts small blind 15
T ofti posts big blind 30
Dealt to _SKR [7d 9c]
*** PRE-FLOP *** 
_SKR folds
Mano.xxx raises 255 to 285 and is all-in
T ofti folds
Mano.xxx collected 315 from pot
*** SUMMARY ***
Total pot 315 | No rake
Seat 3: Mano.xxx (small blind) won 315


Winamax Poker - Tournament "Expresso Nitro" buyIn: 0.93€ + 0.07€ level: 2 - HandId: #2729121094320521217-6-1676901752 - Holdem no limit (15/30) - 2023/02/20 14:02:32 UTC
Table: 'Expresso Nitro(635423021)#0' 3-max (real money) Seat #3 is the button
Seat 1: T ofti (270)
Seat 2: _SKR (315)
Seat 3: Mano.xxx (315)
*** ANTE/BLINDS ***
T ofti posts small blind 15
_SKR posts big blind 30
Dealt to _SKR [3s 2d]
*** PRE-FLOP *** 
Mano.xxx calls 30
T ofti calls 15
_SKR checks
*** FLOP *** [6s Qc 9d]
T ofti checks
_SKR checks
Mano.xxx checks
*** TURN *** [6s Qc 9d][8d]
T ofti bets 90
_SKR folds
Mano.xxx calls 90
*** RIVER *** [6s Qc 9d 8d][2h]
T ofti bets 95
Mano.xxx folds
T ofti collected 365 from pot
*** SUMMARY ***
Total pot 365 | No rake
Board: [6s Qc 9d 8d 2h]
Seat 1: T ofti (small blind) won 365


Winamax Poker - Tournament "Expresso Nitro" buyIn: 0.93€ + 0.07€ level: 3 - HandId: #2729121094320521217-7-1676901799 - Holdem no limit (20/40) - 2023/02/20 14:03:19 UTC
Table: 'Expresso Nitro(635423021)#0' 3-max (real money) Seat #1 is the button
Seat 1: T ofti (420)
Seat 2: _SKR (285)
Seat 3: Mano.xxx (195)
*** ANTE/BLINDS ***
_SKR posts small blind 20
Mano.xxx posts big blind 40
Dealt to _SKR [Qd 5d]
*** PRE-FLOP *** 
T ofti folds
_SKR raises 245 to 285 and is all-in
Mano.xxx calls 155 and is all-in
*** FLOP *** [Ah 7c 3d]
*** TURN *** [Ah 7c 3d][Qh]
*** RIVER *** [Ah 7c 3d Qh][3h]
*** SHOW DOWN ***
Mano.xxx shows [7d 9d] (Two pairs : 7 and 3)
_SKR shows [Qd 5d] (Two pairs : Queens and 3)
_SKR collected 480 from pot
*** SUMMARY ***
Total pot 480 | No rake
Board: [Ah 7c 3d Qh 3h]
Seat 2: _SKR (small blind) showed [Qd 5d] and won 480 with Two pairs : Queens and 3
Seat 3: Mano.xxx (big blind) showed [7d 9d] and lost with Two pairs : 7 and 3


Winamax Poker - Tournament "Expresso Nitro" buyIn: 0.93€ + 0.07€ level: 3 - HandId: #2729121094320521217-8-1676901820 - Holdem no limit (20/40) - 2023/02/20 14:03:40 UTC
Table: 'Expresso Nitro(635423021)#0' 3-max (real money) Seat #1 is the button
Seat 1: T ofti (420)
Seat 2: _SKR (480)
*** ANTE/BLINDS ***
T ofti posts small blind 20
_SKR posts big blind 40
Dealt to _SKR [4h 9d]
*** PRE-FLOP *** 
T ofti raises 40 to 80
_SKR folds
T ofti collected 120 from pot
*** SUMMARY ***
Total pot 120 | No rake
Seat 1: T ofti (small blind) (button) won 120


Winamax Poker - Tournament "Expresso Nitro" buyIn: 0.93€ + 0.07€ level: 4 - HandId: #2729121094320521217-9-1676901825 - Holdem no limit (30/60) - 2023/02/20 14:03:45 UTC
Table: 'Expresso Nitro(635423021)#0' 3-max (real money) Seat #2 is the button
Seat 1: T ofti (460)
Seat 2: _SKR (440)
*** ANTE/BLINDS ***
_SKR posts small blind 30
T ofti posts big blind 60
Dealt to _SKR [5s 2d]
*** PRE-FLOP *** 
_SKR folds
T ofti collected 90 from pot
*** SUMMARY ***
Total pot 90 | No rake
Seat 1: T ofti (big blind) won 90


Winamax Poker - Tournament "Expresso Nitro" buyIn: 0.93€ + 0.07€ level: 4 - HandId: #2729121094320521217-10-1676901829 - Holdem no limit (30/60) - 2023/02/20 14:03:49 UTC
Table: 'Expresso Nitro(635423021)#0' 3-max (real money) Seat #1 is the button
Seat 1: T ofti (490)
Seat 2: _SKR (410)
*** ANTE/BLINDS ***
T ofti posts small blind 30
_SKR posts big blind 60
Dealt to _SKR [9h Ks]
*** PRE-FLOP *** 
T ofti calls 30
_SKR raises 350 to 410 and is all-in
T ofti folds
_SKR collected 470 from pot
*** SUMMARY ***
Total pot 470 | No rake
Seat 2: _SKR (big blind) won 470


Winamax Poker - Tournament "Expresso Nitro" buyIn: 0.93€ + 0.07€ level: 4 - HandId: #2729121094320521217-11-1676901837 - Holdem no limit (30/60) - 2023/02/20 14:03:57 UTC
Table: 'Expresso Nitro(635423021)#0' 3-max (real money) Seat #2 is the button
Seat 1: T ofti (430)
Seat 2: _SKR (470)
*** ANTE/BLINDS ***
_SKR posts small blind 30
T ofti posts big blind 60
Dealt to _SKR [Jc Js]
*** PRE-FLOP *** 
_SKR raises 410 to 470 and is all-in
T ofti folds
_SKR collected 530 from pot
*** SUMMARY ***
Total pot 530 | No rake
Seat 2: _SKR (small blind) (button) won 530


Winamax Poker - Tournament "Expresso Nitro" buyIn: 0.93€ + 0.07€ level: 4 - HandId: #2729121094320521217-12-1676901842 - Holdem no limit (30/60) - 2023/02/20 14:04:02 UTC
Table: 'Expresso Nitro(635423021)#0' 3-max (real money) Seat #1 is the button
Seat 1: T ofti (370)
Seat 2: _SKR (530)
*** ANTE/BLINDS ***
T ofti posts small blind 30
_SKR posts big blind 60
Dealt to _SKR [7d 2c]
*** PRE-FLOP *** 
T ofti calls 30
_SKR checks
*** FLOP *** [7c 5s 2d]
_SKR checks
T ofti bets 78
_SKR calls 78
*** TURN *** [7c 5s 2d][8c]
_SKR checks
T ofti bets 179
_SKR calls 179
*** RIVER *** [7c 5s 2d 8c][4h]
_SKR checks
T ofti checks
*** SHOW DOWN ***
T ofti shows [9d As] (High card : Ace)
_SKR shows [7d 2c] (Two pairs : 7 and 2)
_SKR collected 634 from pot
*** SUMMARY ***
Total pot 634 | No rake
Board: [7c 5s 2d 8c 4h]
Seat 1: T ofti (small blind) (button) showed [9d As] and lost with High card : Ace
Seat 2: _SKR (big blind) showed [7d 2c] and won 634 with Two pairs : 7 and 2


Winamax Poker - Tournament "Expresso Nitro" buyIn: 0.93€ + 0.07€ level: 5 - HandId: #2729121094320521217-13-1676901888 - Holdem no limit (40/80) - 2023/02/20 14:04:48 UTC
Table: 'Expresso Nitro(635423021)#0' 3-max (real money) Seat #2 is the button
Seat 1: T ofti (53)
Seat 2: _SKR (847)
*** ANTE/BLINDS ***
_SKR posts small blind 40
T ofti posts big blind 53 and is all-in
Dealt to _SKR [9c 2s]
*** PRE-FLOP *** 
_SKR calls 40
*** FLOP *** [6d Qc 4c]
*** TURN *** [6d Qc 4c][Td]
*** RIVER *** [6d Qc 4c Td][2d]
*** SHOW DOWN ***
T ofti shows [2c 3d] (One pair : 2)
_SKR shows [9c 2s] (One pair : 2)
_SKR collected 133 from pot
*** SUMMARY ***
Total pot 133 | No rake
Board: [6d Qc 4c Td 2d]
Seat 1: T ofti (big blind) showed [2c 3d] and lost with One pair : 2
Seat 2: _SKR (small blind) (button) showed [9c 2s] and won 133 with One pair : 2


