Winamax Poker - Tournament "Expresso Nitro" buyIn: 0.93€ + 0.07€ level: 1 - HandId: #2689863220629340161-1-1674656391 - Holdem no limit (10/20) - 2023/01/25 14:19:51 UTC
Table: 'Expresso Nitro(626282585)#0' 3-max (real money) Seat #3 is the button
Seat 1: kinoeil02 (300)
Seat 2: Chipss59 (300)
Seat 3: _SKR (300)
*** ANTE/BLINDS ***
kinoeil02 posts small blind 10
Chipss59 posts big blind 20
Dealt to _SKR [3d 9d]
*** PRE-FLOP *** 
_SKR folds
kinoeil02 raises 280 to 300 and is all-in
Chipss59 folds
kinoeil02 collected 320 from pot
*** SUMMARY ***
Total pot 320 | No rake
Seat 1: kinoeil02 (small blind) won 320


Winamax Poker - Tournament "Expresso Nitro" buyIn: 0.93€ + 0.07€ level: 1 - HandId: #2689863220629340161-2-1674656402 - Holdem no limit (10/20) - 2023/01/25 14:20:02 UTC
Table: 'Expresso Nitro(626282585)#0' 3-max (real money) Seat #1 is the button
Seat 1: kinoeil02 (320)
Seat 2: Chipss59 (280)
Seat 3: _SKR (300)
*** ANTE/BLINDS ***
Chipss59 posts small blind 10
_SKR posts big blind 20
Dealt to _SKR [7c 7h]
*** PRE-FLOP *** 
kinoeil02 raises 300 to 320 and is all-in
Chipss59 folds
_SKR calls 280 and is all-in
*** FLOP *** [3d 8d Kc]
*** TURN *** [3d 8d Kc][7s]
*** RIVER *** [3d 8d Kc 7s][Qh]
*** SHOW DOWN ***
kinoeil02 shows [Td 3h] (One pair : 3)
_SKR shows [7c 7h] (Trips of 7)
_SKR collected 610 from main pot
kinoeil02 collected 20 from side pot 1
*** SUMMARY ***
Total pot 630 | No rake
Board: [3d 8d Kc 7s Qh]
Seat 1: kinoeil02 (button) showed [Td 3h] and won 20 with One pair : 3
Seat 3: _SKR (big blind) showed [7c 7h] and won 610 with Trips of 7


Winamax Poker - Tournament "Expresso Nitro" buyIn: 0.93€ + 0.07€ level: 1 - HandId: #2689863220629340161-3-1674656415 - Holdem no limit (10/20) - 2023/01/25 14:20:15 UTC
Table: 'Expresso Nitro(626282585)#0' 3-max (real money) Seat #2 is the button
Seat 1: kinoeil02 (20)
Seat 2: Chipss59 (270)
Seat 3: _SKR (610)
*** ANTE/BLINDS ***
_SKR posts small blind 10
kinoeil02 posts big blind 20 and is all-in
Dealt to _SKR [3h Ks]
*** PRE-FLOP *** 
Chipss59 raises 40 to 60
_SKR folds
*** FLOP *** [2s Qd Kc]
*** TURN *** [2s Qd Kc][3d]
*** RIVER *** [2s Qd Kc 3d][6s]
*** SHOW DOWN ***
kinoeil02 shows [5h Kh] (One pair : Kings)
Chipss59 shows [8c 8d] (One pair : 8)
Chipss59 collected 40 from side pot 1
kinoeil02 collected 50 from main pot
*** SUMMARY ***
Total pot 90 | No rake
Board: [2s Qd Kc 3d 6s]
Seat 1: kinoeil02 (big blind) showed [5h Kh] and won 50 with One pair : Kings
Seat 2: Chipss59 (button) showed [8c 8d] and won 40 with One pair : 8


Winamax Poker - Tournament "Expresso Nitro" buyIn: 0.93€ + 0.07€ level: 1 - HandId: #2689863220629340161-4-1674656430 - Holdem no limit (10/20) - 2023/01/25 14:20:30 UTC
Table: 'Expresso Nitro(626282585)#0' 3-max (real money) Seat #3 is the button
Seat 1: kinoeil02 (50)
Seat 2: Chipss59 (250)
Seat 3: _SKR (600)
*** ANTE/BLINDS ***
kinoeil02 posts small blind 10
Chipss59 posts big blind 20
Dealt to _SKR [8c Th]
*** PRE-FLOP *** 
_SKR folds
kinoeil02 raises 30 to 50 and is all-in
Chipss59 raises 30 to 80
*** FLOP *** [Td 7c 9h]
*** TURN *** [Td 7c 9h][Kc]
*** RIVER *** [Td 7c 9h Kc][6s]
*** SHOW DOWN ***
kinoeil02 shows [Jc Qd] (Straight King high)
Chipss59 shows [Ts Ad] (One pair : Tens)
Chipss59 collected 30 from side pot 1
kinoeil02 collected 100 from main pot
*** SUMMARY ***
Total pot 130 | No rake
Board: [Td 7c 9h Kc 6s]
Seat 1: kinoeil02 (small blind) showed [Jc Qd] and won 100 with Straight King high
Seat 2: Chipss59 (big blind) showed [Ts Ad] and won 30 with One pair : Tens


Winamax Poker - Tournament "Expresso Nitro" buyIn: 0.93€ + 0.07€ level: 1 - HandId: #2689863220629340161-5-1674656443 - Holdem no limit (10/20) - 2023/01/25 14:20:43 UTC
Table: 'Expresso Nitro(626282585)#0' 3-max (real money) Seat #1 is the button
Seat 1: kinoeil02 (100)
Seat 2: Chipss59 (200)
Seat 3: _SKR (600)
*** ANTE/BLINDS ***
Chipss59 posts small blind 10
_SKR posts big blind 20
Dealt to _SKR [Tc Qd]
*** PRE-FLOP *** 
kinoeil02 raises 80 to 100 and is all-in
Chipss59 folds
_SKR calls 80
*** FLOP *** [9c Kd Qs]
*** TURN *** [9c Kd Qs][2s]
*** RIVER *** [9c Kd Qs 2s][7d]
*** SHOW DOWN ***
kinoeil02 shows [Td 9s] (One pair : 9)
_SKR shows [Tc Qd] (One pair : Queens)
_SKR collected 210 from pot
*** SUMMARY ***
Total pot 210 | No rake
Board: [9c Kd Qs 2s 7d]
Seat 1: kinoeil02 (button) showed [Td 9s] and lost with One pair : 9
Seat 3: _SKR (big blind) showed [Tc Qd] and won 210 with One pair : Queens


Winamax Poker - Tournament "Expresso Nitro" buyIn: 0.93€ + 0.07€ level: 2 - HandId: #2689863220629340161-6-1674656459 - Holdem no limit (15/30) - 2023/01/25 14:20:59 UTC
Table: 'Expresso Nitro(626282585)#0' 3-max (real money) Seat #3 is the button
Seat 2: Chipss59 (190)
Seat 3: _SKR (710)
*** ANTE/BLINDS ***
_SKR posts small blind 15
Chipss59 posts big blind 30
Dealt to _SKR [2h Th]
*** PRE-FLOP *** 
_SKR folds
Chipss59 collected 45 from pot
*** SUMMARY ***
Total pot 45 | No rake
Seat 2: Chipss59 (big blind) won 45


Winamax Poker - Tournament "Expresso Nitro" buyIn: 0.93€ + 0.07€ level: 2 - HandId: #2689863220629340161-7-1674656470 - Holdem no limit (15/30) - 2023/01/25 14:21:10 UTC
Table: 'Expresso Nitro(626282585)#0' 3-max (real money) Seat #2 is the button
Seat 2: Chipss59 (205)
Seat 3: _SKR (695)
*** ANTE/BLINDS ***
Chipss59 posts small blind 15
_SKR posts big blind 30
Dealt to _SKR [9h Tc]
*** PRE-FLOP *** 
Chipss59 folds
_SKR collected 45 from pot
*** SUMMARY ***
Total pot 45 | No rake
Seat 3: _SKR (big blind) won 45


Winamax Poker - Tournament "Expresso Nitro" buyIn: 0.93€ + 0.07€ level: 2 - HandId: #2689863220629340161-8-1674656473 - Holdem no limit (15/30) - 2023/01/25 14:21:13 UTC
Table: 'Expresso Nitro(626282585)#0' 3-max (real money) Seat #3 is the button
Seat 2: Chipss59 (190)
Seat 3: _SKR (710)
*** ANTE/BLINDS ***
_SKR posts small blind 15
Chipss59 posts big blind 30
Dealt to _SKR [3c Kc]
*** PRE-FLOP *** 
_SKR raises 680 to 710 and is all-in
Chipss59 folds
_SKR collected 740 from pot
*** SUMMARY ***
Total pot 740 | No rake
Seat 3: _SKR (small blind) (button) won 740


Winamax Poker - Tournament "Expresso Nitro" buyIn: 0.93€ + 0.07€ level: 2 - HandId: #2689863220629340161-9-1674656483 - Holdem no limit (15/30) - 2023/01/25 14:21:23 UTC
Table: 'Expresso Nitro(626282585)#0' 3-max (real money) Seat #2 is the button
Seat 2: Chipss59 (160)
Seat 3: _SKR (740)
*** ANTE/BLINDS ***
Chipss59 posts small blind 15
_SKR posts big blind 30
Dealt to _SKR [Kh 8c]
*** PRE-FLOP *** 
Chipss59 raises 130 to 160 and is all-in
_SKR calls 130
*** FLOP *** [6h 2d 4c]
*** TURN *** [6h 2d 4c][4s]
*** RIVER *** [6h 2d 4c 4s][3c]
*** SHOW DOWN ***
_SKR shows [Kh 8c] (One pair : 4)
Chipss59 shows [Ah 5s] (Straight 6 high)
Chipss59 collected 320 from pot
*** SUMMARY ***
Total pot 320 | No rake
Board: [6h 2d 4c 4s 3c]
Seat 2: Chipss59 (small blind) (button) showed [Ah 5s] and won 320 with Straight 6 high
Seat 3: _SKR (big blind) showed [Kh 8c] and lost with One pair : 4


Winamax Poker - Tournament "Expresso Nitro" buyIn: 0.93€ + 0.07€ level: 2 - HandId: #2689863220629340161-10-1674656496 - Holdem no limit (15/30) - 2023/01/25 14:21:36 UTC
Table: 'Expresso Nitro(626282585)#0' 3-max (real money) Seat #3 is the button
Seat 2: Chipss59 (320)
Seat 3: _SKR (580)
*** ANTE/BLINDS ***
_SKR posts small blind 15
Chipss59 posts big blind 30
Dealt to _SKR [9c Jc]
*** PRE-FLOP *** 
_SKR raises 550 to 580 and is all-in
Chipss59 folds
_SKR collected 610 from pot
*** SUMMARY ***
Total pot 610 | No rake
Seat 3: _SKR (small blind) (button) won 610


Winamax Poker - Tournament "Expresso Nitro" buyIn: 0.93€ + 0.07€ level: 2 - HandId: #2689863220629340161-11-1674656501 - Holdem no limit (15/30) - 2023/01/25 14:21:41 UTC
Table: 'Expresso Nitro(626282585)#0' 3-max (real money) Seat #2 is the button
Seat 2: Chipss59 (290)
Seat 3: _SKR (610)
*** ANTE/BLINDS ***
Chipss59 posts small blind 15
_SKR posts big blind 30
Dealt to _SKR [2h Jc]
*** PRE-FLOP *** 
Chipss59 raises 260 to 290 and is all-in
_SKR folds
Chipss59 collected 320 from pot
*** SUMMARY ***
Total pot 320 | No rake
Seat 2: Chipss59 (small blind) (button) won 320


Winamax Poker - Tournament "Expresso Nitro" buyIn: 0.93€ + 0.07€ level: 2 - HandId: #2689863220629340161-12-1674656506 - Holdem no limit (15/30) - 2023/01/25 14:21:46 UTC
Table: 'Expresso Nitro(626282585)#0' 3-max (real money) Seat #3 is the button
Seat 2: Chipss59 (320)
Seat 3: _SKR (580)
*** ANTE/BLINDS ***
_SKR posts small blind 15
Chipss59 posts big blind 30
Dealt to _SKR [5d 8h]
*** PRE-FLOP *** 
_SKR folds
Chipss59 collected 45 from pot
*** SUMMARY ***
Total pot 45 | No rake
Seat 2: Chipss59 (big blind) won 45


Winamax Poker - Tournament "Expresso Nitro" buyIn: 0.93€ + 0.07€ level: 3 - HandId: #2689863220629340161-13-1674656510 - Holdem no limit (20/40) - 2023/01/25 14:21:50 UTC
Table: 'Expresso Nitro(626282585)#0' 3-max (real money) Seat #2 is the button
Seat 2: Chipss59 (335)
Seat 3: _SKR (565)
*** ANTE/BLINDS ***
Chipss59 posts small blind 20
_SKR posts big blind 40
Dealt to _SKR [Kd 3h]
*** PRE-FLOP *** 
Chipss59 calls 20
_SKR checks
*** FLOP *** [Th Jd 4s]
_SKR checks
Chipss59 checks
*** TURN *** [Th Jd 4s][2c]
_SKR checks
Chipss59 bets 40
_SKR folds
Chipss59 collected 120 from pot
*** SUMMARY ***
Total pot 120 | No rake
Board: [Th Jd 4s 2c]
Seat 2: Chipss59 (small blind) (button) won 120


Winamax Poker - Tournament "Expresso Nitro" buyIn: 0.93€ + 0.07€ level: 3 - HandId: #2689863220629340161-14-1674656527 - Holdem no limit (20/40) - 2023/01/25 14:22:07 UTC
Table: 'Expresso Nitro(626282585)#0' 3-max (real money) Seat #3 is the button
Seat 2: Chipss59 (375)
Seat 3: _SKR (525)
*** ANTE/BLINDS ***
_SKR posts small blind 20
Chipss59 posts big blind 40
Dealt to _SKR [8c 9d]
*** PRE-FLOP *** 
_SKR folds
Chipss59 collected 60 from pot
*** SUMMARY ***
Total pot 60 | No rake
Seat 2: Chipss59 (big blind) won 60


Winamax Poker - Tournament "Expresso Nitro" buyIn: 0.93€ + 0.07€ level: 3 - HandId: #2689863220629340161-15-1674656531 - Holdem no limit (20/40) - 2023/01/25 14:22:11 UTC
Table: 'Expresso Nitro(626282585)#0' 3-max (real money) Seat #2 is the button
Seat 2: Chipss59 (395)
Seat 3: _SKR (505)
*** ANTE/BLINDS ***
Chipss59 posts small blind 20
_SKR posts big blind 40
Dealt to _SKR [Td 9c]
*** PRE-FLOP *** 
Chipss59 calls 20
_SKR checks
*** FLOP *** [Qs 2c 5c]
_SKR checks
Chipss59 checks
*** TURN *** [Qs 2c 5c][3c]
_SKR bets 52
Chipss59 folds
_SKR collected 132 from pot
*** SUMMARY ***
Total pot 132 | No rake
Board: [Qs 2c 5c 3c]
Seat 3: _SKR (big blind) won 132


Winamax Poker - Tournament "Expresso Nitro" buyIn: 0.93€ + 0.07€ level: 3 - HandId: #2689863220629340161-16-1674656540 - Holdem no limit (20/40) - 2023/01/25 14:22:20 UTC
Table: 'Expresso Nitro(626282585)#0' 3-max (real money) Seat #3 is the button
Seat 2: Chipss59 (355)
Seat 3: _SKR (545)
*** ANTE/BLINDS ***
_SKR posts small blind 20
Chipss59 posts big blind 40
Dealt to _SKR [6c Tc]
*** PRE-FLOP *** 
_SKR folds
Chipss59 collected 60 from pot
*** SUMMARY ***
Total pot 60 | No rake
Seat 2: Chipss59 (big blind) won 60


Winamax Poker - Tournament "Expresso Nitro" buyIn: 0.93€ + 0.07€ level: 3 - HandId: #2689863220629340161-17-1674656543 - Holdem no limit (20/40) - 2023/01/25 14:22:23 UTC
Table: 'Expresso Nitro(626282585)#0' 3-max (real money) Seat #2 is the button
Seat 2: Chipss59 (375)
Seat 3: _SKR (525)
*** ANTE/BLINDS ***
Chipss59 posts small blind 20
_SKR posts big blind 40
Dealt to _SKR [7s Qh]
*** PRE-FLOP *** 
Chipss59 calls 20
_SKR raises 485 to 525 and is all-in
Chipss59 folds
_SKR collected 565 from pot
*** SUMMARY ***
Total pot 565 | No rake
Seat 3: _SKR (big blind) won 565


Winamax Poker - Tournament "Expresso Nitro" buyIn: 0.93€ + 0.07€ level: 3 - HandId: #2689863220629340161-18-1674656550 - Holdem no limit (20/40) - 2023/01/25 14:22:30 UTC
Table: 'Expresso Nitro(626282585)#0' 3-max (real money) Seat #3 is the button
Seat 2: Chipss59 (335)
Seat 3: _SKR (565)
*** ANTE/BLINDS ***
_SKR posts small blind 20
Chipss59 posts big blind 40
Dealt to _SKR [4d 5d]
*** PRE-FLOP *** 
_SKR folds
Chipss59 collected 60 from pot
*** SUMMARY ***
Total pot 60 | No rake
Seat 2: Chipss59 (big blind) won 60


Winamax Poker - Tournament "Expresso Nitro" buyIn: 0.93€ + 0.07€ level: 3 - HandId: #2689863220629340161-19-1674656556 - Holdem no limit (20/40) - 2023/01/25 14:22:36 UTC
Table: 'Expresso Nitro(626282585)#0' 3-max (real money) Seat #2 is the button
Seat 2: Chipss59 (355)
Seat 3: _SKR (545)
*** ANTE/BLINDS ***
Chipss59 posts small blind 20
_SKR posts big blind 40
Dealt to _SKR [2d 6s]
*** PRE-FLOP *** 
Chipss59 calls 20
_SKR checks
*** FLOP *** [Qd 4s 6c]
_SKR checks
Chipss59 bets 40
_SKR folds
Chipss59 collected 120 from pot
*** SUMMARY ***
Total pot 120 | No rake
Board: [Qd 4s 6c]
Seat 2: Chipss59 (small blind) (button) won 120


Winamax Poker - Tournament "Expresso Nitro" buyIn: 0.93€ + 0.07€ level: 4 - HandId: #2689863220629340161-20-1674656575 - Holdem no limit (30/60) - 2023/01/25 14:22:55 UTC
Table: 'Expresso Nitro(626282585)#0' 3-max (real money) Seat #3 is the button
Seat 2: Chipss59 (395)
Seat 3: _SKR (505)
*** ANTE/BLINDS ***
_SKR posts small blind 30
Chipss59 posts big blind 60
Dealt to _SKR [Js Kd]
*** PRE-FLOP *** 
_SKR raises 445 to 505 and is all-in
Chipss59 calls 335 and is all-in
*** FLOP *** [7s 8h 2c]
*** TURN *** [7s 8h 2c][Qd]
*** RIVER *** [7s 8h 2c Qd][Kh]
*** SHOW DOWN ***
Chipss59 shows [9c 9d] (One pair : 9)
_SKR shows [Js Kd] (One pair : Kings)
_SKR collected 900 from pot
*** SUMMARY ***
Total pot 900 | No rake
Board: [7s 8h 2c Qd Kh]
Seat 2: Chipss59 (big blind) showed [9c 9d] and lost with One pair : 9
Seat 3: _SKR (small blind) (button) showed [Js Kd] and won 900 with One pair : Kings


