Winamax Poker - Tournament "Expresso Nitro" buyIn: 1.86€ + 0.14€ level: 1 - HandId: #2696648233869901825-1-1675091614 - Holdem no limit (10/20) - 2023/01/30 15:13:34 UTC
Table: 'Expresso Nitro(627862344)#0' 3-max (real money) Seat #1 is the button
Seat 1: _SKR (300)
Seat 2: fistonpayesa (300)
Seat 3: Sayerclemili (300)
*** ANTE/BLINDS ***
fistonpayesa posts small blind 10
Sayerclemili posts big blind 20
Dealt to _SKR [Td 9c]
*** PRE-FLOP *** 
_SKR folds
fistonpayesa folds
Sayerclemili collected 30 from pot
*** SUMMARY ***
Total pot 30 | No rake
Seat 3: Sayerclemili (big blind) won 30


Winamax Poker - Tournament "Expresso Nitro" buyIn: 1.86€ + 0.14€ level: 1 - HandId: #2696648233869901825-2-1675091618 - Holdem no limit (10/20) - 2023/01/30 15:13:38 UTC
Table: 'Expresso Nitro(627862344)#0' 3-max (real money) Seat #2 is the button
Seat 1: _SKR (300)
Seat 2: fistonpayesa (290)
Seat 3: Sayerclemili (310)
*** ANTE/BLINDS ***
Sayerclemili posts small blind 10
_SKR posts big blind 20
Dealt to _SKR [9d Tc]
*** PRE-FLOP *** 
fistonpayesa calls 20
Sayerclemili calls 10
_SKR checks
*** FLOP *** [9c 4s 5s]
Sayerclemili checks
_SKR checks
fistonpayesa bets 20
Sayerclemili folds
_SKR raises 260 to 280 and is all-in
fistonpayesa folds
_SKR collected 360 from pot
*** SUMMARY ***
Total pot 360 | No rake
Board: [9c 4s 5s]
Seat 1: _SKR (big blind) won 360


Winamax Poker - Tournament "Expresso Nitro" buyIn: 1.86€ + 0.14€ level: 1 - HandId: #2696648233869901825-3-1675091638 - Holdem no limit (10/20) - 2023/01/30 15:13:58 UTC
Table: 'Expresso Nitro(627862344)#0' 3-max (real money) Seat #3 is the button
Seat 1: _SKR (360)
Seat 2: fistonpayesa (250)
Seat 3: Sayerclemili (290)
*** ANTE/BLINDS ***
_SKR posts small blind 10
fistonpayesa posts big blind 20
Dealt to _SKR [Qd 2s]
*** PRE-FLOP *** 
Sayerclemili folds
_SKR folds
fistonpayesa collected 30 from pot
*** SUMMARY ***
Total pot 30 | No rake
Seat 2: fistonpayesa (big blind) won 30


Winamax Poker - Tournament "Expresso Nitro" buyIn: 1.86€ + 0.14€ level: 1 - HandId: #2696648233869901825-4-1675091642 - Holdem no limit (10/20) - 2023/01/30 15:14:02 UTC
Table: 'Expresso Nitro(627862344)#0' 3-max (real money) Seat #1 is the button
Seat 1: _SKR (350)
Seat 2: fistonpayesa (260)
Seat 3: Sayerclemili (290)
*** ANTE/BLINDS ***
fistonpayesa posts small blind 10
Sayerclemili posts big blind 20
Dealt to _SKR [Ah Ts]
*** PRE-FLOP *** 
_SKR raises 330 to 350 and is all-in
fistonpayesa folds
Sayerclemili folds
_SKR collected 380 from pot
*** SUMMARY ***
Total pot 380 | No rake
Seat 1: _SKR (button) won 380


Winamax Poker - Tournament "Expresso Nitro" buyIn: 1.86€ + 0.14€ level: 1 - HandId: #2696648233869901825-5-1675091652 - Holdem no limit (10/20) - 2023/01/30 15:14:12 UTC
Table: 'Expresso Nitro(627862344)#0' 3-max (real money) Seat #2 is the button
Seat 1: _SKR (380)
Seat 2: fistonpayesa (250)
Seat 3: Sayerclemili (270)
*** ANTE/BLINDS ***
Sayerclemili posts small blind 10
_SKR posts big blind 20
Dealt to _SKR [Jd 2c]
*** PRE-FLOP *** 
fistonpayesa calls 20
Sayerclemili calls 10
_SKR checks
*** FLOP *** [9s Jc Qh]
Sayerclemili checks
_SKR checks
fistonpayesa checks
*** TURN *** [9s Jc Qh][3d]
Sayerclemili checks
_SKR checks
fistonpayesa checks
*** RIVER *** [9s Jc Qh 3d][Jh]
Sayerclemili bets 20
_SKR raises 100 to 120
fistonpayesa folds
Sayerclemili folds
_SKR collected 200 from pot
*** SUMMARY ***
Total pot 200 | No rake
Board: [9s Jc Qh 3d Jh]
Seat 1: _SKR (big blind) won 200


Winamax Poker - Tournament "Expresso Nitro" buyIn: 1.86€ + 0.14€ level: 2 - HandId: #2696648233869901825-6-1675091688 - Holdem no limit (15/30) - 2023/01/30 15:14:48 UTC
Table: 'Expresso Nitro(627862344)#0' 3-max (real money) Seat #3 is the button
Seat 1: _SKR (440)
Seat 2: fistonpayesa (230)
Seat 3: Sayerclemili (230)
*** ANTE/BLINDS ***
_SKR posts small blind 15
fistonpayesa posts big blind 30
Dealt to _SKR [As Js]
*** PRE-FLOP *** 
Sayerclemili folds
_SKR raises 410 to 440 and is all-in
fistonpayesa folds
_SKR collected 470 from pot
*** SUMMARY ***
Total pot 470 | No rake
Seat 1: _SKR (small blind) won 470


Winamax Poker - Tournament "Expresso Nitro" buyIn: 1.86€ + 0.14€ level: 2 - HandId: #2696648233869901825-7-1675091702 - Holdem no limit (15/30) - 2023/01/30 15:15:02 UTC
Table: 'Expresso Nitro(627862344)#0' 3-max (real money) Seat #1 is the button
Seat 1: _SKR (470)
Seat 2: fistonpayesa (200)
Seat 3: Sayerclemili (230)
*** ANTE/BLINDS ***
fistonpayesa posts small blind 15
Sayerclemili posts big blind 30
Dealt to _SKR [9h Ah]
*** PRE-FLOP *** 
_SKR raises 440 to 470 and is all-in
fistonpayesa calls 185 and is all-in
Sayerclemili folds
*** FLOP *** [2s Js 2h]
*** TURN *** [2s Js 2h][8c]
*** RIVER *** [2s Js 2h 8c][3s]
*** SHOW DOWN ***
_SKR shows [9h Ah] (One pair : 2)
fistonpayesa shows [2d Ad] (Trips of 2)
fistonpayesa collected 430 from main pot
_SKR collected 270 from side pot 1
*** SUMMARY ***
Total pot 700 | No rake
Board: [2s Js 2h 8c 3s]
Seat 1: _SKR (button) showed [9h Ah] and won 270 with One pair : 2
Seat 2: fistonpayesa (small blind) showed [2d Ad] and won 430 with Trips of 2


Winamax Poker - Tournament "Expresso Nitro" buyIn: 1.86€ + 0.14€ level: 2 - HandId: #2696648233869901825-8-1675091712 - Holdem no limit (15/30) - 2023/01/30 15:15:12 UTC
Table: 'Expresso Nitro(627862344)#0' 3-max (real money) Seat #2 is the button
Seat 1: _SKR (270)
Seat 2: fistonpayesa (430)
Seat 3: Sayerclemili (200)
*** ANTE/BLINDS ***
Sayerclemili posts small blind 15
_SKR posts big blind 30
Dealt to _SKR [5d Ac]
*** PRE-FLOP *** 
fistonpayesa folds
Sayerclemili raises 170 to 200 and is all-in
_SKR raises 70 to 270 and is all-in
*** FLOP *** [2c 4c 9c]
*** TURN *** [2c 4c 9c][Ad]
*** RIVER *** [2c 4c 9c Ad][Jc]
*** SHOW DOWN ***
Sayerclemili shows [Ah 4s] (Two pairs : Aces and 4)
_SKR shows [5d Ac] (Flush Ace high)
_SKR collected 470 from pot
*** SUMMARY ***
Total pot 470 | No rake
Board: [2c 4c 9c Ad Jc]
Seat 1: _SKR (big blind) showed [5d Ac] and won 470 with Flush Ace high
Seat 3: Sayerclemili (small blind) showed [Ah 4s] and lost with Two pairs : Aces and 4


Winamax Poker - Tournament "Expresso Nitro" buyIn: 1.86€ + 0.14€ level: 2 - HandId: #2696648233869901825-9-1675091726 - Holdem no limit (15/30) - 2023/01/30 15:15:26 UTC
Table: 'Expresso Nitro(627862344)#0' 3-max (real money) Seat #1 is the button
Seat 1: _SKR (470)
Seat 2: fistonpayesa (430)
*** ANTE/BLINDS ***
_SKR posts small blind 15
fistonpayesa posts big blind 30
Dealt to _SKR [5d 9h]
*** PRE-FLOP *** 
_SKR folds
fistonpayesa collected 45 from pot
*** SUMMARY ***
Total pot 45 | No rake
Seat 2: fistonpayesa (big blind) won 45


Winamax Poker - Tournament "Expresso Nitro" buyIn: 1.86€ + 0.14€ level: 2 - HandId: #2696648233869901825-10-1675091729 - Holdem no limit (15/30) - 2023/01/30 15:15:29 UTC
Table: 'Expresso Nitro(627862344)#0' 3-max (real money) Seat #2 is the button
Seat 1: _SKR (455)
Seat 2: fistonpayesa (445)
*** ANTE/BLINDS ***
fistonpayesa posts small blind 15
_SKR posts big blind 30
Dealt to _SKR [As Js]
*** PRE-FLOP *** 
fistonpayesa folds
_SKR collected 45 from pot
*** SUMMARY ***
Total pot 45 | No rake
Seat 1: _SKR (big blind) won 45


Winamax Poker - Tournament "Expresso Nitro" buyIn: 1.86€ + 0.14€ level: 3 - HandId: #2696648233869901825-11-1675091738 - Holdem no limit (20/40) - 2023/01/30 15:15:38 UTC
Table: 'Expresso Nitro(627862344)#0' 3-max (real money) Seat #1 is the button
Seat 1: _SKR (470)
Seat 2: fistonpayesa (430)
*** ANTE/BLINDS ***
_SKR posts small blind 20
fistonpayesa posts big blind 40
Dealt to _SKR [Ac Kc]
*** PRE-FLOP *** 
_SKR raises 430 to 470 and is all-in
fistonpayesa folds
_SKR collected 510 from pot
*** SUMMARY ***
Total pot 510 | No rake
Seat 1: _SKR (small blind) (button) won 510


Winamax Poker - Tournament "Expresso Nitro" buyIn: 1.86€ + 0.14€ level: 3 - HandId: #2696648233869901825-12-1675091745 - Holdem no limit (20/40) - 2023/01/30 15:15:45 UTC
Table: 'Expresso Nitro(627862344)#0' 3-max (real money) Seat #2 is the button
Seat 1: _SKR (510)
Seat 2: fistonpayesa (390)
*** ANTE/BLINDS ***
fistonpayesa posts small blind 20
_SKR posts big blind 40
Dealt to _SKR [5c Kh]
*** PRE-FLOP *** 
fistonpayesa folds
_SKR collected 60 from pot
*** SUMMARY ***
Total pot 60 | No rake
Seat 1: _SKR (big blind) won 60


Winamax Poker - Tournament "Expresso Nitro" buyIn: 1.86€ + 0.14€ level: 3 - HandId: #2696648233869901825-13-1675091756 - Holdem no limit (20/40) - 2023/01/30 15:15:56 UTC
Table: 'Expresso Nitro(627862344)#0' 3-max (real money) Seat #1 is the button
Seat 1: _SKR (530)
Seat 2: fistonpayesa (370)
*** ANTE/BLINDS ***
_SKR posts small blind 20
fistonpayesa posts big blind 40
Dealt to _SKR [Kh 2d]
*** PRE-FLOP *** 
_SKR folds
fistonpayesa collected 60 from pot
*** SUMMARY ***
Total pot 60 | No rake
Seat 2: fistonpayesa (big blind) won 60


Winamax Poker - Tournament "Expresso Nitro" buyIn: 1.86€ + 0.14€ level: 3 - HandId: #2696648233869901825-14-1675091760 - Holdem no limit (20/40) - 2023/01/30 15:16:00 UTC
Table: 'Expresso Nitro(627862344)#0' 3-max (real money) Seat #2 is the button
Seat 1: _SKR (510)
Seat 2: fistonpayesa (390)
*** ANTE/BLINDS ***
fistonpayesa posts small blind 20
_SKR posts big blind 40
Dealt to _SKR [Qd Ad]
*** PRE-FLOP *** 
fistonpayesa calls 20
_SKR raises 470 to 510 and is all-in
fistonpayesa folds
_SKR collected 550 from pot
*** SUMMARY ***
Total pot 550 | No rake
Seat 1: _SKR (big blind) won 550


Winamax Poker - Tournament "Expresso Nitro" buyIn: 1.86€ + 0.14€ level: 3 - HandId: #2696648233869901825-15-1675091771 - Holdem no limit (20/40) - 2023/01/30 15:16:11 UTC
Table: 'Expresso Nitro(627862344)#0' 3-max (real money) Seat #1 is the button
Seat 1: _SKR (550)
Seat 2: fistonpayesa (350)
*** ANTE/BLINDS ***
_SKR posts small blind 20
fistonpayesa posts big blind 40
Dealt to _SKR [Jd 2h]
*** PRE-FLOP *** 
_SKR folds
fistonpayesa collected 60 from pot
*** SUMMARY ***
Total pot 60 | No rake
Seat 2: fistonpayesa (big blind) won 60


Winamax Poker - Tournament "Expresso Nitro" buyIn: 1.86€ + 0.14€ level: 3 - HandId: #2696648233869901825-16-1675091775 - Holdem no limit (20/40) - 2023/01/30 15:16:15 UTC
Table: 'Expresso Nitro(627862344)#0' 3-max (real money) Seat #2 is the button
Seat 1: _SKR (530)
Seat 2: fistonpayesa (370)
*** ANTE/BLINDS ***
fistonpayesa posts small blind 20
_SKR posts big blind 40
Dealt to _SKR [5d Jh]
*** PRE-FLOP *** 
fistonpayesa calls 20
_SKR checks
*** FLOP *** [6h 7s 8h]
_SKR checks
fistonpayesa checks
*** TURN *** [6h 7s 8h][4s]
_SKR bets 64
fistonpayesa folds
_SKR collected 144 from pot
*** SUMMARY ***
Total pot 144 | No rake
Board: [6h 7s 8h 4s]
Seat 1: _SKR (big blind) won 144


Winamax Poker - Tournament "Expresso Nitro" buyIn: 1.86€ + 0.14€ level: 4 - HandId: #2696648233869901825-17-1675091799 - Holdem no limit (30/60) - 2023/01/30 15:16:39 UTC
Table: 'Expresso Nitro(627862344)#0' 3-max (real money) Seat #1 is the button
Seat 1: _SKR (570)
Seat 2: fistonpayesa (330)
*** ANTE/BLINDS ***
_SKR posts small blind 30
fistonpayesa posts big blind 60
Dealt to _SKR [Ah 8d]
*** PRE-FLOP *** 
_SKR raises 510 to 570 and is all-in
fistonpayesa folds
_SKR collected 630 from pot
*** SUMMARY ***
Total pot 630 | No rake
Seat 1: _SKR (small blind) (button) won 630


Winamax Poker - Tournament "Expresso Nitro" buyIn: 1.86€ + 0.14€ level: 4 - HandId: #2696648233869901825-18-1675091805 - Holdem no limit (30/60) - 2023/01/30 15:16:45 UTC
Table: 'Expresso Nitro(627862344)#0' 3-max (real money) Seat #2 is the button
Seat 1: _SKR (630)
Seat 2: fistonpayesa (270)
*** ANTE/BLINDS ***
fistonpayesa posts small blind 30
_SKR posts big blind 60
Dealt to _SKR [2d Jd]
*** PRE-FLOP *** 
fistonpayesa raises 210 to 270 and is all-in
_SKR folds
fistonpayesa collected 330 from pot
*** SUMMARY ***
Total pot 330 | No rake
Seat 2: fistonpayesa (small blind) (button) won 330


Winamax Poker - Tournament "Expresso Nitro" buyIn: 1.86€ + 0.14€ level: 4 - HandId: #2696648233869901825-19-1675091811 - Holdem no limit (30/60) - 2023/01/30 15:16:51 UTC
Table: 'Expresso Nitro(627862344)#0' 3-max (real money) Seat #1 is the button
Seat 1: _SKR (570)
Seat 2: fistonpayesa (330)
*** ANTE/BLINDS ***
_SKR posts small blind 30
fistonpayesa posts big blind 60
Dealt to _SKR [3s 4c]
*** PRE-FLOP *** 
_SKR folds
fistonpayesa collected 90 from pot
*** SUMMARY ***
Total pot 90 | No rake
Seat 2: fistonpayesa (big blind) won 90


Winamax Poker - Tournament "Expresso Nitro" buyIn: 1.86€ + 0.14€ level: 4 - HandId: #2696648233869901825-20-1675091815 - Holdem no limit (30/60) - 2023/01/30 15:16:55 UTC
Table: 'Expresso Nitro(627862344)#0' 3-max (real money) Seat #2 is the button
Seat 1: _SKR (540)
Seat 2: fistonpayesa (360)
*** ANTE/BLINDS ***
fistonpayesa posts small blind 30
_SKR posts big blind 60
Dealt to _SKR [8d Qh]
*** PRE-FLOP *** 
fistonpayesa raises 300 to 360 and is all-in
_SKR calls 300
*** FLOP *** [Qd 2h 9c]
*** TURN *** [Qd 2h 9c][Jc]
*** RIVER *** [Qd 2h 9c Jc][Jd]
*** SHOW DOWN ***
fistonpayesa shows [8c 7c] (One pair : Jacks)
_SKR shows [8d Qh] (Two pairs : Queens and Jacks)
_SKR collected 720 from pot
*** SUMMARY ***
Total pot 720 | No rake
Board: [Qd 2h 9c Jc Jd]
Seat 1: _SKR (big blind) showed [8d Qh] and won 720 with Two pairs : Queens and Jacks
Seat 2: fistonpayesa (small blind) (button) showed [8c 7c] and lost with One pair : Jacks


