Winamax Poker - Tournament "Expresso Nitro" buyIn: 1.86€ + 0.14€ level: 1 - HandId: #2696623005232005121-1-1675090347 - Holdem no limit (10/20) - 2023/01/30 14:52:27 UTC
Table: 'Expresso Nitro(627856470)#0' 3-max (real money) Seat #3 is the button
Seat 1: Bouz21 (300)
Seat 2: JoraVartanov (300)
Seat 3: _SKR (300)
*** ANTE/BLINDS ***
Bouz21 posts small blind 10
JoraVartanov posts big blind 20
Dealt to _SKR [Qc Ts]
*** PRE-FLOP *** 
_SKR folds
Bouz21 raises 280 to 300 and is all-in
JoraVartanov folds
Bouz21 collected 320 from pot
*** SUMMARY ***
Total pot 320 | No rake
Seat 1: Bouz21 (small blind) won 320


Winamax Poker - Tournament "Expresso Nitro" buyIn: 1.86€ + 0.14€ level: 1 - HandId: #2696623005232005121-2-1675090357 - Holdem no limit (10/20) - 2023/01/30 14:52:37 UTC
Table: 'Expresso Nitro(627856470)#0' 3-max (real money) Seat #1 is the button
Seat 1: Bouz21 (320)
Seat 2: JoraVartanov (280)
Seat 3: _SKR (300)
*** ANTE/BLINDS ***
JoraVartanov posts small blind 10
_SKR posts big blind 20
Dealt to _SKR [2h Ah]
*** PRE-FLOP *** 
Bouz21 folds
JoraVartanov folds
_SKR collected 30 from pot
*** SUMMARY ***
Total pot 30 | No rake
Seat 3: _SKR (big blind) won 30


Winamax Poker - Tournament "Expresso Nitro" buyIn: 1.86€ + 0.14€ level: 1 - HandId: #2696623005232005121-3-1675090363 - Holdem no limit (10/20) - 2023/01/30 14:52:43 UTC
Table: 'Expresso Nitro(627856470)#0' 3-max (real money) Seat #2 is the button
Seat 1: Bouz21 (320)
Seat 2: JoraVartanov (270)
Seat 3: _SKR (310)
*** ANTE/BLINDS ***
_SKR posts small blind 10
Bouz21 posts big blind 20
Dealt to _SKR [Kc 7c]
*** PRE-FLOP *** 
JoraVartanov folds
_SKR calls 10
Bouz21 checks
*** FLOP *** [Th Jd 3h]
_SKR checks
Bouz21 bets 26
_SKR folds
Bouz21 collected 66 from pot
*** SUMMARY ***
Total pot 66 | No rake
Board: [Th Jd 3h]
Seat 1: Bouz21 (big blind) won 66


Winamax Poker - Tournament "Expresso Nitro" buyIn: 1.86€ + 0.14€ level: 2 - HandId: #2696623005232005121-4-1675090404 - Holdem no limit (15/30) - 2023/01/30 14:53:24 UTC
Table: 'Expresso Nitro(627856470)#0' 3-max (real money) Seat #3 is the button
Seat 1: Bouz21 (340)
Seat 2: JoraVartanov (270)
Seat 3: _SKR (290)
*** ANTE/BLINDS ***
Bouz21 posts small blind 15
JoraVartanov posts big blind 30
Dealt to _SKR [Ah 6d]
*** PRE-FLOP *** 
_SKR raises 260 to 290 and is all-in
Bouz21 folds
JoraVartanov folds
_SKR collected 335 from pot
*** SUMMARY ***
Total pot 335 | No rake
Seat 3: _SKR (button) won 335


Winamax Poker - Tournament "Expresso Nitro" buyIn: 1.86€ + 0.14€ level: 2 - HandId: #2696623005232005121-5-1675090415 - Holdem no limit (15/30) - 2023/01/30 14:53:35 UTC
Table: 'Expresso Nitro(627856470)#0' 3-max (real money) Seat #1 is the button
Seat 1: Bouz21 (325)
Seat 2: JoraVartanov (240)
Seat 3: _SKR (335)
*** ANTE/BLINDS ***
JoraVartanov posts small blind 15
_SKR posts big blind 30
Dealt to _SKR [As 4h]
*** PRE-FLOP *** 
Bouz21 raises 30 to 60
JoraVartanov folds
_SKR calls 30
*** FLOP *** [5h 2d 4c]
_SKR checks
Bouz21 checks
*** TURN *** [5h 2d 4c][3s]
_SKR bets 68
Bouz21 calls 68
*** RIVER *** [5h 2d 4c 3s][8c]
_SKR checks
Bouz21 bets 197 and is all-in
_SKR folds
Bouz21 collected 468 from pot
*** SUMMARY ***
Total pot 468 | No rake
Board: [5h 2d 4c 3s 8c]
Seat 1: Bouz21 (button) won 468


Winamax Poker - Tournament "Expresso Nitro" buyIn: 1.86€ + 0.14€ level: 2 - HandId: #2696623005232005121-6-1675090444 - Holdem no limit (15/30) - 2023/01/30 14:54:04 UTC
Table: 'Expresso Nitro(627856470)#0' 3-max (real money) Seat #2 is the button
Seat 1: Bouz21 (468)
Seat 2: JoraVartanov (225)
Seat 3: _SKR (207)
*** ANTE/BLINDS ***
_SKR posts small blind 15
Bouz21 posts big blind 30
Dealt to _SKR [4c 8d]
*** PRE-FLOP *** 
JoraVartanov raises 195 to 225 and is all-in
_SKR folds
Bouz21 folds
JoraVartanov collected 270 from pot
*** SUMMARY ***
Total pot 270 | No rake
Seat 2: JoraVartanov (button) won 270


Winamax Poker - Tournament "Expresso Nitro" buyIn: 1.86€ + 0.14€ level: 2 - HandId: #2696623005232005121-7-1675090452 - Holdem no limit (15/30) - 2023/01/30 14:54:12 UTC
Table: 'Expresso Nitro(627856470)#0' 3-max (real money) Seat #3 is the button
Seat 1: Bouz21 (438)
Seat 2: JoraVartanov (270)
Seat 3: _SKR (192)
*** ANTE/BLINDS ***
Bouz21 posts small blind 15
JoraVartanov posts big blind 30
Dealt to _SKR [5s Jd]
*** PRE-FLOP *** 
_SKR folds
Bouz21 raises 45 to 75
JoraVartanov folds
Bouz21 collected 105 from pot
*** SUMMARY ***
Total pot 105 | No rake
Seat 1: Bouz21 (small blind) won 105


Winamax Poker - Tournament "Expresso Nitro" buyIn: 1.86€ + 0.14€ level: 2 - HandId: #2696623005232005121-8-1675090461 - Holdem no limit (15/30) - 2023/01/30 14:54:21 UTC
Table: 'Expresso Nitro(627856470)#0' 3-max (real money) Seat #1 is the button
Seat 1: Bouz21 (468)
Seat 2: JoraVartanov (240)
Seat 3: _SKR (192)
*** ANTE/BLINDS ***
JoraVartanov posts small blind 15
_SKR posts big blind 30
Dealt to _SKR [Kh Ac]
*** PRE-FLOP *** 
Bouz21 folds
JoraVartanov raises 210 to 240 and is all-in
_SKR calls 162 and is all-in
*** FLOP *** [As Qh Jc]
*** TURN *** [As Qh Jc][Jd]
*** RIVER *** [As Qh Jc Jd][5s]
*** SHOW DOWN ***
JoraVartanov shows [9c Td] (One pair : Jacks)
_SKR shows [Kh Ac] (Two pairs : Aces and Jacks)
_SKR collected 384 from main pot
JoraVartanov collected 48 from side pot 1
*** SUMMARY ***
Total pot 432 | No rake
Board: [As Qh Jc Jd 5s]
Seat 2: JoraVartanov (small blind) showed [9c Td] and won 48 with One pair : Jacks
Seat 3: _SKR (big blind) showed [Kh Ac] and won 384 with Two pairs : Aces and Jacks


Winamax Poker - Tournament "Expresso Nitro" buyIn: 1.86€ + 0.14€ level: 3 - HandId: #2696623005232005121-9-1675090474 - Holdem no limit (20/40) - 2023/01/30 14:54:34 UTC
Table: 'Expresso Nitro(627856470)#0' 3-max (real money) Seat #2 is the button
Seat 1: Bouz21 (468)
Seat 2: JoraVartanov (48)
Seat 3: _SKR (384)
*** ANTE/BLINDS ***
_SKR posts small blind 20
Bouz21 posts big blind 40
Dealt to _SKR [4c As]
*** PRE-FLOP *** 
JoraVartanov raises 8 to 48 and is all-in
_SKR raises 336 to 384 and is all-in
Bouz21 folds
*** FLOP *** [8s 3d Jh]
*** TURN *** [8s 3d Jh][9d]
*** RIVER *** [8s 3d Jh 9d][4h]
*** SHOW DOWN ***
JoraVartanov shows [Qh 5h] (High card : Queen)
_SKR shows [4c As] (One pair : 4)
_SKR collected 472 from pot
*** SUMMARY ***
Total pot 472 | No rake
Board: [8s 3d Jh 9d 4h]
Seat 2: JoraVartanov (button) showed [Qh 5h] and lost with High card : Queen
Seat 3: _SKR (small blind) showed [4c As] and won 472 with One pair : 4


Winamax Poker - Tournament "Expresso Nitro" buyIn: 1.86€ + 0.14€ level: 3 - HandId: #2696623005232005121-10-1675090494 - Holdem no limit (20/40) - 2023/01/30 14:54:54 UTC
Table: 'Expresso Nitro(627856470)#0' 3-max (real money) Seat #1 is the button
Seat 1: Bouz21 (428)
Seat 3: _SKR (472)
*** ANTE/BLINDS ***
Bouz21 posts small blind 20
_SKR posts big blind 40
Dealt to _SKR [Qd 7d]
*** PRE-FLOP *** 
Bouz21 raises 388 to 428 and is all-in
_SKR folds
Bouz21 collected 468 from pot
*** SUMMARY ***
Total pot 468 | No rake
Seat 1: Bouz21 (small blind) (button) won 468


Winamax Poker - Tournament "Expresso Nitro" buyIn: 1.86€ + 0.14€ level: 3 - HandId: #2696623005232005121-11-1675090500 - Holdem no limit (20/40) - 2023/01/30 14:55:00 UTC
Table: 'Expresso Nitro(627856470)#0' 3-max (real money) Seat #3 is the button
Seat 1: Bouz21 (468)
Seat 3: _SKR (432)
*** ANTE/BLINDS ***
_SKR posts small blind 20
Bouz21 posts big blind 40
Dealt to _SKR [3d Ah]
*** PRE-FLOP *** 
_SKR raises 392 to 432 and is all-in
Bouz21 folds
_SKR collected 472 from pot
*** SUMMARY ***
Total pot 472 | No rake
Seat 3: _SKR (small blind) (button) won 472


Winamax Poker - Tournament "Expresso Nitro" buyIn: 1.86€ + 0.14€ level: 3 - HandId: #2696623005232005121-12-1675090506 - Holdem no limit (20/40) - 2023/01/30 14:55:06 UTC
Table: 'Expresso Nitro(627856470)#0' 3-max (real money) Seat #1 is the button
Seat 1: Bouz21 (428)
Seat 3: _SKR (472)
*** ANTE/BLINDS ***
Bouz21 posts small blind 20
_SKR posts big blind 40
Dealt to _SKR [6d 3h]
*** PRE-FLOP *** 
Bouz21 folds
_SKR collected 60 from pot
*** SUMMARY ***
Total pot 60 | No rake
Seat 3: _SKR (big blind) won 60


Winamax Poker - Tournament "Expresso Nitro" buyIn: 1.86€ + 0.14€ level: 3 - HandId: #2696623005232005121-13-1675090509 - Holdem no limit (20/40) - 2023/01/30 14:55:09 UTC
Table: 'Expresso Nitro(627856470)#0' 3-max (real money) Seat #3 is the button
Seat 1: Bouz21 (408)
Seat 3: _SKR (492)
*** ANTE/BLINDS ***
_SKR posts small blind 20
Bouz21 posts big blind 40
Dealt to _SKR [2h Qs]
*** PRE-FLOP *** 
_SKR folds
Bouz21 collected 60 from pot
*** SUMMARY ***
Total pot 60 | No rake
Seat 1: Bouz21 (big blind) won 60


Winamax Poker - Tournament "Expresso Nitro" buyIn: 1.86€ + 0.14€ level: 3 - HandId: #2696623005232005121-14-1675090513 - Holdem no limit (20/40) - 2023/01/30 14:55:13 UTC
Table: 'Expresso Nitro(627856470)#0' 3-max (real money) Seat #1 is the button
Seat 1: Bouz21 (428)
Seat 3: _SKR (472)
*** ANTE/BLINDS ***
Bouz21 posts small blind 20
_SKR posts big blind 40
Dealt to _SKR [Kd Ks]
*** PRE-FLOP *** 
Bouz21 folds
_SKR collected 60 from pot
*** SUMMARY ***
Total pot 60 | No rake
Seat 3: _SKR (big blind) won 60


Winamax Poker - Tournament "Expresso Nitro" buyIn: 1.86€ + 0.14€ level: 3 - HandId: #2696623005232005121-15-1675090517 - Holdem no limit (20/40) - 2023/01/30 14:55:17 UTC
Table: 'Expresso Nitro(627856470)#0' 3-max (real money) Seat #3 is the button
Seat 1: Bouz21 (408)
Seat 3: _SKR (492)
*** ANTE/BLINDS ***
_SKR posts small blind 20
Bouz21 posts big blind 40
Dealt to _SKR [Ah 3h]
*** PRE-FLOP *** 
_SKR raises 452 to 492 and is all-in
Bouz21 folds
_SKR collected 532 from pot
*** SUMMARY ***
Total pot 532 | No rake
Seat 3: _SKR (small blind) (button) won 532


Winamax Poker - Tournament "Expresso Nitro" buyIn: 1.86€ + 0.14€ level: 3 - HandId: #2696623005232005121-16-1675090522 - Holdem no limit (20/40) - 2023/01/30 14:55:22 UTC
Table: 'Expresso Nitro(627856470)#0' 3-max (real money) Seat #1 is the button
Seat 1: Bouz21 (368)
Seat 3: _SKR (532)
*** ANTE/BLINDS ***
Bouz21 posts small blind 20
_SKR posts big blind 40
Dealt to _SKR [Qc 2s]
*** PRE-FLOP *** 
Bouz21 raises 40 to 80
_SKR folds
Bouz21 collected 120 from pot
*** SUMMARY ***
Total pot 120 | No rake
Seat 1: Bouz21 (small blind) (button) won 120


Winamax Poker - Tournament "Expresso Nitro" buyIn: 1.86€ + 0.14€ level: 4 - HandId: #2696623005232005121-17-1675090527 - Holdem no limit (30/60) - 2023/01/30 14:55:27 UTC
Table: 'Expresso Nitro(627856470)#0' 3-max (real money) Seat #3 is the button
Seat 1: Bouz21 (408)
Seat 3: _SKR (492)
*** ANTE/BLINDS ***
_SKR posts small blind 30
Bouz21 posts big blind 60
Dealt to _SKR [2s 4c]
*** PRE-FLOP *** 
_SKR folds
Bouz21 collected 90 from pot
*** SUMMARY ***
Total pot 90 | No rake
Seat 1: Bouz21 (big blind) won 90


Winamax Poker - Tournament "Expresso Nitro" buyIn: 1.86€ + 0.14€ level: 4 - HandId: #2696623005232005121-18-1675090530 - Holdem no limit (30/60) - 2023/01/30 14:55:30 UTC
Table: 'Expresso Nitro(627856470)#0' 3-max (real money) Seat #1 is the button
Seat 1: Bouz21 (438)
Seat 3: _SKR (462)
*** ANTE/BLINDS ***
Bouz21 posts small blind 30
_SKR posts big blind 60
Dealt to _SKR [Qd 4d]
*** PRE-FLOP *** 
Bouz21 raises 378 to 438 and is all-in
_SKR folds
Bouz21 collected 498 from pot
*** SUMMARY ***
Total pot 498 | No rake
Seat 1: Bouz21 (small blind) (button) won 498


Winamax Poker - Tournament "Expresso Nitro" buyIn: 1.86€ + 0.14€ level: 4 - HandId: #2696623005232005121-19-1675090537 - Holdem no limit (30/60) - 2023/01/30 14:55:37 UTC
Table: 'Expresso Nitro(627856470)#0' 3-max (real money) Seat #3 is the button
Seat 1: Bouz21 (498)
Seat 3: _SKR (402)
*** ANTE/BLINDS ***
_SKR posts small blind 30
Bouz21 posts big blind 60
Dealt to _SKR [Ts Qc]
*** PRE-FLOP *** 
_SKR raises 342 to 402 and is all-in
Bouz21 folds
_SKR collected 462 from pot
*** SUMMARY ***
Total pot 462 | No rake
Seat 3: _SKR (small blind) (button) won 462


Winamax Poker - Tournament "Expresso Nitro" buyIn: 1.86€ + 0.14€ level: 4 - HandId: #2696623005232005121-20-1675090544 - Holdem no limit (30/60) - 2023/01/30 14:55:44 UTC
Table: 'Expresso Nitro(627856470)#0' 3-max (real money) Seat #1 is the button
Seat 1: Bouz21 (438)
Seat 3: _SKR (462)
*** ANTE/BLINDS ***
Bouz21 posts small blind 30
_SKR posts big blind 60
Dealt to _SKR [5h 8h]
*** PRE-FLOP *** 
Bouz21 raises 60 to 120
_SKR folds
Bouz21 collected 180 from pot
*** SUMMARY ***
Total pot 180 | No rake
Seat 1: Bouz21 (small blind) (button) won 180


Winamax Poker - Tournament "Expresso Nitro" buyIn: 1.86€ + 0.14€ level: 4 - HandId: #2696623005232005121-21-1675090550 - Holdem no limit (30/60) - 2023/01/30 14:55:50 UTC
Table: 'Expresso Nitro(627856470)#0' 3-max (real money) Seat #3 is the button
Seat 1: Bouz21 (498)
Seat 3: _SKR (402)
*** ANTE/BLINDS ***
_SKR posts small blind 30
Bouz21 posts big blind 60
Dealt to _SKR [2d Qs]
*** PRE-FLOP *** 
_SKR folds
Bouz21 collected 90 from pot
*** SUMMARY ***
Total pot 90 | No rake
Seat 1: Bouz21 (big blind) won 90


Winamax Poker - Tournament "Expresso Nitro" buyIn: 1.86€ + 0.14€ level: 4 - HandId: #2696623005232005121-22-1675090557 - Holdem no limit (30/60) - 2023/01/30 14:55:57 UTC
Table: 'Expresso Nitro(627856470)#0' 3-max (real money) Seat #1 is the button
Seat 1: Bouz21 (528)
Seat 3: _SKR (372)
*** ANTE/BLINDS ***
Bouz21 posts small blind 30
_SKR posts big blind 60
Dealt to _SKR [7d 7c]
*** PRE-FLOP *** 
Bouz21 folds
_SKR collected 90 from pot
*** SUMMARY ***
Total pot 90 | No rake
Seat 3: _SKR (big blind) won 90


Winamax Poker - Tournament "Expresso Nitro" buyIn: 1.86€ + 0.14€ level: 4 - HandId: #2696623005232005121-23-1675090560 - Holdem no limit (30/60) - 2023/01/30 14:56:00 UTC
Table: 'Expresso Nitro(627856470)#0' 3-max (real money) Seat #3 is the button
Seat 1: Bouz21 (498)
Seat 3: _SKR (402)
*** ANTE/BLINDS ***
_SKR posts small blind 30
Bouz21 posts big blind 60
Dealt to _SKR [Ks 4h]
*** PRE-FLOP *** 
_SKR folds
Bouz21 collected 90 from pot
*** SUMMARY ***
Total pot 90 | No rake
Seat 1: Bouz21 (big blind) won 90


Winamax Poker - Tournament "Expresso Nitro" buyIn: 1.86€ + 0.14€ level: 4 - HandId: #2696623005232005121-24-1675090566 - Holdem no limit (30/60) - 2023/01/30 14:56:06 UTC
Table: 'Expresso Nitro(627856470)#0' 3-max (real money) Seat #1 is the button
Seat 1: Bouz21 (528)
Seat 3: _SKR (372)
*** ANTE/BLINDS ***
Bouz21 posts small blind 30
_SKR posts big blind 60
Dealt to _SKR [5s As]
*** PRE-FLOP *** 
Bouz21 calls 30
_SKR raises 312 to 372 and is all-in
Bouz21 folds
_SKR collected 432 from pot
*** SUMMARY ***
Total pot 432 | No rake
Seat 3: _SKR (big blind) won 432


Winamax Poker - Tournament "Expresso Nitro" buyIn: 1.86€ + 0.14€ level: 4 - HandId: #2696623005232005121-25-1675090579 - Holdem no limit (30/60) - 2023/01/30 14:56:19 UTC
Table: 'Expresso Nitro(627856470)#0' 3-max (real money) Seat #3 is the button
Seat 1: Bouz21 (468)
Seat 3: _SKR (432)
*** ANTE/BLINDS ***
_SKR posts small blind 30
Bouz21 posts big blind 60
Dealt to _SKR [9d 3c]
*** PRE-FLOP *** 
_SKR folds
Bouz21 collected 90 from pot
*** SUMMARY ***
Total pot 90 | No rake
Seat 1: Bouz21 (big blind) won 90


Winamax Poker - Tournament "Expresso Nitro" buyIn: 1.86€ + 0.14€ level: 5 - HandId: #2696623005232005121-26-1675090584 - Holdem no limit (40/80) - 2023/01/30 14:56:24 UTC
Table: 'Expresso Nitro(627856470)#0' 3-max (real money) Seat #1 is the button
Seat 1: Bouz21 (498)
Seat 3: _SKR (402)
*** ANTE/BLINDS ***
Bouz21 posts small blind 40
_SKR posts big blind 80
Dealt to _SKR [Ad 8h]
*** PRE-FLOP *** 
Bouz21 folds
_SKR collected 120 from pot
*** SUMMARY ***
Total pot 120 | No rake
Seat 3: _SKR (big blind) won 120


Winamax Poker - Tournament "Expresso Nitro" buyIn: 1.86€ + 0.14€ level: 5 - HandId: #2696623005232005121-27-1675090587 - Holdem no limit (40/80) - 2023/01/30 14:56:27 UTC
Table: 'Expresso Nitro(627856470)#0' 3-max (real money) Seat #3 is the button
Seat 1: Bouz21 (458)
Seat 3: _SKR (442)
*** ANTE/BLINDS ***
_SKR posts small blind 40
Bouz21 posts big blind 80
Dealt to _SKR [Ac 2h]
*** PRE-FLOP *** 
_SKR raises 362 to 442 and is all-in
Bouz21 folds
_SKR collected 522 from pot
*** SUMMARY ***
Total pot 522 | No rake
Seat 3: _SKR (small blind) (button) won 522


Winamax Poker - Tournament "Expresso Nitro" buyIn: 1.86€ + 0.14€ level: 5 - HandId: #2696623005232005121-28-1675090593 - Holdem no limit (40/80) - 2023/01/30 14:56:33 UTC
Table: 'Expresso Nitro(627856470)#0' 3-max (real money) Seat #1 is the button
Seat 1: Bouz21 (378)
Seat 3: _SKR (522)
*** ANTE/BLINDS ***
Bouz21 posts small blind 40
_SKR posts big blind 80
Dealt to _SKR [2h 4c]
*** PRE-FLOP *** 
Bouz21 folds
_SKR collected 120 from pot
*** SUMMARY ***
Total pot 120 | No rake
Seat 3: _SKR (big blind) won 120


Winamax Poker - Tournament "Expresso Nitro" buyIn: 1.86€ + 0.14€ level: 5 - HandId: #2696623005232005121-29-1675090596 - Holdem no limit (40/80) - 2023/01/30 14:56:36 UTC
Table: 'Expresso Nitro(627856470)#0' 3-max (real money) Seat #3 is the button
Seat 1: Bouz21 (338)
Seat 3: _SKR (562)
*** ANTE/BLINDS ***
_SKR posts small blind 40
Bouz21 posts big blind 80
Dealt to _SKR [6h 9s]
*** PRE-FLOP *** 
_SKR folds
Bouz21 collected 120 from pot
*** SUMMARY ***
Total pot 120 | No rake
Seat 1: Bouz21 (big blind) won 120


Winamax Poker - Tournament "Expresso Nitro" buyIn: 1.86€ + 0.14€ level: 5 - HandId: #2696623005232005121-30-1675090602 - Holdem no limit (40/80) - 2023/01/30 14:56:42 UTC
Table: 'Expresso Nitro(627856470)#0' 3-max (real money) Seat #1 is the button
Seat 1: Bouz21 (378)
Seat 3: _SKR (522)
*** ANTE/BLINDS ***
Bouz21 posts small blind 40
_SKR posts big blind 80
Dealt to _SKR [Qd 2h]
*** PRE-FLOP *** 
Bouz21 folds
_SKR collected 120 from pot
*** SUMMARY ***
Total pot 120 | No rake
Seat 3: _SKR (big blind) won 120


Winamax Poker - Tournament "Expresso Nitro" buyIn: 1.86€ + 0.14€ level: 5 - HandId: #2696623005232005121-31-1675090605 - Holdem no limit (40/80) - 2023/01/30 14:56:45 UTC
Table: 'Expresso Nitro(627856470)#0' 3-max (real money) Seat #3 is the button
Seat 1: Bouz21 (338)
Seat 3: _SKR (562)
*** ANTE/BLINDS ***
_SKR posts small blind 40
Bouz21 posts big blind 80
Dealt to _SKR [2s Qh]
*** PRE-FLOP *** 
_SKR folds
Bouz21 collected 120 from pot
*** SUMMARY ***
Total pot 120 | No rake
Seat 1: Bouz21 (big blind) won 120


Winamax Poker - Tournament "Expresso Nitro" buyIn: 1.86€ + 0.14€ level: 5 - HandId: #2696623005232005121-32-1675090608 - Holdem no limit (40/80) - 2023/01/30 14:56:48 UTC
Table: 'Expresso Nitro(627856470)#0' 3-max (real money) Seat #1 is the button
Seat 1: Bouz21 (378)
Seat 3: _SKR (522)
*** ANTE/BLINDS ***
Bouz21 posts small blind 40
_SKR posts big blind 80
Dealt to _SKR [Jh Kc]
*** PRE-FLOP *** 
Bouz21 raises 298 to 378 and is all-in
_SKR calls 298
*** FLOP *** [9s 4d Ah]
*** TURN *** [9s 4d Ah][4s]
*** RIVER *** [9s 4d Ah 4s][9h]
*** SHOW DOWN ***
Bouz21 shows [Js 5s] (Two pairs : 9 and 4)
_SKR shows [Jh Kc] (Two pairs : 9 and 4)
_SKR collected 378 from pot
Bouz21 collected 378 from pot
*** SUMMARY ***
Total pot 756 | No rake
Board: [9s 4d Ah 4s 9h]
Seat 1: Bouz21 (small blind) (button) showed [Js 5s] and won 378 with Two pairs : 9 and 4
Seat 3: _SKR (big blind) showed [Jh Kc] and won 378 with Two pairs : 9 and 4


Winamax Poker - Tournament "Expresso Nitro" buyIn: 1.86€ + 0.14€ level: 5 - HandId: #2696623005232005121-33-1675090619 - Holdem no limit (40/80) - 2023/01/30 14:56:59 UTC
Table: 'Expresso Nitro(627856470)#0' 3-max (real money) Seat #3 is the button
Seat 1: Bouz21 (378)
Seat 3: _SKR (522)
*** ANTE/BLINDS ***
_SKR posts small blind 40
Bouz21 posts big blind 80
Dealt to _SKR [5h 9h]
*** PRE-FLOP *** 
_SKR folds
Bouz21 collected 120 from pot
*** SUMMARY ***
Total pot 120 | No rake
Seat 1: Bouz21 (big blind) won 120


Winamax Poker - Tournament "Expresso Nitro" buyIn: 1.86€ + 0.14€ level: 5 - HandId: #2696623005232005121-34-1675090623 - Holdem no limit (40/80) - 2023/01/30 14:57:03 UTC
Table: 'Expresso Nitro(627856470)#0' 3-max (real money) Seat #1 is the button
Seat 1: Bouz21 (418)
Seat 3: _SKR (482)
*** ANTE/BLINDS ***
Bouz21 posts small blind 40
_SKR posts big blind 80
Dealt to _SKR [Jd 9h]
*** PRE-FLOP *** 
Bouz21 folds
_SKR collected 120 from pot
*** SUMMARY ***
Total pot 120 | No rake
Seat 3: _SKR (big blind) won 120


Winamax Poker - Tournament "Expresso Nitro" buyIn: 1.86€ + 0.14€ level: 5 - HandId: #2696623005232005121-35-1675090627 - Holdem no limit (40/80) - 2023/01/30 14:57:07 UTC
Table: 'Expresso Nitro(627856470)#0' 3-max (real money) Seat #3 is the button
Seat 1: Bouz21 (378)
Seat 3: _SKR (522)
*** ANTE/BLINDS ***
_SKR posts small blind 40
Bouz21 posts big blind 80
Dealt to _SKR [Kd 2h]
*** PRE-FLOP *** 
_SKR folds
Bouz21 collected 120 from pot
*** SUMMARY ***
Total pot 120 | No rake
Seat 1: Bouz21 (big blind) won 120


Winamax Poker - Tournament "Expresso Nitro" buyIn: 1.86€ + 0.14€ level: 5 - HandId: #2696623005232005121-36-1675090630 - Holdem no limit (40/80) - 2023/01/30 14:57:10 UTC
Table: 'Expresso Nitro(627856470)#0' 3-max (real money) Seat #1 is the button
Seat 1: Bouz21 (418)
Seat 3: _SKR (482)
*** ANTE/BLINDS ***
Bouz21 posts small blind 40
_SKR posts big blind 80
Dealt to _SKR [Ac Td]
*** PRE-FLOP *** 
Bouz21 raises 338 to 418 and is all-in
_SKR calls 338
*** FLOP *** [2h 7d 7h]
*** TURN *** [2h 7d 7h][3s]
*** RIVER *** [2h 7d 7h 3s][4s]
*** SHOW DOWN ***
Bouz21 shows [Qh Jd] (One pair : 7)
_SKR shows [Ac Td] (One pair : 7)
_SKR collected 836 from pot
*** SUMMARY ***
Total pot 836 | No rake
Board: [2h 7d 7h 3s 4s]
Seat 1: Bouz21 (small blind) (button) showed [Qh Jd] and lost with One pair : 7
Seat 3: _SKR (big blind) showed [Ac Td] and won 836 with One pair : 7


