Winamax Poker - Tournament "Expresso Nitro" buyIn: 0.93€ + 0.07€ level: 1 - HandId: #2680874837626322945-1-1674082884 - Holdem no limit (10/20) - 2023/01/18 23:01:24 UTC
Table: 'Expresso Nitro(624189814)#0' 3-max (real money) Seat #2 is the button
Seat 1: _SKR (300)
Seat 2: leomeow (300)
Seat 3: Stessy9191 (300)
*** ANTE/BLINDS ***
Stessy9191 posts small blind 10
_SKR posts big blind 20
Dealt to _SKR [5s Ad]
*** PRE-FLOP *** 
leomeow calls 20
Stessy9191 calls 10
_SKR raises 280 to 300 and is all-in
leomeow calls 280 and is all-in
Stessy9191 folds
*** FLOP *** [4h 9s 6d]
*** TURN *** [4h 9s 6d][5h]
*** RIVER *** [4h 9s 6d 5h][Kc]
*** SHOW DOWN ***
leomeow shows [Qd Jc] (High card : King)
_SKR shows [5s Ad] (One pair : 5)
_SKR collected 620 from pot
*** SUMMARY ***
Total pot 620 | No rake
Board: [4h 9s 6d 5h Kc]
Seat 1: _SKR (big blind) showed [5s Ad] and won 620 with One pair : 5
Seat 2: leomeow (button) showed [Qd Jc] and lost with High card : King


Winamax Poker - Tournament "Expresso Nitro" buyIn: 0.93€ + 0.07€ level: 1 - HandId: #2680874837626322945-2-1674082903 - Holdem no limit (10/20) - 2023/01/18 23:01:43 UTC
Table: 'Expresso Nitro(624189814)#0' 3-max (real money) Seat #1 is the button
Seat 1: _SKR (620)
Seat 3: Stessy9191 (280)
*** ANTE/BLINDS ***
_SKR posts small blind 10
Stessy9191 posts big blind 20
Dealt to _SKR [2d 7s]
*** PRE-FLOP *** 
_SKR folds
Stessy9191 collected 30 from pot
*** SUMMARY ***
Total pot 30 | No rake
Seat 3: Stessy9191 (big blind) won 30


Winamax Poker - Tournament "Expresso Nitro" buyIn: 0.93€ + 0.07€ level: 1 - HandId: #2680874837626322945-3-1674082908 - Holdem no limit (10/20) - 2023/01/18 23:01:48 UTC
Table: 'Expresso Nitro(624189814)#0' 3-max (real money) Seat #3 is the button
Seat 1: _SKR (610)
Seat 3: Stessy9191 (290)
*** ANTE/BLINDS ***
Stessy9191 posts small blind 10
_SKR posts big blind 20
Dealt to _SKR [Kd 5h]
*** PRE-FLOP *** 
Stessy9191 calls 10
_SKR checks
*** FLOP *** [8h 8c Ts]
_SKR checks
Stessy9191 checks
*** TURN *** [8h 8c Ts][Ah]
_SKR checks
Stessy9191 bets 20
_SKR folds
Stessy9191 collected 60 from pot
*** SUMMARY ***
Total pot 60 | No rake
Board: [8h 8c Ts Ah]
Seat 3: Stessy9191 (small blind) (button) won 60


Winamax Poker - Tournament "Expresso Nitro" buyIn: 0.93€ + 0.07€ level: 1 - HandId: #2680874837626322945-4-1674082929 - Holdem no limit (10/20) - 2023/01/18 23:02:09 UTC
Table: 'Expresso Nitro(624189814)#0' 3-max (real money) Seat #1 is the button
Seat 1: _SKR (590)
Seat 3: Stessy9191 (310)
*** ANTE/BLINDS ***
_SKR posts small blind 10
Stessy9191 posts big blind 20
Dealt to _SKR [2h 6s]
*** PRE-FLOP *** 
_SKR folds
Stessy9191 collected 30 from pot
*** SUMMARY ***
Total pot 30 | No rake
Seat 3: Stessy9191 (big blind) won 30


Winamax Poker - Tournament "Expresso Nitro" buyIn: 0.93€ + 0.07€ level: 1 - HandId: #2680874837626322945-5-1674082932 - Holdem no limit (10/20) - 2023/01/18 23:02:12 UTC
Table: 'Expresso Nitro(624189814)#0' 3-max (real money) Seat #3 is the button
Seat 1: _SKR (580)
Seat 3: Stessy9191 (320)
*** ANTE/BLINDS ***
Stessy9191 posts small blind 10
_SKR posts big blind 20
Dealt to _SKR [7h 2s]
*** PRE-FLOP *** 
Stessy9191 calls 10
_SKR checks
*** FLOP *** [Js 5c Ah]
_SKR checks
Stessy9191 checks
*** TURN *** [Js 5c Ah][6s]
_SKR checks
Stessy9191 checks
*** RIVER *** [Js 5c Ah 6s][9h]
_SKR bets 20
Stessy9191 calls 20
*** SHOW DOWN ***
_SKR shows [7h 2s] (High card : Ace)
Stessy9191 shows [Tc Ts] (One pair : Tens)
Stessy9191 collected 80 from pot
*** SUMMARY ***
Total pot 80 | No rake
Board: [Js 5c Ah 6s 9h]
Seat 1: _SKR (big blind) showed [7h 2s] and lost with High card : Ace
Seat 3: Stessy9191 (small blind) (button) showed [Tc Ts] and won 80 with One pair : Tens


Winamax Poker - Tournament "Expresso Nitro" buyIn: 0.93€ + 0.07€ level: 2 - HandId: #2680874837626322945-6-1674082960 - Holdem no limit (15/30) - 2023/01/18 23:02:40 UTC
Table: 'Expresso Nitro(624189814)#0' 3-max (real money) Seat #1 is the button
Seat 1: _SKR (540)
Seat 3: Stessy9191 (360)
*** ANTE/BLINDS ***
_SKR posts small blind 15
Stessy9191 posts big blind 30
Dealt to _SKR [4h 5h]
*** PRE-FLOP *** 
_SKR folds
Stessy9191 collected 45 from pot
*** SUMMARY ***
Total pot 45 | No rake
Seat 3: Stessy9191 (big blind) won 45


Winamax Poker - Tournament "Expresso Nitro" buyIn: 0.93€ + 0.07€ level: 2 - HandId: #2680874837626322945-7-1674082964 - Holdem no limit (15/30) - 2023/01/18 23:02:44 UTC
Table: 'Expresso Nitro(624189814)#0' 3-max (real money) Seat #3 is the button
Seat 1: _SKR (525)
Seat 3: Stessy9191 (375)
*** ANTE/BLINDS ***
Stessy9191 posts small blind 15
_SKR posts big blind 30
Dealt to _SKR [7c 3d]
*** PRE-FLOP *** 
Stessy9191 calls 15
_SKR checks
*** FLOP *** [7d Ah Kh]
_SKR checks
Stessy9191 checks
*** TURN *** [7d Ah Kh][8d]
_SKR checks
Stessy9191 checks
*** RIVER *** [7d Ah Kh 8d][7h]
_SKR bets 39
Stessy9191 folds
_SKR collected 99 from pot
*** SUMMARY ***
Total pot 99 | No rake
Board: [7d Ah Kh 8d 7h]
Seat 1: _SKR (big blind) won 99


Winamax Poker - Tournament "Expresso Nitro" buyIn: 0.93€ + 0.07€ level: 2 - HandId: #2680874837626322945-8-1674082983 - Holdem no limit (15/30) - 2023/01/18 23:03:03 UTC
Table: 'Expresso Nitro(624189814)#0' 3-max (real money) Seat #1 is the button
Seat 1: _SKR (555)
Seat 3: Stessy9191 (345)
*** ANTE/BLINDS ***
_SKR posts small blind 15
Stessy9191 posts big blind 30
Dealt to _SKR [5h Ad]
*** PRE-FLOP *** 
_SKR raises 525 to 555 and is all-in
Stessy9191 calls 315 and is all-in
*** FLOP *** [7s 3c 3s]
*** TURN *** [7s 3c 3s][9c]
*** RIVER *** [7s 3c 3s 9c][3d]
*** SHOW DOWN ***
Stessy9191 shows [Qd Kd] (Trips of 3)
_SKR shows [5h Ad] (Trips of 3)
_SKR collected 900 from pot
*** SUMMARY ***
Total pot 900 | No rake
Board: [7s 3c 3s 9c 3d]
Seat 1: _SKR (small blind) (button) showed [5h Ad] and won 900 with Trips of 3
Seat 3: Stessy9191 (big blind) showed [Qd Kd] and lost with Trips of 3


