Winamax Poker - Tournament "Expresso Nitro" buyIn: 0.93€ + 0.07€ level: 1 - HandId: #2717828074816143361-1-1676236809 - Holdem no limit (10/20) - 2023/02/12 21:20:09 UTC
Table: 'Expresso Nitro(632793660)#0' 3-max (real money) Seat #3 is the button
Seat 1: _SKR (300)
Seat 2: TaTiToTa (300)
Seat 3: Raphitix (300)
*** ANTE/BLINDS ***
_SKR posts small blind 10
TaTiToTa posts big blind 20
Dealt to _SKR [4d 3s]
*** PRE-FLOP *** 
Raphitix folds
_SKR folds
TaTiToTa collected 30 from pot
*** SUMMARY ***
Total pot 30 | No rake
Seat 2: TaTiToTa (big blind) won 30


Winamax Poker - Tournament "Expresso Nitro" buyIn: 0.93€ + 0.07€ level: 1 - HandId: #2717828074816143361-2-1676236816 - Holdem no limit (10/20) - 2023/02/12 21:20:16 UTC
Table: 'Expresso Nitro(632793660)#0' 3-max (real money) Seat #1 is the button
Seat 1: _SKR (290)
Seat 2: TaTiToTa (310)
Seat 3: Raphitix (300)
*** ANTE/BLINDS ***
TaTiToTa posts small blind 10
Raphitix posts big blind 20
Dealt to _SKR [Ah 5h]
*** PRE-FLOP *** 
_SKR raises 270 to 290 and is all-in
TaTiToTa folds
Raphitix folds
_SKR collected 320 from pot
*** SUMMARY ***
Total pot 320 | No rake
Seat 1: _SKR (button) won 320


Winamax Poker - Tournament "Expresso Nitro" buyIn: 0.93€ + 0.07€ level: 1 - HandId: #2717828074816143361-3-1676236827 - Holdem no limit (10/20) - 2023/02/12 21:20:27 UTC
Table: 'Expresso Nitro(632793660)#0' 3-max (real money) Seat #2 is the button
Seat 1: _SKR (320)
Seat 2: TaTiToTa (300)
Seat 3: Raphitix (280)
*** ANTE/BLINDS ***
Raphitix posts small blind 10
_SKR posts big blind 20
Dealt to _SKR [9s 6c]
*** PRE-FLOP *** 
TaTiToTa folds
Raphitix calls 10
_SKR checks
*** FLOP *** [Jd 3c Tc]
Raphitix checks
_SKR checks
*** TURN *** [Jd 3c Tc][3s]
Raphitix bets 20
_SKR folds
Raphitix collected 60 from pot
*** SUMMARY ***
Total pot 60 | No rake
Board: [Jd 3c Tc 3s]
Seat 3: Raphitix (small blind) won 60


Winamax Poker - Tournament "Expresso Nitro" buyIn: 0.93€ + 0.07€ level: 1 - HandId: #2717828074816143361-4-1676236845 - Holdem no limit (10/20) - 2023/02/12 21:20:45 UTC
Table: 'Expresso Nitro(632793660)#0' 3-max (real money) Seat #3 is the button
Seat 1: _SKR (300)
Seat 2: TaTiToTa (300)
Seat 3: Raphitix (300)
*** ANTE/BLINDS ***
_SKR posts small blind 10
TaTiToTa posts big blind 20
Dealt to _SKR [3h 9h]
*** PRE-FLOP *** 
Raphitix calls 20
_SKR folds
TaTiToTa checks
*** FLOP *** [5s Kc 7s]
TaTiToTa checks
Raphitix bets 20
TaTiToTa folds
Raphitix collected 70 from pot
*** SUMMARY ***
Total pot 70 | No rake
Board: [5s Kc 7s]
Seat 3: Raphitix (button) won 70


Winamax Poker - Tournament "Expresso Nitro" buyIn: 0.93€ + 0.07€ level: 2 - HandId: #2717828074816143361-5-1676236866 - Holdem no limit (15/30) - 2023/02/12 21:21:06 UTC
Table: 'Expresso Nitro(632793660)#0' 3-max (real money) Seat #1 is the button
Seat 1: _SKR (290)
Seat 2: TaTiToTa (280)
Seat 3: Raphitix (330)
*** ANTE/BLINDS ***
TaTiToTa posts small blind 15
Raphitix posts big blind 30
Dealt to _SKR [9s Qh]
*** PRE-FLOP *** 
_SKR folds
TaTiToTa folds
Raphitix collected 45 from pot
*** SUMMARY ***
Total pot 45 | No rake
Seat 3: Raphitix (big blind) won 45


Winamax Poker - Tournament "Expresso Nitro" buyIn: 0.93€ + 0.07€ level: 2 - HandId: #2717828074816143361-6-1676236876 - Holdem no limit (15/30) - 2023/02/12 21:21:16 UTC
Table: 'Expresso Nitro(632793660)#0' 3-max (real money) Seat #2 is the button
Seat 1: _SKR (290)
Seat 2: TaTiToTa (265)
Seat 3: Raphitix (345)
*** ANTE/BLINDS ***
Raphitix posts small blind 15
_SKR posts big blind 30
Dealt to _SKR [Kd Qh]
*** PRE-FLOP *** 
TaTiToTa folds
Raphitix folds
_SKR collected 45 from pot
*** SUMMARY ***
Total pot 45 | No rake
Seat 1: _SKR (big blind) won 45


Winamax Poker - Tournament "Expresso Nitro" buyIn: 0.93€ + 0.07€ level: 2 - HandId: #2717828074816143361-7-1676236893 - Holdem no limit (15/30) - 2023/02/12 21:21:33 UTC
Table: 'Expresso Nitro(632793660)#0' 3-max (real money) Seat #3 is the button
Seat 1: _SKR (305)
Seat 2: TaTiToTa (265)
Seat 3: Raphitix (330)
*** ANTE/BLINDS ***
_SKR posts small blind 15
TaTiToTa posts big blind 30
Dealt to _SKR [Th 3c]
*** PRE-FLOP *** 
Raphitix calls 30
_SKR folds
TaTiToTa checks
*** FLOP *** [4c 3s 5h]
TaTiToTa checks
Raphitix bets 30
TaTiToTa calls 30
*** TURN *** [4c 3s 5h][Ah]
TaTiToTa checks
Raphitix bets 30
TaTiToTa calls 30
*** RIVER *** [4c 3s 5h Ah][9d]
TaTiToTa checks
Raphitix bets 30
TaTiToTa raises 70 to 100
Raphitix raises 140 to 240 and is all-in
TaTiToTa calls 75 and is all-in
*** SHOW DOWN ***
TaTiToTa shows [2c 3d] (Straight 5 high)
Raphitix shows [Qs Qd] (One pair : Queens)
Raphitix collected 65 from side pot 1
TaTiToTa collected 545 from main pot
*** SUMMARY ***
Total pot 610 | No rake
Board: [4c 3s 5h Ah 9d]
Seat 2: TaTiToTa (big blind) showed [2c 3d] and won 545 with Straight 5 high
Seat 3: Raphitix (button) showed [Qs Qd] and won 65 with One pair : Queens


Winamax Poker - Tournament "Expresso Nitro" buyIn: 0.93€ + 0.07€ level: 3 - HandId: #2717828074816143361-8-1676236944 - Holdem no limit (20/40) - 2023/02/12 21:22:24 UTC
Table: 'Expresso Nitro(632793660)#0' 3-max (real money) Seat #1 is the button
Seat 1: _SKR (290)
Seat 2: TaTiToTa (545)
Seat 3: Raphitix (65)
*** ANTE/BLINDS ***
TaTiToTa posts small blind 20
Raphitix posts big blind 40
Dealt to _SKR [9h 3d]
*** PRE-FLOP *** 
_SKR folds
TaTiToTa folds
Raphitix collected 60 from pot
*** SUMMARY ***
Total pot 60 | No rake
Seat 3: Raphitix (big blind) won 60


Winamax Poker - Tournament "Expresso Nitro" buyIn: 0.93€ + 0.07€ level: 3 - HandId: #2717828074816143361-9-1676236954 - Holdem no limit (20/40) - 2023/02/12 21:22:34 UTC
Table: 'Expresso Nitro(632793660)#0' 3-max (real money) Seat #2 is the button
Seat 1: _SKR (290)
Seat 2: TaTiToTa (525)
Seat 3: Raphitix (85)
*** ANTE/BLINDS ***
Raphitix posts small blind 20
_SKR posts big blind 40
Dealt to _SKR [Jd 5c]
*** PRE-FLOP *** 
TaTiToTa folds
Raphitix raises 45 to 85 and is all-in
_SKR calls 45
*** FLOP *** [Ah Ad As]
*** TURN *** [Ah Ad As][2s]
*** RIVER *** [Ah Ad As 2s][9c]
*** SHOW DOWN ***
_SKR shows [Jd 5c] (Trips of Aces)
Raphitix shows [2d Kc] (Full of Aces and 2)
Raphitix collected 170 from pot
*** SUMMARY ***
Total pot 170 | No rake
Board: [Ah Ad As 2s 9c]
Seat 1: _SKR (big blind) showed [Jd 5c] and lost with Trips of Aces
Seat 3: Raphitix (small blind) showed [2d Kc] and won 170 with Full of Aces and 2


Winamax Poker - Tournament "Expresso Nitro" buyIn: 0.93€ + 0.07€ level: 3 - HandId: #2717828074816143361-10-1676236972 - Holdem no limit (20/40) - 2023/02/12 21:22:52 UTC
Table: 'Expresso Nitro(632793660)#0' 3-max (real money) Seat #3 is the button
Seat 1: _SKR (205)
Seat 2: TaTiToTa (525)
Seat 3: Raphitix (170)
*** ANTE/BLINDS ***
_SKR posts small blind 20
TaTiToTa posts big blind 40
Dealt to _SKR [7h Ks]
*** PRE-FLOP *** 
Raphitix raises 130 to 170 and is all-in
_SKR folds
TaTiToTa calls 130
*** FLOP *** [6s 9s Td]
*** TURN *** [6s 9s Td][8d]
*** RIVER *** [6s 9s Td 8d][3d]
*** SHOW DOWN ***
Raphitix shows [Th Qh] (One pair : Tens)
TaTiToTa shows [Tc 8s] (Two pairs : Tens and 8)
TaTiToTa collected 360 from pot
*** SUMMARY ***
Total pot 360 | No rake
Board: [6s 9s Td 8d 3d]
Seat 2: TaTiToTa (big blind) showed [Tc 8s] and won 360 with Two pairs : Tens and 8
Seat 3: Raphitix (button) showed [Th Qh] and lost with One pair : Tens


Winamax Poker - Tournament "Expresso Nitro" buyIn: 0.93€ + 0.07€ level: 4 - HandId: #2717828074816143361-11-1676236989 - Holdem no limit (30/60) - 2023/02/12 21:23:09 UTC
Table: 'Expresso Nitro(632793660)#0' 3-max (real money) Seat #2 is the button
Seat 1: _SKR (185)
Seat 2: TaTiToTa (715)
*** ANTE/BLINDS ***
TaTiToTa posts small blind 30
_SKR posts big blind 60
Dealt to _SKR [7d 8d]
*** PRE-FLOP *** 
TaTiToTa folds
_SKR collected 90 from pot
*** SUMMARY ***
Total pot 90 | No rake
Seat 1: _SKR (big blind) won 90


Winamax Poker - Tournament "Expresso Nitro" buyIn: 0.93€ + 0.07€ level: 4 - HandId: #2717828074816143361-12-1676236993 - Holdem no limit (30/60) - 2023/02/12 21:23:13 UTC
Table: 'Expresso Nitro(632793660)#0' 3-max (real money) Seat #1 is the button
Seat 1: _SKR (215)
Seat 2: TaTiToTa (685)
*** ANTE/BLINDS ***
_SKR posts small blind 30
TaTiToTa posts big blind 60
Dealt to _SKR [Kh Tc]
*** PRE-FLOP *** 
_SKR raises 155 to 215 and is all-in
TaTiToTa calls 155
*** FLOP *** [6c 9c Jh]
*** TURN *** [6c 9c Jh][8d]
*** RIVER *** [6c 9c Jh 8d][7s]
*** SHOW DOWN ***
TaTiToTa shows [4s Ah] (High card : Ace)
_SKR shows [Kh Tc] (Straight Jack high)
_SKR collected 430 from pot
*** SUMMARY ***
Total pot 430 | No rake
Board: [6c 9c Jh 8d 7s]
Seat 1: _SKR (small blind) (button) showed [Kh Tc] and won 430 with Straight Jack high
Seat 2: TaTiToTa (big blind) showed [4s Ah] and lost with High card : Ace


Winamax Poker - Tournament "Expresso Nitro" buyIn: 0.93€ + 0.07€ level: 4 - HandId: #2717828074816143361-13-1676237008 - Holdem no limit (30/60) - 2023/02/12 21:23:28 UTC
Table: 'Expresso Nitro(632793660)#0' 3-max (real money) Seat #2 is the button
Seat 1: _SKR (430)
Seat 2: TaTiToTa (470)
*** ANTE/BLINDS ***
TaTiToTa posts small blind 30
_SKR posts big blind 60
Dealt to _SKR [Ad Kd]
*** PRE-FLOP *** 
TaTiToTa raises 410 to 470 and is all-in
_SKR calls 370 and is all-in
*** FLOP *** [9h Td Ks]
*** TURN *** [9h Td Ks][Qs]
*** RIVER *** [9h Td Ks Qs][2s]
*** SHOW DOWN ***
_SKR shows [Ad Kd] (One pair : Kings)
TaTiToTa shows [6h Kh] (One pair : Kings)
TaTiToTa collected 40 from side pot 1
_SKR collected 860 from main pot
*** SUMMARY ***
Total pot 900 | No rake
Board: [9h Td Ks Qs 2s]
Seat 1: _SKR (big blind) showed [Ad Kd] and won 860 with One pair : Kings
Seat 2: TaTiToTa (small blind) (button) showed [6h Kh] and won 40 with One pair : Kings


Winamax Poker - Tournament "Expresso Nitro" buyIn: 0.93€ + 0.07€ level: 4 - HandId: #2717828074816143361-14-1676237023 - Holdem no limit (30/60) - 2023/02/12 21:23:43 UTC
Table: 'Expresso Nitro(632793660)#0' 3-max (real money) Seat #1 is the button
Seat 1: _SKR (860)
Seat 2: TaTiToTa (40)
*** ANTE/BLINDS ***
_SKR posts small blind 30
TaTiToTa posts big blind 40 and is all-in
Dealt to _SKR [9h 3s]
*** PRE-FLOP *** 
_SKR calls 30
*** FLOP *** [Ad Ac 4d]
*** TURN *** [Ad Ac 4d][As]
*** RIVER *** [Ad Ac 4d As][2h]
*** SHOW DOWN ***
_SKR shows [9h 3s] (Trips of Aces)
TaTiToTa shows [2d 2s] (Full of Aces and 2)
TaTiToTa collected 80 from main pot
_SKR collected 20 from side pot 1
*** SUMMARY ***
Total pot 100 | No rake
Board: [Ad Ac 4d As 2h]
Seat 1: _SKR (small blind) (button) showed [9h 3s] and won 20 with Trips of Aces
Seat 2: TaTiToTa (big blind) showed [2d 2s] and won 80 with Full of Aces and 2


Winamax Poker - Tournament "Expresso Nitro" buyIn: 0.93€ + 0.07€ level: 4 - HandId: #2717828074816143361-15-1676237033 - Holdem no limit (30/60) - 2023/02/12 21:23:53 UTC
Table: 'Expresso Nitro(632793660)#0' 3-max (real money) Seat #2 is the button
Seat 1: _SKR (820)
Seat 2: TaTiToTa (80)
*** ANTE/BLINDS ***
TaTiToTa posts small blind 30
_SKR posts big blind 60
Dealt to _SKR [9d Kc]
*** PRE-FLOP *** 
TaTiToTa raises 20 to 80 and is all-in
_SKR calls 20
*** FLOP *** [As 2d Ac]
*** TURN *** [As 2d Ac][Qs]
*** RIVER *** [As 2d Ac Qs][7h]
*** SHOW DOWN ***
TaTiToTa shows [5h 9h] (One pair : Aces)
_SKR shows [9d Kc] (One pair : Aces)
_SKR collected 160 from pot
*** SUMMARY ***
Total pot 160 | No rake
Board: [As 2d Ac Qs 7h]
Seat 1: _SKR (big blind) showed [9d Kc] and won 160 with One pair : Aces
Seat 2: TaTiToTa (small blind) (button) showed [5h 9h] and lost with One pair : Aces


