Winamax Poker - Tournament "Expresso Nitro" buyIn: 0.93€ + 0.07€ level: 1 - HandId: #2689755021813219329-1-1674649911 - Holdem no limit (10/20) - 2023/01/25 12:31:51 UTC
Table: 'Expresso Nitro(626257393)#0' 3-max (real money) Seat #3 is the button
Seat 1: Alexhusz (300)
Seat 2: _SKR (300)
Seat 3: Trickynstein (300)
*** ANTE/BLINDS ***
Alexhusz posts small blind 10
_SKR posts big blind 20
Dealt to _SKR [4c 2h]
*** PRE-FLOP *** 
Trickynstein folds
Alexhusz calls 10
_SKR checks
*** FLOP *** [Js 3h 3d]
Alexhusz checks
_SKR checks
*** TURN *** [Js 3h 3d][As]
Alexhusz checks
_SKR checks
*** RIVER *** [Js 3h 3d As][6s]
Alexhusz checks
_SKR checks
*** SHOW DOWN ***
_SKR shows [4c 2h] (One pair : 3)
Alexhusz shows [5h 6h] (Two pairs : 6 and 3)
Alexhusz collected 40 from pot
*** SUMMARY ***
Total pot 40 | No rake
Board: [Js 3h 3d As 6s]
Seat 1: Alexhusz (small blind) showed [5h 6h] and won 40 with Two pairs : 6 and 3
Seat 2: _SKR (big blind) showed [4c 2h] and lost with One pair : 3


Winamax Poker - Tournament "Expresso Nitro" buyIn: 0.93€ + 0.07€ level: 2 - HandId: #2689755021813219329-2-1674649978 - Holdem no limit (15/30) - 2023/01/25 12:32:58 UTC
Table: 'Expresso Nitro(626257393)#0' 3-max (real money) Seat #1 is the button
Seat 1: Alexhusz (320)
Seat 2: _SKR (280)
Seat 3: Trickynstein (300)
*** ANTE/BLINDS ***
_SKR posts small blind 15
Trickynstein posts big blind 30
Dealt to _SKR [3d 5d]
*** PRE-FLOP *** 
Alexhusz folds
_SKR folds
Trickynstein collected 45 from pot
*** SUMMARY ***
Total pot 45 | No rake
Seat 3: Trickynstein (big blind) won 45


Winamax Poker - Tournament "Expresso Nitro" buyIn: 0.93€ + 0.07€ level: 2 - HandId: #2689755021813219329-3-1674649984 - Holdem no limit (15/30) - 2023/01/25 12:33:04 UTC
Table: 'Expresso Nitro(626257393)#0' 3-max (real money) Seat #2 is the button
Seat 1: Alexhusz (320)
Seat 2: _SKR (265)
Seat 3: Trickynstein (315)
*** ANTE/BLINDS ***
Trickynstein posts small blind 15
Alexhusz posts big blind 30
Dealt to _SKR [Ac 6h]
*** PRE-FLOP *** 
_SKR raises 235 to 265 and is all-in
Trickynstein folds
Alexhusz folds
_SKR collected 310 from pot
*** SUMMARY ***
Total pot 310 | No rake
Seat 2: _SKR (button) won 310


Winamax Poker - Tournament "Expresso Nitro" buyIn: 0.93€ + 0.07€ level: 2 - HandId: #2689755021813219329-4-1674650003 - Holdem no limit (15/30) - 2023/01/25 12:33:23 UTC
Table: 'Expresso Nitro(626257393)#0' 3-max (real money) Seat #3 is the button
Seat 1: Alexhusz (290)
Seat 2: _SKR (310)
Seat 3: Trickynstein (300)
*** ANTE/BLINDS ***
Alexhusz posts small blind 15
_SKR posts big blind 30
Dealt to _SKR [9c Tc]
*** PRE-FLOP *** 
Trickynstein folds
Alexhusz folds
_SKR collected 45 from pot
*** SUMMARY ***
Total pot 45 | No rake
Seat 2: _SKR (big blind) won 45


Winamax Poker - Tournament "Expresso Nitro" buyIn: 0.93€ + 0.07€ level: 2 - HandId: #2689755021813219329-5-1674650013 - Holdem no limit (15/30) - 2023/01/25 12:33:33 UTC
Table: 'Expresso Nitro(626257393)#0' 3-max (real money) Seat #1 is the button
Seat 1: Alexhusz (275)
Seat 2: _SKR (325)
Seat 3: Trickynstein (300)
*** ANTE/BLINDS ***
_SKR posts small blind 15
Trickynstein posts big blind 30
Dealt to _SKR [Qc 6c]
*** PRE-FLOP *** 
Alexhusz raises 245 to 275 and is all-in
_SKR folds
Trickynstein folds
Alexhusz collected 320 from pot
*** SUMMARY ***
Total pot 320 | No rake
Seat 1: Alexhusz (button) won 320


Winamax Poker - Tournament "Expresso Nitro" buyIn: 0.93€ + 0.07€ level: 3 - HandId: #2689755021813219329-6-1674650027 - Holdem no limit (20/40) - 2023/01/25 12:33:47 UTC
Table: 'Expresso Nitro(626257393)#0' 3-max (real money) Seat #2 is the button
Seat 1: Alexhusz (320)
Seat 2: _SKR (310)
Seat 3: Trickynstein (270)
*** ANTE/BLINDS ***
Trickynstein posts small blind 20
Alexhusz posts big blind 40
Dealt to _SKR [4d Qc]
*** PRE-FLOP *** 
_SKR folds
Trickynstein raises 230 to 270 and is all-in
Alexhusz folds
Trickynstein collected 310 from pot
*** SUMMARY ***
Total pot 310 | No rake
Seat 3: Trickynstein (small blind) won 310


Winamax Poker - Tournament "Expresso Nitro" buyIn: 0.93€ + 0.07€ level: 3 - HandId: #2689755021813219329-7-1674650035 - Holdem no limit (20/40) - 2023/01/25 12:33:55 UTC
Table: 'Expresso Nitro(626257393)#0' 3-max (real money) Seat #3 is the button
Seat 1: Alexhusz (280)
Seat 2: _SKR (310)
Seat 3: Trickynstein (310)
*** ANTE/BLINDS ***
Alexhusz posts small blind 20
_SKR posts big blind 40
Dealt to _SKR [6s Kc]
*** PRE-FLOP *** 
Trickynstein folds
Alexhusz calls 20
_SKR raises 270 to 310 and is all-in
Alexhusz folds
_SKR collected 350 from pot
*** SUMMARY ***
Total pot 350 | No rake
Seat 2: _SKR (big blind) won 350


Winamax Poker - Tournament "Expresso Nitro" buyIn: 0.93€ + 0.07€ level: 3 - HandId: #2689755021813219329-8-1674650045 - Holdem no limit (20/40) - 2023/01/25 12:34:05 UTC
Table: 'Expresso Nitro(626257393)#0' 3-max (real money) Seat #1 is the button
Seat 1: Alexhusz (240)
Seat 2: _SKR (350)
Seat 3: Trickynstein (310)
*** ANTE/BLINDS ***
_SKR posts small blind 20
Trickynstein posts big blind 40
Dealt to _SKR [Ad Ks]
*** PRE-FLOP *** 
Alexhusz folds
_SKR raises 310 to 350 and is all-in
Trickynstein calls 270 and is all-in
*** FLOP *** [3s 6c 7c]
*** TURN *** [3s 6c 7c][9d]
*** RIVER *** [3s 6c 7c 9d][8h]
*** SHOW DOWN ***
_SKR shows [Ad Ks] (High card : Ace)
Trickynstein shows [Ah 7d] (One pair : 7)
Trickynstein collected 620 from main pot
_SKR collected 40 from side pot 1
*** SUMMARY ***
Total pot 660 | No rake
Board: [3s 6c 7c 9d 8h]
Seat 2: _SKR (small blind) showed [Ad Ks] and won 40 with High card : Ace
Seat 3: Trickynstein (big blind) showed [Ah 7d] and won 620 with One pair : 7


Winamax Poker - Tournament "Expresso Nitro" buyIn: 0.93€ + 0.07€ level: 3 - HandId: #2689755021813219329-9-1674650061 - Holdem no limit (20/40) - 2023/01/25 12:34:21 UTC
Table: 'Expresso Nitro(626257393)#0' 3-max (real money) Seat #2 is the button
Seat 1: Alexhusz (240)
Seat 2: _SKR (40)
Seat 3: Trickynstein (620)
*** ANTE/BLINDS ***
Trickynstein posts small blind 20
Alexhusz posts big blind 40
Dealt to _SKR [3c Ad]
*** PRE-FLOP *** 
_SKR calls 40 and is all-in
Trickynstein calls 20
Alexhusz checks
*** FLOP *** [7c Qh Ah]
Trickynstein checks
Alexhusz checks
*** TURN *** [7c Qh Ah][2h]
Trickynstein checks
Alexhusz checks
*** RIVER *** [7c Qh Ah 2h][4h]
Trickynstein checks
Alexhusz checks
*** SHOW DOWN ***
Alexhusz shows [2d 9c] (One pair : 2)
Trickynstein shows [8d Tc] (High card : Ace)
_SKR shows [3c Ad] (One pair : Aces)
_SKR collected 120 from pot
*** SUMMARY ***
Total pot 120 | No rake
Board: [7c Qh Ah 2h 4h]
Seat 1: Alexhusz (big blind) showed [2d 9c] and lost with One pair : 2
Seat 2: _SKR (button) showed [3c Ad] and won 120 with One pair : Aces
Seat 3: Trickynstein (small blind) showed [8d Tc] and lost with High card : Ace


Winamax Poker - Tournament "Expresso Nitro" buyIn: 0.93€ + 0.07€ level: 4 - HandId: #2689755021813219329-10-1674650103 - Holdem no limit (30/60) - 2023/01/25 12:35:03 UTC
Table: 'Expresso Nitro(626257393)#0' 3-max (real money) Seat #3 is the button
Seat 1: Alexhusz (200)
Seat 2: _SKR (120)
Seat 3: Trickynstein (580)
*** ANTE/BLINDS ***
Alexhusz posts small blind 30
_SKR posts big blind 60
Dealt to _SKR [2c 5c]
*** PRE-FLOP *** 
Trickynstein raises 520 to 580 and is all-in
Alexhusz folds
_SKR calls 60 and is all-in
*** FLOP *** [9s Td Tc]
*** TURN *** [9s Td Tc][4s]
*** RIVER *** [9s Td Tc 4s][Ac]
*** SHOW DOWN ***
_SKR shows [2c 5c] (One pair : Tens)
Trickynstein shows [Jc 8h] (One pair : Tens)
Trickynstein collected 730 from pot
*** SUMMARY ***
Total pot 730 | No rake
Board: [9s Td Tc 4s Ac]
Seat 2: _SKR (big blind) showed [2c 5c] and lost with One pair : Tens
Seat 3: Trickynstein (button) showed [Jc 8h] and won 730 with One pair : Tens


