Winamax Poker - Tournament "Expresso Nitro" buyIn: 0.93€ + 0.07€ level: 1 - HandId: #2718658231864918017-1-1676293918 - Holdem no limit (10/20) - 2023/02/13 13:11:58 UTC
Table: 'Expresso Nitro(632986946)#0' 3-max (real money) Seat #3 is the button
Seat 1: FDJ-en-sueur (300)
Seat 2: _SKR (300)
Seat 3: briasfw (300)
*** ANTE/BLINDS ***
FDJ-en-sueur posts small blind 10
_SKR posts big blind 20
Dealt to _SKR [7c 5c]
*** PRE-FLOP *** 
briasfw calls 20
FDJ-en-sueur calls 10
_SKR checks
*** FLOP *** [Ad 2c Jd]
FDJ-en-sueur checks
_SKR checks
briasfw checks
*** TURN *** [Ad 2c Jd][2d]
FDJ-en-sueur checks
_SKR checks
briasfw checks
*** RIVER *** [Ad 2c Jd 2d][Ts]
FDJ-en-sueur bets 20
_SKR folds
briasfw folds
FDJ-en-sueur collected 80 from pot
*** SUMMARY ***
Total pot 80 | No rake
Board: [Ad 2c Jd 2d Ts]
Seat 1: FDJ-en-sueur (small blind) won 80


Winamax Poker - Tournament "Expresso Nitro" buyIn: 0.93€ + 0.07€ level: 1 - HandId: #2718658231864918017-2-1676293952 - Holdem no limit (10/20) - 2023/02/13 13:12:32 UTC
Table: 'Expresso Nitro(632986946)#0' 3-max (real money) Seat #1 is the button
Seat 1: FDJ-en-sueur (340)
Seat 2: _SKR (280)
Seat 3: briasfw (280)
*** ANTE/BLINDS ***
_SKR posts small blind 10
briasfw posts big blind 20
Dealt to _SKR [9c 3s]
*** PRE-FLOP *** 
FDJ-en-sueur folds
_SKR folds
briasfw collected 30 from pot
*** SUMMARY ***
Total pot 30 | No rake
Seat 3: briasfw (big blind) won 30


Winamax Poker - Tournament "Expresso Nitro" buyIn: 0.93€ + 0.07€ level: 1 - HandId: #2718658231864918017-3-1676293957 - Holdem no limit (10/20) - 2023/02/13 13:12:37 UTC
Table: 'Expresso Nitro(632986946)#0' 3-max (real money) Seat #2 is the button
Seat 1: FDJ-en-sueur (340)
Seat 2: _SKR (270)
Seat 3: briasfw (290)
*** ANTE/BLINDS ***
briasfw posts small blind 10
FDJ-en-sueur posts big blind 20
Dealt to _SKR [7d Kc]
*** PRE-FLOP *** 
_SKR folds
briasfw calls 10
FDJ-en-sueur checks
*** FLOP *** [5c 9d 6h]
briasfw checks
FDJ-en-sueur checks
*** TURN *** [5c 9d 6h][3s]
briasfw checks
FDJ-en-sueur checks
*** RIVER *** [5c 9d 6h 3s][Kh]
briasfw checks
FDJ-en-sueur checks
*** SHOW DOWN ***
briasfw shows [Qs 2c] (High card : King)
FDJ-en-sueur shows [Td 3h] (One pair : 3)
FDJ-en-sueur collected 40 from pot
*** SUMMARY ***
Total pot 40 | No rake
Board: [5c 9d 6h 3s Kh]
Seat 1: FDJ-en-sueur (big blind) showed [Td 3h] and won 40 with One pair : 3
Seat 3: briasfw (small blind) showed [Qs 2c] and lost with High card : King


Winamax Poker - Tournament "Expresso Nitro" buyIn: 0.93€ + 0.07€ level: 2 - HandId: #2718658231864918017-4-1676293983 - Holdem no limit (15/30) - 2023/02/13 13:13:03 UTC
Table: 'Expresso Nitro(632986946)#0' 3-max (real money) Seat #3 is the button
Seat 1: FDJ-en-sueur (360)
Seat 2: _SKR (270)
Seat 3: briasfw (270)
*** ANTE/BLINDS ***
FDJ-en-sueur posts small blind 15
_SKR posts big blind 30
Dealt to _SKR [8d 4d]
*** PRE-FLOP *** 
briasfw raises 75 to 105
FDJ-en-sueur folds
_SKR folds
briasfw collected 150 from pot
*** SUMMARY ***
Total pot 150 | No rake
Seat 3: briasfw (button) won 150


Winamax Poker - Tournament "Expresso Nitro" buyIn: 0.93€ + 0.07€ level: 2 - HandId: #2718658231864918017-5-1676293990 - Holdem no limit (15/30) - 2023/02/13 13:13:10 UTC
Table: 'Expresso Nitro(632986946)#0' 3-max (real money) Seat #1 is the button
Seat 1: FDJ-en-sueur (345)
Seat 2: _SKR (240)
Seat 3: briasfw (315)
*** ANTE/BLINDS ***
_SKR posts small blind 15
briasfw posts big blind 30
Dealt to _SKR [3h Th]
*** PRE-FLOP *** 
FDJ-en-sueur raises 30 to 60
_SKR folds
briasfw raises 255 to 315 and is all-in
FDJ-en-sueur folds
briasfw collected 390 from pot
*** SUMMARY ***
Total pot 390 | No rake
Seat 3: briasfw (big blind) won 390


Winamax Poker - Tournament "Expresso Nitro" buyIn: 0.93€ + 0.07€ level: 2 - HandId: #2718658231864918017-6-1676294001 - Holdem no limit (15/30) - 2023/02/13 13:13:21 UTC
Table: 'Expresso Nitro(632986946)#0' 3-max (real money) Seat #2 is the button
Seat 1: FDJ-en-sueur (285)
Seat 2: _SKR (225)
Seat 3: briasfw (390)
*** ANTE/BLINDS ***
briasfw posts small blind 15
FDJ-en-sueur posts big blind 30
Dealt to _SKR [7c 9s]
*** PRE-FLOP *** 
_SKR folds
briasfw calls 15
FDJ-en-sueur checks
*** FLOP *** [Tc 8d 2s]
briasfw checks
FDJ-en-sueur checks
*** TURN *** [Tc 8d 2s][Qc]
briasfw bets 60
FDJ-en-sueur folds
briasfw collected 120 from pot
*** SUMMARY ***
Total pot 120 | No rake
Board: [Tc 8d 2s Qc]
Seat 3: briasfw (small blind) won 120


Winamax Poker - Tournament "Expresso Nitro" buyIn: 0.93€ + 0.07€ level: 3 - HandId: #2718658231864918017-7-1676294036 - Holdem no limit (20/40) - 2023/02/13 13:13:56 UTC
Table: 'Expresso Nitro(632986946)#0' 3-max (real money) Seat #3 is the button
Seat 1: FDJ-en-sueur (255)
Seat 2: _SKR (225)
Seat 3: briasfw (420)
*** ANTE/BLINDS ***
FDJ-en-sueur posts small blind 20
_SKR posts big blind 40
Dealt to _SKR [9s 6c]
*** PRE-FLOP *** 
briasfw raises 60 to 100
FDJ-en-sueur calls 80
_SKR folds
*** FLOP *** [6d Ac 8s]
FDJ-en-sueur bets 155 and is all-in
briasfw calls 155
*** TURN *** [6d Ac 8s][Ts]
*** RIVER *** [6d Ac 8s Ts][7h]
*** SHOW DOWN ***
briasfw shows [2s 2c] (One pair : 2)
FDJ-en-sueur shows [Kd Th] (One pair : Tens)
FDJ-en-sueur collected 550 from pot
*** SUMMARY ***
Total pot 550 | No rake
Board: [6d Ac 8s Ts 7h]
Seat 1: FDJ-en-sueur (small blind) showed [Kd Th] and won 550 with One pair : Tens
Seat 3: briasfw (button) showed [2s 2c] and lost with One pair : 2


Winamax Poker - Tournament "Expresso Nitro" buyIn: 0.93€ + 0.07€ level: 3 - HandId: #2718658231864918017-8-1676294055 - Holdem no limit (20/40) - 2023/02/13 13:14:15 UTC
Table: 'Expresso Nitro(632986946)#0' 3-max (real money) Seat #1 is the button
Seat 1: FDJ-en-sueur (550)
Seat 2: _SKR (185)
Seat 3: briasfw (165)
*** ANTE/BLINDS ***
_SKR posts small blind 20
briasfw posts big blind 40
Dealt to _SKR [9s 8h]
*** PRE-FLOP *** 
FDJ-en-sueur folds
_SKR folds
briasfw collected 60 from pot
*** SUMMARY ***
Total pot 60 | No rake
Seat 3: briasfw (big blind) won 60


Winamax Poker - Tournament "Expresso Nitro" buyIn: 0.93€ + 0.07€ level: 3 - HandId: #2718658231864918017-9-1676294061 - Holdem no limit (20/40) - 2023/02/13 13:14:21 UTC
Table: 'Expresso Nitro(632986946)#0' 3-max (real money) Seat #2 is the button
Seat 1: FDJ-en-sueur (550)
Seat 2: _SKR (165)
Seat 3: briasfw (185)
*** ANTE/BLINDS ***
briasfw posts small blind 20
FDJ-en-sueur posts big blind 40
Dealt to _SKR [Kc 4h]
*** PRE-FLOP *** 
_SKR folds
briasfw raises 40 to 80
FDJ-en-sueur calls 40
*** FLOP *** [Ks 6c Ts]
briasfw bets 56
FDJ-en-sueur calls 56
*** TURN *** [Ks 6c Ts][3s]
briasfw checks
FDJ-en-sueur bets 414 and is all-in
briasfw calls 49 and is all-in
*** RIVER *** [Ks 6c Ts 3s][9d]
*** SHOW DOWN ***
briasfw shows [Jh 8h] (High card : King)
FDJ-en-sueur shows [Qs 4s] (Flush King high)
FDJ-en-sueur collected 735 from pot
*** SUMMARY ***
Total pot 735 | No rake
Board: [Ks 6c Ts 3s 9d]
Seat 1: FDJ-en-sueur (big blind) showed [Qs 4s] and won 735 with Flush King high
Seat 3: briasfw (small blind) showed [Jh 8h] and lost with High card : King


Winamax Poker - Tournament "Expresso Nitro" buyIn: 0.93€ + 0.07€ level: 3 - HandId: #2718658231864918017-10-1676294093 - Holdem no limit (20/40) - 2023/02/13 13:14:53 UTC
Table: 'Expresso Nitro(632986946)#0' 3-max (real money) Seat #1 is the button
Seat 1: FDJ-en-sueur (735)
Seat 2: _SKR (165)
*** ANTE/BLINDS ***
FDJ-en-sueur posts small blind 20
_SKR posts big blind 40
Dealt to _SKR [8c Kh]
*** PRE-FLOP *** 
FDJ-en-sueur calls 20
_SKR raises 125 to 165 and is all-in
FDJ-en-sueur folds
_SKR collected 205 from pot
*** SUMMARY ***
Total pot 205 | No rake
Seat 2: _SKR (big blind) won 205


Winamax Poker - Tournament "Expresso Nitro" buyIn: 0.93€ + 0.07€ level: 4 - HandId: #2718658231864918017-11-1676294101 - Holdem no limit (30/60) - 2023/02/13 13:15:01 UTC
Table: 'Expresso Nitro(632986946)#0' 3-max (real money) Seat #2 is the button
Seat 1: FDJ-en-sueur (695)
Seat 2: _SKR (205)
*** ANTE/BLINDS ***
_SKR posts small blind 30
FDJ-en-sueur posts big blind 60
Dealt to _SKR [5s 9d]
*** PRE-FLOP *** 
_SKR folds
FDJ-en-sueur collected 90 from pot
*** SUMMARY ***
Total pot 90 | No rake
Seat 1: FDJ-en-sueur (big blind) won 90


Winamax Poker - Tournament "Expresso Nitro" buyIn: 0.93€ + 0.07€ level: 4 - HandId: #2718658231864918017-12-1676294105 - Holdem no limit (30/60) - 2023/02/13 13:15:05 UTC
Table: 'Expresso Nitro(632986946)#0' 3-max (real money) Seat #1 is the button
Seat 1: FDJ-en-sueur (725)
Seat 2: _SKR (175)
*** ANTE/BLINDS ***
FDJ-en-sueur posts small blind 30
_SKR posts big blind 60
Dealt to _SKR [Ac Js]
*** PRE-FLOP *** 
FDJ-en-sueur folds
_SKR collected 90 from pot
*** SUMMARY ***
Total pot 90 | No rake
Seat 2: _SKR (big blind) won 90


Winamax Poker - Tournament "Expresso Nitro" buyIn: 0.93€ + 0.07€ level: 4 - HandId: #2718658231864918017-13-1676294108 - Holdem no limit (30/60) - 2023/02/13 13:15:08 UTC
Table: 'Expresso Nitro(632986946)#0' 3-max (real money) Seat #2 is the button
Seat 1: FDJ-en-sueur (695)
Seat 2: _SKR (205)
*** ANTE/BLINDS ***
_SKR posts small blind 30
FDJ-en-sueur posts big blind 60
Dealt to _SKR [3s 4h]
*** PRE-FLOP *** 
_SKR folds
FDJ-en-sueur collected 90 from pot
*** SUMMARY ***
Total pot 90 | No rake
Seat 1: FDJ-en-sueur (big blind) won 90


Winamax Poker - Tournament "Expresso Nitro" buyIn: 0.93€ + 0.07€ level: 4 - HandId: #2718658231864918017-14-1676294117 - Holdem no limit (30/60) - 2023/02/13 13:15:17 UTC
Table: 'Expresso Nitro(632986946)#0' 3-max (real money) Seat #1 is the button
Seat 1: FDJ-en-sueur (725)
Seat 2: _SKR (175)
*** ANTE/BLINDS ***
FDJ-en-sueur posts small blind 30
_SKR posts big blind 60
Dealt to _SKR [9h Jc]
*** PRE-FLOP *** 
FDJ-en-sueur calls 30
_SKR checks
*** FLOP *** [Kc 4s 3s]
_SKR checks
FDJ-en-sueur checks
*** TURN *** [Kc 4s 3s][Jh]
_SKR bets 115 and is all-in
FDJ-en-sueur folds
_SKR collected 235 from pot
*** SUMMARY ***
Total pot 235 | No rake
Board: [Kc 4s 3s Jh]
Seat 2: _SKR (big blind) won 235


Winamax Poker - Tournament "Expresso Nitro" buyIn: 0.93€ + 0.07€ level: 4 - HandId: #2718658231864918017-15-1676294132 - Holdem no limit (30/60) - 2023/02/13 13:15:32 UTC
Table: 'Expresso Nitro(632986946)#0' 3-max (real money) Seat #2 is the button
Seat 1: FDJ-en-sueur (665)
Seat 2: _SKR (235)
*** ANTE/BLINDS ***
_SKR posts small blind 30
FDJ-en-sueur posts big blind 60
Dealt to _SKR [7h Jc]
*** PRE-FLOP *** 
_SKR raises 175 to 235 and is all-in
FDJ-en-sueur calls 175
*** FLOP *** [Jd Ah Qc]
*** TURN *** [Jd Ah Qc][9c]
*** RIVER *** [Jd Ah Qc 9c][6h]
*** SHOW DOWN ***
FDJ-en-sueur shows [9s Tc] (One pair : 9)
_SKR shows [7h Jc] (One pair : Jacks)
_SKR collected 470 from pot
*** SUMMARY ***
Total pot 470 | No rake
Board: [Jd Ah Qc 9c 6h]
Seat 1: FDJ-en-sueur (big blind) showed [9s Tc] and lost with One pair : 9
Seat 2: _SKR (small blind) (button) showed [7h Jc] and won 470 with One pair : Jacks


Winamax Poker - Tournament "Expresso Nitro" buyIn: 0.93€ + 0.07€ level: 4 - HandId: #2718658231864918017-16-1676294145 - Holdem no limit (30/60) - 2023/02/13 13:15:45 UTC
Table: 'Expresso Nitro(632986946)#0' 3-max (real money) Seat #1 is the button
Seat 1: FDJ-en-sueur (430)
Seat 2: _SKR (470)
*** ANTE/BLINDS ***
FDJ-en-sueur posts small blind 30
_SKR posts big blind 60
Dealt to _SKR [Qc 4d]
*** PRE-FLOP *** 
FDJ-en-sueur raises 370 to 430 and is all-in
_SKR folds
FDJ-en-sueur collected 490 from pot
*** SUMMARY ***
Total pot 490 | No rake
Seat 1: FDJ-en-sueur (small blind) (button) won 490


Winamax Poker - Tournament "Expresso Nitro" buyIn: 0.93€ + 0.07€ level: 4 - HandId: #2718658231864918017-17-1676294150 - Holdem no limit (30/60) - 2023/02/13 13:15:50 UTC
Table: 'Expresso Nitro(632986946)#0' 3-max (real money) Seat #2 is the button
Seat 1: FDJ-en-sueur (490)
Seat 2: _SKR (410)
*** ANTE/BLINDS ***
_SKR posts small blind 30
FDJ-en-sueur posts big blind 60
Dealt to _SKR [Kh 9c]
*** PRE-FLOP *** 
_SKR raises 350 to 410 and is all-in
FDJ-en-sueur calls 350
*** FLOP *** [Js 9h Tc]
*** TURN *** [Js 9h Tc][7h]
*** RIVER *** [Js 9h Tc 7h][2d]
*** SHOW DOWN ***
FDJ-en-sueur shows [Kd Ah] (High card : Ace)
_SKR shows [Kh 9c] (One pair : 9)
_SKR collected 820 from pot
*** SUMMARY ***
Total pot 820 | No rake
Board: [Js 9h Tc 7h 2d]
Seat 1: FDJ-en-sueur (big blind) showed [Kd Ah] and lost with High card : Ace
Seat 2: _SKR (small blind) (button) showed [Kh 9c] and won 820 with One pair : 9


Winamax Poker - Tournament "Expresso Nitro" buyIn: 0.93€ + 0.07€ level: 5 - HandId: #2718658231864918017-18-1676294164 - Holdem no limit (40/80) - 2023/02/13 13:16:04 UTC
Table: 'Expresso Nitro(632986946)#0' 3-max (real money) Seat #1 is the button
Seat 1: FDJ-en-sueur (80)
Seat 2: _SKR (820)
*** ANTE/BLINDS ***
FDJ-en-sueur posts small blind 40
_SKR posts big blind 80
Dealt to _SKR [6h 9s]
*** PRE-FLOP *** 
FDJ-en-sueur calls 40 and is all-in
*** FLOP *** [8d Ac Qd]
*** TURN *** [8d Ac Qd][5h]
*** RIVER *** [8d Ac Qd 5h][Kc]
*** SHOW DOWN ***
_SKR shows [6h 9s] (High card : Ace)
FDJ-en-sueur shows [2c Kd] (One pair : Kings)
FDJ-en-sueur collected 160 from pot
*** SUMMARY ***
Total pot 160 | No rake
Board: [8d Ac Qd 5h Kc]
Seat 1: FDJ-en-sueur (small blind) (button) showed [2c Kd] and won 160 with One pair : Kings
Seat 2: _SKR (big blind) showed [6h 9s] and lost with High card : Ace


Winamax Poker - Tournament "Expresso Nitro" buyIn: 0.93€ + 0.07€ level: 5 - HandId: #2718658231864918017-19-1676294176 - Holdem no limit (40/80) - 2023/02/13 13:16:16 UTC
Table: 'Expresso Nitro(632986946)#0' 3-max (real money) Seat #2 is the button
Seat 1: FDJ-en-sueur (160)
Seat 2: _SKR (740)
*** ANTE/BLINDS ***
_SKR posts small blind 40
FDJ-en-sueur posts big blind 80
Dealt to _SKR [9d Tc]
*** PRE-FLOP *** 
_SKR raises 80 to 160
FDJ-en-sueur calls 80 and is all-in
*** FLOP *** [Js 4d 4h]
*** TURN *** [Js 4d 4h][Jh]
*** RIVER *** [Js 4d 4h Jh][9s]
*** SHOW DOWN ***
FDJ-en-sueur shows [5d 3d] (Two pairs : Jacks and 4)
_SKR shows [9d Tc] (Two pairs : Jacks and 9)
_SKR collected 320 from pot
*** SUMMARY ***
Total pot 320 | No rake
Board: [Js 4d 4h Jh 9s]
Seat 1: FDJ-en-sueur (big blind) showed [5d 3d] and lost with Two pairs : Jacks and 4
Seat 2: _SKR (small blind) (button) showed [9d Tc] and won 320 with Two pairs : Jacks and 9


