Winamax Poker - Tournament "Expresso Nitro" buyIn: 0.93€ + 0.07€ level: 1 - HandId: #2680842904544477185-1-1674081736 - Holdem no limit (10/20) - 2023/01/18 22:42:16 UTC
Table: 'Expresso Nitro(624182379)#0' 3-max (real money) Seat #2 is the button
Seat 1: Xebeuh (300)
Seat 2: _SKR (300)
Seat 3: CastoDrama75 (300)
*** ANTE/BLINDS ***
CastoDrama75 posts small blind 10
Xebeuh posts big blind 20
Dealt to _SKR [7d Ac]
*** PRE-FLOP *** 
_SKR raises 20 to 40
CastoDrama75 folds
Xebeuh calls 20
*** FLOP *** [9s Td Qd]
Xebeuh checks
_SKR checks
*** TURN *** [9s Td Qd][Ad]
Xebeuh checks
_SKR bets 45
Xebeuh calls 45
*** RIVER *** [9s Td Qd Ad][2c]
Xebeuh checks
_SKR bets 63
Xebeuh folds
_SKR collected 243 from pot
*** SUMMARY ***
Total pot 243 | No rake
Board: [9s Td Qd Ad 2c]
Seat 2: _SKR (button) won 243


Winamax Poker - Tournament "Expresso Nitro" buyIn: 0.93€ + 0.07€ level: 1 - HandId: #2680842904544477185-2-1674081787 - Holdem no limit (10/20) - 2023/01/18 22:43:07 UTC
Table: 'Expresso Nitro(624182379)#0' 3-max (real money) Seat #3 is the button
Seat 1: Xebeuh (215)
Seat 2: _SKR (395)
Seat 3: CastoDrama75 (290)
*** ANTE/BLINDS ***
Xebeuh posts small blind 10
_SKR posts big blind 20
Dealt to _SKR [5d Ts]
*** PRE-FLOP *** 
CastoDrama75 raises 270 to 290 and is all-in
Xebeuh calls 205 and is all-in
_SKR folds
*** FLOP *** [5c Js 7h]
*** TURN *** [5c Js 7h][Kd]
*** RIVER *** [5c Js 7h Kd][Ks]
*** SHOW DOWN ***
Xebeuh shows [Ah 7d] (Two pairs : Kings and 7)
CastoDrama75 shows [Ac Td] (One pair : Kings)
CastoDrama75 collected 75 from side pot 1
Xebeuh collected 450 from main pot
*** SUMMARY ***
Total pot 525 | No rake
Board: [5c Js 7h Kd Ks]
Seat 1: Xebeuh (small blind) showed [Ah 7d] and won 450 with Two pairs : Kings and 7
Seat 3: CastoDrama75 (button) showed [Ac Td] and won 75 with One pair : Kings


Winamax Poker - Tournament "Expresso Nitro" buyIn: 0.93€ + 0.07€ level: 2 - HandId: #2680842904544477185-3-1674081800 - Holdem no limit (15/30) - 2023/01/18 22:43:20 UTC
Table: 'Expresso Nitro(624182379)#0' 3-max (real money) Seat #1 is the button
Seat 1: Xebeuh (450)
Seat 2: _SKR (375)
Seat 3: CastoDrama75 (75)
*** ANTE/BLINDS ***
_SKR posts small blind 15
CastoDrama75 posts big blind 30
Dealt to _SKR [Jc 7s]
*** PRE-FLOP *** 
Xebeuh folds
_SKR raises 345 to 375 and is all-in
CastoDrama75 calls 45 and is all-in
*** FLOP *** [As Qd 4d]
*** TURN *** [As Qd 4d][8s]
*** RIVER *** [As Qd 4d 8s][Ts]
*** SHOW DOWN ***
_SKR shows [Jc 7s] (High card : Ace)
CastoDrama75 shows [6d 8c] (One pair : 8)
CastoDrama75 collected 150 from main pot
_SKR collected 300 from side pot 1
*** SUMMARY ***
Total pot 450 | No rake
Board: [As Qd 4d 8s Ts]
Seat 2: _SKR (small blind) showed [Jc 7s] and won 300 with High card : Ace
Seat 3: CastoDrama75 (big blind) showed [6d 8c] and won 150 with One pair : 8


Winamax Poker - Tournament "Expresso Nitro" buyIn: 0.93€ + 0.07€ level: 2 - HandId: #2680842904544477185-4-1674081817 - Holdem no limit (15/30) - 2023/01/18 22:43:37 UTC
Table: 'Expresso Nitro(624182379)#0' 3-max (real money) Seat #2 is the button
Seat 1: Xebeuh (450)
Seat 2: _SKR (300)
Seat 3: CastoDrama75 (150)
*** ANTE/BLINDS ***
CastoDrama75 posts small blind 15
Xebeuh posts big blind 30
Dealt to _SKR [5s 6s]
*** PRE-FLOP *** 
_SKR folds
CastoDrama75 folds
Xebeuh collected 45 from pot
*** SUMMARY ***
Total pot 45 | No rake
Seat 1: Xebeuh (big blind) won 45


Winamax Poker - Tournament "Expresso Nitro" buyIn: 0.93€ + 0.07€ level: 2 - HandId: #2680842904544477185-5-1674081829 - Holdem no limit (15/30) - 2023/01/18 22:43:49 UTC
Table: 'Expresso Nitro(624182379)#0' 3-max (real money) Seat #3 is the button
Seat 1: Xebeuh (465)
Seat 2: _SKR (300)
Seat 3: CastoDrama75 (135)
*** ANTE/BLINDS ***
Xebeuh posts small blind 15
_SKR posts big blind 30
Dealt to _SKR [2h 6d]
*** PRE-FLOP *** 
CastoDrama75 raises 105 to 135 and is all-in
Xebeuh folds
_SKR folds
CastoDrama75 collected 180 from pot
*** SUMMARY ***
Total pot 180 | No rake
Seat 3: CastoDrama75 (button) won 180


Winamax Poker - Tournament "Expresso Nitro" buyIn: 0.93€ + 0.07€ level: 2 - HandId: #2680842904544477185-6-1674081846 - Holdem no limit (15/30) - 2023/01/18 22:44:06 UTC
Table: 'Expresso Nitro(624182379)#0' 3-max (real money) Seat #1 is the button
Seat 1: Xebeuh (450)
Seat 2: _SKR (270)
Seat 3: CastoDrama75 (180)
*** ANTE/BLINDS ***
_SKR posts small blind 15
CastoDrama75 posts big blind 30
Dealt to _SKR [6d 7s]
*** PRE-FLOP *** 
Xebeuh calls 30
_SKR folds
CastoDrama75 checks
*** FLOP *** [5d Qs Kc]
CastoDrama75 checks
Xebeuh bets 30
CastoDrama75 folds
Xebeuh collected 105 from pot
*** SUMMARY ***
Total pot 105 | No rake
Board: [5d Qs Kc]
Seat 1: Xebeuh (button) won 105


Winamax Poker - Tournament "Expresso Nitro" buyIn: 0.93€ + 0.07€ level: 3 - HandId: #2680842904544477185-7-1674081869 - Holdem no limit (20/40) - 2023/01/18 22:44:29 UTC
Table: 'Expresso Nitro(624182379)#0' 3-max (real money) Seat #2 is the button
Seat 1: Xebeuh (495)
Seat 2: _SKR (255)
Seat 3: CastoDrama75 (150)
*** ANTE/BLINDS ***
CastoDrama75 posts small blind 20
Xebeuh posts big blind 40
Dealt to _SKR [4s Ts]
*** PRE-FLOP *** 
_SKR folds
CastoDrama75 raises 110 to 150 and is all-in
Xebeuh calls 110
*** FLOP *** [8h 3d Jd]
*** TURN *** [8h 3d Jd][Kh]
*** RIVER *** [8h 3d Jd Kh][5d]
*** SHOW DOWN ***
CastoDrama75 shows [2c 2s] (One pair : 2)
Xebeuh shows [Ad Ac] (One pair : Aces)
Xebeuh collected 300 from pot
*** SUMMARY ***
Total pot 300 | No rake
Board: [8h 3d Jd Kh 5d]
Seat 1: Xebeuh (big blind) showed [Ad Ac] and won 300 with One pair : Aces
Seat 3: CastoDrama75 (small blind) showed [2c 2s] and lost with One pair : 2


Winamax Poker - Tournament "Expresso Nitro" buyIn: 0.93€ + 0.07€ level: 3 - HandId: #2680842904544477185-8-1674081883 - Holdem no limit (20/40) - 2023/01/18 22:44:43 UTC
Table: 'Expresso Nitro(624182379)#0' 3-max (real money) Seat #1 is the button
Seat 1: Xebeuh (645)
Seat 2: _SKR (255)
*** ANTE/BLINDS ***
Xebeuh posts small blind 20
_SKR posts big blind 40
Dealt to _SKR [8h Kh]
*** PRE-FLOP *** 
Xebeuh raises 40 to 80
_SKR raises 175 to 255 and is all-in
Xebeuh calls 175
*** FLOP *** [2s Jd 2d]
*** TURN *** [2s Jd 2d][9c]
*** RIVER *** [2s Jd 2d 9c][Kd]
*** SHOW DOWN ***
Xebeuh shows [5h 5s] (Two pairs : 5 and 2)
_SKR shows [8h Kh] (Two pairs : Kings and 2)
_SKR collected 510 from pot
*** SUMMARY ***
Total pot 510 | No rake
Board: [2s Jd 2d 9c Kd]
Seat 1: Xebeuh (small blind) (button) showed [5h 5s] and lost with Two pairs : 5 and 2
Seat 2: _SKR (big blind) showed [8h Kh] and won 510 with Two pairs : Kings and 2


Winamax Poker - Tournament "Expresso Nitro" buyIn: 0.93€ + 0.07€ level: 3 - HandId: #2680842904544477185-9-1674081901 - Holdem no limit (20/40) - 2023/01/18 22:45:01 UTC
Table: 'Expresso Nitro(624182379)#0' 3-max (real money) Seat #2 is the button
Seat 1: Xebeuh (390)
Seat 2: _SKR (510)
*** ANTE/BLINDS ***
_SKR posts small blind 20
Xebeuh posts big blind 40
Dealt to _SKR [3h Tc]
*** PRE-FLOP *** 
_SKR folds
Xebeuh collected 60 from pot
*** SUMMARY ***
Total pot 60 | No rake
Seat 1: Xebeuh (big blind) won 60


Winamax Poker - Tournament "Expresso Nitro" buyIn: 0.93€ + 0.07€ level: 3 - HandId: #2680842904544477185-10-1674081904 - Holdem no limit (20/40) - 2023/01/18 22:45:04 UTC
Table: 'Expresso Nitro(624182379)#0' 3-max (real money) Seat #1 is the button
Seat 1: Xebeuh (410)
Seat 2: _SKR (490)
*** ANTE/BLINDS ***
Xebeuh posts small blind 20
_SKR posts big blind 40
Dealt to _SKR [8c Kd]
*** PRE-FLOP *** 
Xebeuh calls 20
_SKR raises 450 to 490 and is all-in
Xebeuh folds
_SKR collected 530 from pot
*** SUMMARY ***
Total pot 530 | No rake
Seat 2: _SKR (big blind) won 530


Winamax Poker - Tournament "Expresso Nitro" buyIn: 0.93€ + 0.07€ level: 3 - HandId: #2680842904544477185-11-1674081911 - Holdem no limit (20/40) - 2023/01/18 22:45:11 UTC
Table: 'Expresso Nitro(624182379)#0' 3-max (real money) Seat #2 is the button
Seat 1: Xebeuh (370)
Seat 2: _SKR (530)
*** ANTE/BLINDS ***
_SKR posts small blind 20
Xebeuh posts big blind 40
Dealt to _SKR [7d Th]
*** PRE-FLOP *** 
_SKR folds
Xebeuh collected 60 from pot
*** SUMMARY ***
Total pot 60 | No rake
Seat 1: Xebeuh (big blind) won 60


Winamax Poker - Tournament "Expresso Nitro" buyIn: 0.93€ + 0.07€ level: 4 - HandId: #2680842904544477185-12-1674081929 - Holdem no limit (30/60) - 2023/01/18 22:45:29 UTC
Table: 'Expresso Nitro(624182379)#0' 3-max (real money) Seat #1 is the button
Seat 1: Xebeuh (390)
Seat 2: _SKR (510)
*** ANTE/BLINDS ***
Xebeuh posts small blind 30
_SKR posts big blind 60
Dealt to _SKR [3h 4s]
*** PRE-FLOP *** 
Xebeuh calls 30
_SKR checks
*** FLOP *** [4c Qh 9s]
_SKR checks
Xebeuh bets 78
_SKR folds
Xebeuh collected 198 from pot
*** SUMMARY ***
Total pot 198 | No rake
Board: [4c Qh 9s]
Seat 1: Xebeuh (small blind) (button) won 198


Winamax Poker - Tournament "Expresso Nitro" buyIn: 0.93€ + 0.07€ level: 4 - HandId: #2680842904544477185-13-1674081957 - Holdem no limit (30/60) - 2023/01/18 22:45:57 UTC
Table: 'Expresso Nitro(624182379)#0' 3-max (real money) Seat #2 is the button
Seat 1: Xebeuh (450)
Seat 2: _SKR (450)
*** ANTE/BLINDS ***
_SKR posts small blind 30
Xebeuh posts big blind 60
Dealt to _SKR [6s 3c]
*** PRE-FLOP *** 
_SKR folds
Xebeuh collected 90 from pot
*** SUMMARY ***
Total pot 90 | No rake
Seat 1: Xebeuh (big blind) won 90


Winamax Poker - Tournament "Expresso Nitro" buyIn: 0.93€ + 0.07€ level: 4 - HandId: #2680842904544477185-14-1674081963 - Holdem no limit (30/60) - 2023/01/18 22:46:03 UTC
Table: 'Expresso Nitro(624182379)#0' 3-max (real money) Seat #1 is the button
Seat 1: Xebeuh (480)
Seat 2: _SKR (420)
*** ANTE/BLINDS ***
Xebeuh posts small blind 30
_SKR posts big blind 60
Dealt to _SKR [4s 3s]
*** PRE-FLOP *** 
Xebeuh calls 30
_SKR checks
*** FLOP *** [4c Kd 6h]
_SKR checks
Xebeuh checks
*** TURN *** [4c Kd 6h][Ac]
_SKR checks
Xebeuh bets 78
_SKR folds
Xebeuh collected 198 from pot
*** SUMMARY ***
Total pot 198 | No rake
Board: [4c Kd 6h Ac]
Seat 1: Xebeuh (small blind) (button) won 198


Winamax Poker - Tournament "Expresso Nitro" buyIn: 0.93€ + 0.07€ level: 5 - HandId: #2680842904544477185-15-1674081999 - Holdem no limit (40/80) - 2023/01/18 22:46:39 UTC
Table: 'Expresso Nitro(624182379)#0' 3-max (real money) Seat #2 is the button
Seat 1: Xebeuh (540)
Seat 2: _SKR (360)
*** ANTE/BLINDS ***
_SKR posts small blind 40
Xebeuh posts big blind 80
Dealt to _SKR [Ah 6c]
*** PRE-FLOP *** 
_SKR raises 280 to 360 and is all-in
Xebeuh folds
_SKR collected 440 from pot
*** SUMMARY ***
Total pot 440 | No rake
Seat 2: _SKR (small blind) (button) won 440


Winamax Poker - Tournament "Expresso Nitro" buyIn: 0.93€ + 0.07€ level: 5 - HandId: #2680842904544477185-16-1674082012 - Holdem no limit (40/80) - 2023/01/18 22:46:52 UTC
Table: 'Expresso Nitro(624182379)#0' 3-max (real money) Seat #1 is the button
Seat 1: Xebeuh (460)
Seat 2: _SKR (440)
*** ANTE/BLINDS ***
Xebeuh posts small blind 40
_SKR posts big blind 80
Dealt to _SKR [Jc Ts]
*** PRE-FLOP *** 
Xebeuh calls 40
_SKR raises 360 to 440 and is all-in
Xebeuh folds
_SKR collected 520 from pot
*** SUMMARY ***
Total pot 520 | No rake
Seat 2: _SKR (big blind) won 520


Winamax Poker - Tournament "Expresso Nitro" buyIn: 0.93€ + 0.07€ level: 6 - HandId: #2680842904544477185-17-1674082032 - Holdem no limit (50/100) - 2023/01/18 22:47:12 UTC
Table: 'Expresso Nitro(624182379)#0' 3-max (real money) Seat #2 is the button
Seat 1: Xebeuh (380)
Seat 2: _SKR (520)
*** ANTE/BLINDS ***
_SKR posts small blind 50
Xebeuh posts big blind 100
Dealt to _SKR [8s 6h]
*** PRE-FLOP *** 
_SKR folds
Xebeuh collected 150 from pot
*** SUMMARY ***
Total pot 150 | No rake
Seat 1: Xebeuh (big blind) won 150


Winamax Poker - Tournament "Expresso Nitro" buyIn: 0.93€ + 0.07€ level: 6 - HandId: #2680842904544477185-18-1674082037 - Holdem no limit (50/100) - 2023/01/18 22:47:17 UTC
Table: 'Expresso Nitro(624182379)#0' 3-max (real money) Seat #1 is the button
Seat 1: Xebeuh (430)
Seat 2: _SKR (470)
*** ANTE/BLINDS ***
Xebeuh posts small blind 50
_SKR posts big blind 100
Dealt to _SKR [Ah 4h]
*** PRE-FLOP *** 
Xebeuh calls 50
_SKR raises 370 to 470 and is all-in
Xebeuh calls 330 and is all-in
*** FLOP *** [Kd 4c 2d]
*** TURN *** [Kd 4c 2d][Ks]
*** RIVER *** [Kd 4c 2d Ks][Kh]
*** SHOW DOWN ***
Xebeuh shows [Jh Kc] (Quads of Kings)
_SKR shows [Ah 4h] (Full of Kings and 4)
_SKR collected 40 from side pot 1
Xebeuh collected 860 from main pot
*** SUMMARY ***
Total pot 900 | No rake
Board: [Kd 4c 2d Ks Kh]
Seat 1: Xebeuh (small blind) (button) showed [Jh Kc] and won 860 with Quads of Kings
Seat 2: _SKR (big blind) showed [Ah 4h] and won 40 with Full of Kings and 4


Winamax Poker - Tournament "Expresso Nitro" buyIn: 0.93€ + 0.07€ level: 6 - HandId: #2680842904544477185-19-1674082060 - Holdem no limit (50/100) - 2023/01/18 22:47:40 UTC
Table: 'Expresso Nitro(624182379)#0' 3-max (real money) Seat #2 is the button
Seat 1: Xebeuh (860)
Seat 2: _SKR (40)
*** ANTE/BLINDS ***
_SKR posts small blind 40 and is all-in
Xebeuh posts big blind 100
Dealt to _SKR [9c Jh]
*** PRE-FLOP *** 
*** FLOP *** [Kd 5c Ad]
*** TURN *** [Kd 5c Ad][Tc]
*** RIVER *** [Kd 5c Ad Tc][Kc]
*** SHOW DOWN ***
Xebeuh shows [3s 2d] (One pair : Kings)
_SKR shows [9c Jh] (One pair : Kings)
_SKR collected 80 from main pot
Xebeuh collected 60 from side pot 1
*** SUMMARY ***
Total pot 140 | No rake
Board: [Kd 5c Ad Tc Kc]
Seat 1: Xebeuh (big blind) showed [3s 2d] and won 60 with One pair : Kings
Seat 2: _SKR (small blind) (button) showed [9c Jh] and won 80 with One pair : Kings


Winamax Poker - Tournament "Expresso Nitro" buyIn: 0.93€ + 0.07€ level: 6 - HandId: #2680842904544477185-20-1674082068 - Holdem no limit (50/100) - 2023/01/18 22:47:48 UTC
Table: 'Expresso Nitro(624182379)#0' 3-max (real money) Seat #1 is the button
Seat 1: Xebeuh (820)
Seat 2: _SKR (80)
*** ANTE/BLINDS ***
Xebeuh posts small blind 50
_SKR posts big blind 80 and is all-in
Dealt to _SKR [Jc 3s]
*** PRE-FLOP *** 
Xebeuh calls 50
*** FLOP *** [Td Kc 4d]
*** TURN *** [Td Kc 4d][8h]
*** RIVER *** [Td Kc 4d 8h][Ac]
*** SHOW DOWN ***
Xebeuh shows [5h 7h] (High card : Ace)
_SKR shows [Jc 3s] (High card : Ace)
_SKR collected 160 from main pot
Xebeuh collected 20 from side pot 1
*** SUMMARY ***
Total pot 180 | No rake
Board: [Td Kc 4d 8h Ac]
Seat 1: Xebeuh (small blind) (button) showed [5h 7h] and won 20 with High card : Ace
Seat 2: _SKR (big blind) showed [Jc 3s] and won 160 with High card : Ace


Winamax Poker - Tournament "Expresso Nitro" buyIn: 0.93€ + 0.07€ level: 6 - HandId: #2680842904544477185-21-1674082080 - Holdem no limit (50/100) - 2023/01/18 22:48:00 UTC
Table: 'Expresso Nitro(624182379)#0' 3-max (real money) Seat #2 is the button
Seat 1: Xebeuh (740)
Seat 2: _SKR (160)
*** ANTE/BLINDS ***
_SKR posts small blind 50
Xebeuh posts big blind 100
Dealt to _SKR [Kh 5d]
*** PRE-FLOP *** 
_SKR raises 60 to 160 and is all-in
Xebeuh calls 60
*** FLOP *** [Ts Kd 4c]
*** TURN *** [Ts Kd 4c][Jh]
*** RIVER *** [Ts Kd 4c Jh][Ks]
*** SHOW DOWN ***
Xebeuh shows [5s 9s] (One pair : Kings)
_SKR shows [Kh 5d] (Trips of Kings)
_SKR collected 320 from pot
*** SUMMARY ***
Total pot 320 | No rake
Board: [Ts Kd 4c Jh Ks]
Seat 1: Xebeuh (big blind) showed [5s 9s] and lost with One pair : Kings
Seat 2: _SKR (small blind) (button) showed [Kh 5d] and won 320 with Trips of Kings


Winamax Poker - Tournament "Expresso Nitro" buyIn: 0.93€ + 0.07€ level: 7 - HandId: #2680842904544477185-22-1674082097 - Holdem no limit (60/120) - 2023/01/18 22:48:17 UTC
Table: 'Expresso Nitro(624182379)#0' 3-max (real money) Seat #1 is the button
Seat 1: Xebeuh (580)
Seat 2: _SKR (320)
*** ANTE/BLINDS ***
Xebeuh posts small blind 60
_SKR posts big blind 120
Dealt to _SKR [6c 4d]
*** PRE-FLOP *** 
Xebeuh calls 60
_SKR checks
*** FLOP *** [3h Kc Js]
_SKR checks
Xebeuh checks
*** TURN *** [3h Kc Js][Qs]
_SKR bets 156
Xebeuh folds
_SKR collected 396 from pot
*** SUMMARY ***
Total pot 396 | No rake
Board: [3h Kc Js Qs]
Seat 2: _SKR (big blind) won 396


Winamax Poker - Tournament "Expresso Nitro" buyIn: 0.93€ + 0.07€ level: 7 - HandId: #2680842904544477185-23-1674082115 - Holdem no limit (60/120) - 2023/01/18 22:48:35 UTC
Table: 'Expresso Nitro(624182379)#0' 3-max (real money) Seat #2 is the button
Seat 1: Xebeuh (460)
Seat 2: _SKR (440)
*** ANTE/BLINDS ***
_SKR posts small blind 60
Xebeuh posts big blind 120
Dealt to _SKR [Ts 3h]
*** PRE-FLOP *** 
_SKR folds
Xebeuh collected 180 from pot
*** SUMMARY ***
Total pot 180 | No rake
Seat 1: Xebeuh (big blind) won 180


Winamax Poker - Tournament "Expresso Nitro" buyIn: 0.93€ + 0.07€ level: 7 - HandId: #2680842904544477185-24-1674082118 - Holdem no limit (60/120) - 2023/01/18 22:48:38 UTC
Table: 'Expresso Nitro(624182379)#0' 3-max (real money) Seat #1 is the button
Seat 1: Xebeuh (520)
Seat 2: _SKR (380)
*** ANTE/BLINDS ***
Xebeuh posts small blind 60
_SKR posts big blind 120
Dealt to _SKR [4h Js]
*** PRE-FLOP *** 
Xebeuh calls 60
_SKR raises 260 to 380 and is all-in
Xebeuh calls 260
*** FLOP *** [3s 6d 6c]
*** TURN *** [3s 6d 6c][Tc]
*** RIVER *** [3s 6d 6c Tc][2d]
*** SHOW DOWN ***
_SKR shows [4h Js] (One pair : 6)
Xebeuh shows [As Qh] (One pair : 6)
Xebeuh collected 760 from pot
*** SUMMARY ***
Total pot 760 | No rake
Board: [3s 6d 6c Tc 2d]
Seat 1: Xebeuh (small blind) (button) showed [As Qh] and won 760 with One pair : 6
Seat 2: _SKR (big blind) showed [4h Js] and lost with One pair : 6


