Winamax Poker - Tournament "Expresso Nitro" buyIn: 0.93€ + 0.07€ level: 1 - HandId: #2718621024563232769-1-1676292040 - Holdem no limit (10/20) - 2023/02/13 12:40:40 UTC
Table: 'Expresso Nitro(632978283)#0' 3-max (real money) Seat #2 is the button
Seat 1: _SKR (300)
Seat 2: mayasaab60 (300)
Seat 3: NRL (300)
*** ANTE/BLINDS ***
NRL posts small blind 10
_SKR posts big blind 20
Dealt to _SKR [2c 4d]
*** PRE-FLOP *** 
mayasaab60 folds
NRL calls 10
_SKR checks
*** FLOP *** [Ad Tc 7d]
NRL checks
_SKR checks
*** TURN *** [Ad Tc 7d][9h]
NRL checks
_SKR checks
*** RIVER *** [Ad Tc 7d 9h][4h]
NRL bets 103
_SKR folds
NRL collected 143 from pot
*** SUMMARY ***
Total pot 143 | No rake
Board: [Ad Tc 7d 9h 4h]
Seat 3: NRL (small blind) won 143


Winamax Poker - Tournament "Expresso Nitro" buyIn: 0.93€ + 0.07€ level: 2 - HandId: #2718621024563232769-2-1676292100 - Holdem no limit (15/30) - 2023/02/13 12:41:40 UTC
Table: 'Expresso Nitro(632978283)#0' 3-max (real money) Seat #3 is the button
Seat 1: _SKR (280)
Seat 2: mayasaab60 (300)
Seat 3: NRL (320)
*** ANTE/BLINDS ***
_SKR posts small blind 15
mayasaab60 posts big blind 30
Dealt to _SKR [Jc 8h]
*** PRE-FLOP *** 
NRL calls 30
_SKR folds
mayasaab60 checks
*** FLOP *** [Tc Ac 9s]
mayasaab60 checks
NRL bets 30
mayasaab60 calls 30
*** TURN *** [Tc Ac 9s][Ad]
mayasaab60 checks
NRL bets 47
mayasaab60 calls 47
*** RIVER *** [Tc Ac 9s Ad][8d]
mayasaab60 checks
NRL bets 80
mayasaab60 calls 80
*** SHOW DOWN ***
NRL shows [4h Qh] (One pair : Aces)
mayasaab60 shows [8c Js] (Two pairs : Aces and 8)
mayasaab60 collected 389 from pot
*** SUMMARY ***
Total pot 389 | No rake
Board: [Tc Ac 9s Ad 8d]
Seat 2: mayasaab60 (big blind) showed [8c Js] and won 389 with Two pairs : Aces and 8
Seat 3: NRL (button) showed [4h Qh] and lost with One pair : Aces


Winamax Poker - Tournament "Expresso Nitro" buyIn: 0.93€ + 0.07€ level: 2 - HandId: #2718621024563232769-3-1676292139 - Holdem no limit (15/30) - 2023/02/13 12:42:19 UTC
Table: 'Expresso Nitro(632978283)#0' 3-max (real money) Seat #1 is the button
Seat 1: _SKR (265)
Seat 2: mayasaab60 (502)
Seat 3: NRL (133)
*** ANTE/BLINDS ***
mayasaab60 posts small blind 15
NRL posts big blind 30
Dealt to _SKR [Jc 7h]
*** PRE-FLOP *** 
_SKR folds
mayasaab60 calls 15
NRL checks
*** FLOP *** [2d Jd 2h]
mayasaab60 checks
NRL checks
*** TURN *** [2d Jd 2h][3h]
mayasaab60 checks
NRL bets 85
mayasaab60 folds
NRL collected 145 from pot
*** SUMMARY ***
Total pot 145 | No rake
Board: [2d Jd 2h 3h]
Seat 3: NRL (big blind) won 145


Winamax Poker - Tournament "Expresso Nitro" buyIn: 0.93€ + 0.07€ level: 3 - HandId: #2718621024563232769-4-1676292171 - Holdem no limit (20/40) - 2023/02/13 12:42:51 UTC
Table: 'Expresso Nitro(632978283)#0' 3-max (real money) Seat #2 is the button
Seat 1: _SKR (265)
Seat 2: mayasaab60 (472)
Seat 3: NRL (163)
*** ANTE/BLINDS ***
NRL posts small blind 20
_SKR posts big blind 40
Dealt to _SKR [8c 3d]
*** PRE-FLOP *** 
mayasaab60 folds
NRL calls 20
_SKR checks
*** FLOP *** [Qh 3c Qs]
NRL bets 40
_SKR raises 185 to 225 and is all-in
NRL folds
_SKR collected 345 from pot
*** SUMMARY ***
Total pot 345 | No rake
Board: [Qh 3c Qs]
Seat 1: _SKR (big blind) won 345


Winamax Poker - Tournament "Expresso Nitro" buyIn: 0.93€ + 0.07€ level: 3 - HandId: #2718621024563232769-5-1676292193 - Holdem no limit (20/40) - 2023/02/13 12:43:13 UTC
Table: 'Expresso Nitro(632978283)#0' 3-max (real money) Seat #3 is the button
Seat 1: _SKR (345)
Seat 2: mayasaab60 (472)
Seat 3: NRL (83)
*** ANTE/BLINDS ***
_SKR posts small blind 20
mayasaab60 posts big blind 40
Dealt to _SKR [Ah 3h]
*** PRE-FLOP *** 
NRL calls 40
_SKR raises 305 to 345 and is all-in
mayasaab60 folds
NRL calls 43 and is all-in
*** FLOP *** [Qs 3c Kc]
*** TURN *** [Qs 3c Kc][Tc]
*** RIVER *** [Qs 3c Kc Tc][4c]
*** SHOW DOWN ***
_SKR shows [Ah 3h] (One pair : 3)
NRL shows [8c 8h] (Flush King high)
NRL collected 206 from main pot
_SKR collected 262 from side pot 1
*** SUMMARY ***
Total pot 468 | No rake
Board: [Qs 3c Kc Tc 4c]
Seat 1: _SKR (small blind) showed [Ah 3h] and won 262 with One pair : 3
Seat 3: NRL (button) showed [8c 8h] and won 206 with Flush King high


Winamax Poker - Tournament "Expresso Nitro" buyIn: 0.93€ + 0.07€ level: 3 - HandId: #2718621024563232769-6-1676292211 - Holdem no limit (20/40) - 2023/02/13 12:43:31 UTC
Table: 'Expresso Nitro(632978283)#0' 3-max (real money) Seat #1 is the button
Seat 1: _SKR (262)
Seat 2: mayasaab60 (432)
Seat 3: NRL (206)
*** ANTE/BLINDS ***
mayasaab60 posts small blind 20
NRL posts big blind 40
Dealt to _SKR [3c 6c]
*** PRE-FLOP *** 
_SKR folds
mayasaab60 raises 80 to 120
NRL folds
mayasaab60 collected 160 from pot
*** SUMMARY ***
Total pot 160 | No rake
Seat 2: mayasaab60 (small blind) won 160


Winamax Poker - Tournament "Expresso Nitro" buyIn: 0.93€ + 0.07€ level: 4 - HandId: #2718621024563232769-7-1676292226 - Holdem no limit (30/60) - 2023/02/13 12:43:46 UTC
Table: 'Expresso Nitro(632978283)#0' 3-max (real money) Seat #2 is the button
Seat 1: _SKR (262)
Seat 2: mayasaab60 (472)
Seat 3: NRL (166)
*** ANTE/BLINDS ***
NRL posts small blind 30
_SKR posts big blind 60
Dealt to _SKR [6c 4d]
*** PRE-FLOP *** 
mayasaab60 folds
NRL calls 30
_SKR checks
*** FLOP *** [Kh 2c 5c]
NRL checks
_SKR checks
*** TURN *** [Kh 2c 5c][8h]
NRL checks
_SKR checks
*** RIVER *** [Kh 2c 5c 8h][7d]
NRL checks
_SKR checks
*** SHOW DOWN ***
NRL shows [Ac 9d] (High card : Ace)
_SKR shows [6c 4d] (Straight 8 high)
_SKR collected 120 from pot
*** SUMMARY ***
Total pot 120 | No rake
Board: [Kh 2c 5c 8h 7d]
Seat 1: _SKR (big blind) showed [6c 4d] and won 120 with Straight 8 high
Seat 3: NRL (small blind) showed [Ac 9d] and lost with High card : Ace


Winamax Poker - Tournament "Expresso Nitro" buyIn: 0.93€ + 0.07€ level: 4 - HandId: #2718621024563232769-8-1676292253 - Holdem no limit (30/60) - 2023/02/13 12:44:13 UTC
Table: 'Expresso Nitro(632978283)#0' 3-max (real money) Seat #3 is the button
Seat 1: _SKR (322)
Seat 2: mayasaab60 (472)
Seat 3: NRL (106)
*** ANTE/BLINDS ***
_SKR posts small blind 30
mayasaab60 posts big blind 60
Dealt to _SKR [Ac Ah]
*** PRE-FLOP *** 
NRL calls 60
_SKR raises 262 to 322 and is all-in
mayasaab60 folds
NRL folds
_SKR collected 442 from pot
*** SUMMARY ***
Total pot 442 | No rake
Seat 1: _SKR (small blind) won 442


Winamax Poker - Tournament "Expresso Nitro" buyIn: 0.93€ + 0.07€ level: 4 - HandId: #2718621024563232769-9-1676292263 - Holdem no limit (30/60) - 2023/02/13 12:44:23 UTC
Table: 'Expresso Nitro(632978283)#0' 3-max (real money) Seat #1 is the button
Seat 1: _SKR (442)
Seat 2: mayasaab60 (412)
Seat 3: NRL (46)
*** ANTE/BLINDS ***
mayasaab60 posts small blind 30
NRL posts big blind 46 and is all-in
Dealt to _SKR [Jc 8d]
*** PRE-FLOP *** 
_SKR raises 74 to 120
mayasaab60 folds
*** FLOP *** [Qh 2h Tc]
*** TURN *** [Qh 2h Tc][8s]
*** RIVER *** [Qh 2h Tc 8s][5c]
*** SHOW DOWN ***
NRL shows [4s 8h] (One pair : 8)
_SKR shows [Jc 8d] (One pair : 8)
_SKR collected 196 from pot
*** SUMMARY ***
Total pot 196 | No rake
Board: [Qh 2h Tc 8s 5c]
Seat 1: _SKR (button) showed [Jc 8d] and won 196 with One pair : 8
Seat 3: NRL (big blind) showed [4s 8h] and lost with One pair : 8


Winamax Poker - Tournament "Expresso Nitro" buyIn: 0.93€ + 0.07€ level: 5 - HandId: #2718621024563232769-10-1676292279 - Holdem no limit (40/80) - 2023/02/13 12:44:39 UTC
Table: 'Expresso Nitro(632978283)#0' 3-max (real money) Seat #1 is the button
Seat 1: _SKR (518)
Seat 2: mayasaab60 (382)
*** ANTE/BLINDS ***
_SKR posts small blind 40
mayasaab60 posts big blind 80
Dealt to _SKR [Ts 2d]
*** PRE-FLOP *** 
_SKR folds
mayasaab60 collected 120 from pot
*** SUMMARY ***
Total pot 120 | No rake
Seat 2: mayasaab60 (big blind) won 120


Winamax Poker - Tournament "Expresso Nitro" buyIn: 0.93€ + 0.07€ level: 5 - HandId: #2718621024563232769-11-1676292284 - Holdem no limit (40/80) - 2023/02/13 12:44:44 UTC
Table: 'Expresso Nitro(632978283)#0' 3-max (real money) Seat #2 is the button
Seat 1: _SKR (478)
Seat 2: mayasaab60 (422)
*** ANTE/BLINDS ***
mayasaab60 posts small blind 40
_SKR posts big blind 80
Dealt to _SKR [Ad Qs]
*** PRE-FLOP *** 
mayasaab60 raises 160 to 240
_SKR raises 238 to 478 and is all-in
mayasaab60 calls 182 and is all-in
*** FLOP *** [Kd 7c Ts]
*** TURN *** [Kd 7c Ts][Ks]
*** RIVER *** [Kd 7c Ts Ks][Qh]
*** SHOW DOWN ***
mayasaab60 shows [3h 3c] (Two pairs : Kings and 3)
_SKR shows [Ad Qs] (Two pairs : Kings and Queens)
_SKR collected 900 from pot
*** SUMMARY ***
Total pot 900 | No rake
Board: [Kd 7c Ts Ks Qh]
Seat 1: _SKR (big blind) showed [Ad Qs] and won 900 with Two pairs : Kings and Queens
Seat 2: mayasaab60 (small blind) (button) showed [3h 3c] and lost with Two pairs : Kings and 3


