Winamax Poker - Tournament "Expresso Nitro" buyIn: 1.86€ + 0.14€ level: 1 - HandId: #2696496926467031041-1-1675083367 - Holdem no limit (10/20) - 2023/01/30 12:56:07 UTC
Table: 'Expresso Nitro(627827115)#0' 3-max (real money) Seat #3 is the button
Seat 1: _SKR (300)
Seat 2: CA_Striker81 (300)
Seat 3: six franc 16 (300)
*** ANTE/BLINDS ***
_SKR posts small blind 10
CA_Striker81 posts big blind 20
Dealt to _SKR [Qd Ah]
*** PRE-FLOP *** 
six franc 16 folds
_SKR raises 20 to 40
CA_Striker81 raises 260 to 300 and is all-in
_SKR calls 260 and is all-in
*** FLOP *** [Td Kc 8h]
*** TURN *** [Td Kc 8h][5h]
*** RIVER *** [Td Kc 8h 5h][Jc]
*** SHOW DOWN ***
CA_Striker81 shows [Kh As] (One pair : Kings)
_SKR shows [Qd Ah] (Straight Ace high)
_SKR collected 600 from pot
*** SUMMARY ***
Total pot 600 | No rake
Board: [Td Kc 8h 5h Jc]
Seat 1: _SKR (small blind) showed [Qd Ah] and won 600 with Straight Ace high
Seat 2: CA_Striker81 (big blind) showed [Kh As] and lost with One pair : Kings


Winamax Poker - Tournament "Expresso Nitro" buyIn: 1.86€ + 0.14€ level: 1 - HandId: #2696496926467031041-2-1675083391 - Holdem no limit (10/20) - 2023/01/30 12:56:31 UTC
Table: 'Expresso Nitro(627827115)#0' 3-max (real money) Seat #3 is the button
Seat 1: _SKR (600)
Seat 3: six franc 16 (300)
*** ANTE/BLINDS ***
six franc 16 posts small blind 10
_SKR posts big blind 20
Dealt to _SKR [Qd 9h]
*** PRE-FLOP *** 
six franc 16 calls 10
_SKR checks
*** FLOP *** [Js Jh 4h]
_SKR checks
six franc 16 checks
*** TURN *** [Js Jh 4h][7s]
_SKR checks
six franc 16 bets 26
_SKR folds
six franc 16 collected 66 from pot
*** SUMMARY ***
Total pot 66 | No rake
Board: [Js Jh 4h 7s]
Seat 3: six franc 16 (small blind) (button) won 66


Winamax Poker - Tournament "Expresso Nitro" buyIn: 1.86€ + 0.14€ level: 1 - HandId: #2696496926467031041-3-1675083411 - Holdem no limit (10/20) - 2023/01/30 12:56:51 UTC
Table: 'Expresso Nitro(627827115)#0' 3-max (real money) Seat #1 is the button
Seat 1: _SKR (580)
Seat 3: six franc 16 (320)
*** ANTE/BLINDS ***
_SKR posts small blind 10
six franc 16 posts big blind 20
Dealt to _SKR [6d 4s]
*** PRE-FLOP *** 
_SKR folds
six franc 16 collected 30 from pot
*** SUMMARY ***
Total pot 30 | No rake
Seat 3: six franc 16 (big blind) won 30


Winamax Poker - Tournament "Expresso Nitro" buyIn: 1.86€ + 0.14€ level: 1 - HandId: #2696496926467031041-4-1675083418 - Holdem no limit (10/20) - 2023/01/30 12:56:58 UTC
Table: 'Expresso Nitro(627827115)#0' 3-max (real money) Seat #3 is the button
Seat 1: _SKR (570)
Seat 3: six franc 16 (330)
*** ANTE/BLINDS ***
six franc 16 posts small blind 10
_SKR posts big blind 20
Dealt to _SKR [9c Ks]
*** PRE-FLOP *** 
six franc 16 calls 10
_SKR raises 550 to 570 and is all-in
six franc 16 folds
_SKR collected 590 from pot
*** SUMMARY ***
Total pot 590 | No rake
Seat 1: _SKR (big blind) won 590


Winamax Poker - Tournament "Expresso Nitro" buyIn: 1.86€ + 0.14€ level: 2 - HandId: #2696496926467031041-5-1675083430 - Holdem no limit (15/30) - 2023/01/30 12:57:10 UTC
Table: 'Expresso Nitro(627827115)#0' 3-max (real money) Seat #1 is the button
Seat 1: _SKR (590)
Seat 3: six franc 16 (310)
*** ANTE/BLINDS ***
_SKR posts small blind 15
six franc 16 posts big blind 30
Dealt to _SKR [Qs Qh]
*** PRE-FLOP *** 
_SKR calls 15
six franc 16 checks
*** FLOP *** [2c 5s 4c]
six franc 16 bets 30
_SKR raises 45 to 75
six franc 16 calls 45
*** TURN *** [2c 5s 4c][Qd]
six franc 16 checks
_SKR bets 74
six franc 16 calls 74
*** RIVER *** [2c 5s 4c Qd][Th]
six franc 16 checks
_SKR bets 179
six franc 16 folds
_SKR collected 537 from pot
*** SUMMARY ***
Total pot 537 | No rake
Board: [2c 5s 4c Qd Th]
Seat 1: _SKR (small blind) (button) won 537


Winamax Poker - Tournament "Expresso Nitro" buyIn: 1.86€ + 0.14€ level: 2 - HandId: #2696496926467031041-6-1675083459 - Holdem no limit (15/30) - 2023/01/30 12:57:39 UTC
Table: 'Expresso Nitro(627827115)#0' 3-max (real money) Seat #3 is the button
Seat 1: _SKR (769)
Seat 3: six franc 16 (131)
*** ANTE/BLINDS ***
six franc 16 posts small blind 15
_SKR posts big blind 30
Dealt to _SKR [8d 9s]
*** PRE-FLOP *** 
six franc 16 raises 101 to 131 and is all-in
_SKR folds
six franc 16 collected 161 from pot
*** SUMMARY ***
Total pot 161 | No rake
Seat 3: six franc 16 (small blind) (button) won 161


Winamax Poker - Tournament "Expresso Nitro" buyIn: 1.86€ + 0.14€ level: 2 - HandId: #2696496926467031041-7-1675083466 - Holdem no limit (15/30) - 2023/01/30 12:57:46 UTC
Table: 'Expresso Nitro(627827115)#0' 3-max (real money) Seat #1 is the button
Seat 1: _SKR (739)
Seat 3: six franc 16 (161)
*** ANTE/BLINDS ***
_SKR posts small blind 15
six franc 16 posts big blind 30
Dealt to _SKR [Jh Th]
*** PRE-FLOP *** 
_SKR raises 709 to 739 and is all-in
six franc 16 folds
_SKR collected 769 from pot
*** SUMMARY ***
Total pot 769 | No rake
Seat 1: _SKR (small blind) (button) won 769


Winamax Poker - Tournament "Expresso Nitro" buyIn: 1.86€ + 0.14€ level: 2 - HandId: #2696496926467031041-8-1675083473 - Holdem no limit (15/30) - 2023/01/30 12:57:53 UTC
Table: 'Expresso Nitro(627827115)#0' 3-max (real money) Seat #3 is the button
Seat 1: _SKR (769)
Seat 3: six franc 16 (131)
*** ANTE/BLINDS ***
six franc 16 posts small blind 15
_SKR posts big blind 30
Dealt to _SKR [Qh Qc]
*** PRE-FLOP *** 
six franc 16 raises 101 to 131 and is all-in
_SKR calls 101
*** FLOP *** [4h 4d Ts]
*** TURN *** [4h 4d Ts][5s]
*** RIVER *** [4h 4d Ts 5s][7d]
*** SHOW DOWN ***
six franc 16 shows [7c Ah] (Two pairs : 7 and 4)
_SKR shows [Qh Qc] (Two pairs : Queens and 4)
_SKR collected 262 from pot
*** SUMMARY ***
Total pot 262 | No rake
Board: [4h 4d Ts 5s 7d]
Seat 1: _SKR (big blind) showed [Qh Qc] and won 262 with Two pairs : Queens and 4
Seat 3: six franc 16 (small blind) (button) showed [7c Ah] and lost with Two pairs : 7 and 4


