Winamax Poker - Tournament "Expresso Nitro" buyIn: 0.93€ + 0.07€ level: 1 - HandId: #2690547533473644545-1-1674685752 - Holdem no limit (10/20) - 2023/01/25 22:29:12 UTC
Table: 'Expresso Nitro(626441914)#0' 3-max (real money) Seat #3 is the button
Seat 1: MykJy (300)
Seat 2: Ree-Ko (300)
Seat 3: _SKR (300)
*** ANTE/BLINDS ***
MykJy posts small blind 10
Ree-Ko posts big blind 20
Dealt to _SKR [6c 8s]
*** PRE-FLOP *** 
_SKR folds
MykJy folds
Ree-Ko collected 30 from pot
*** SUMMARY ***
Total pot 30 | No rake
Seat 2: Ree-Ko (big blind) won 30


Winamax Poker - Tournament "Expresso Nitro" buyIn: 0.93€ + 0.07€ level: 1 - HandId: #2690547533473644545-2-1674685760 - Holdem no limit (10/20) - 2023/01/25 22:29:20 UTC
Table: 'Expresso Nitro(626441914)#0' 3-max (real money) Seat #1 is the button
Seat 1: MykJy (290)
Seat 2: Ree-Ko (310)
Seat 3: _SKR (300)
*** ANTE/BLINDS ***
Ree-Ko posts small blind 10
_SKR posts big blind 20
Dealt to _SKR [7c 5h]
*** PRE-FLOP *** 
MykJy folds
Ree-Ko calls 10
_SKR checks
*** FLOP *** [4h Ks 5s]
Ree-Ko bets 20
_SKR calls 20
*** TURN *** [4h Ks 5s][6h]
Ree-Ko bets 80
_SKR folds
Ree-Ko collected 160 from pot
*** SUMMARY ***
Total pot 160 | No rake
Board: [4h Ks 5s 6h]
Seat 2: Ree-Ko (small blind) won 160


Winamax Poker - Tournament "Expresso Nitro" buyIn: 0.93€ + 0.07€ level: 1 - HandId: #2690547533473644545-3-1674685784 - Holdem no limit (10/20) - 2023/01/25 22:29:44 UTC
Table: 'Expresso Nitro(626441914)#0' 3-max (real money) Seat #2 is the button
Seat 1: MykJy (290)
Seat 2: Ree-Ko (350)
Seat 3: _SKR (260)
*** ANTE/BLINDS ***
_SKR posts small blind 10
MykJy posts big blind 20
Dealt to _SKR [9d Jc]
*** PRE-FLOP *** 
Ree-Ko calls 20
_SKR folds
MykJy raises 40 to 60
Ree-Ko calls 40
*** FLOP *** [5c 6c 4s]
MykJy bets 230 and is all-in
Ree-Ko folds
MykJy collected 360 from pot
*** SUMMARY ***
Total pot 360 | No rake
Board: [5c 6c 4s]
Seat 1: MykJy (big blind) won 360


Winamax Poker - Tournament "Expresso Nitro" buyIn: 0.93€ + 0.07€ level: 2 - HandId: #2690547533473644545-4-1674685819 - Holdem no limit (15/30) - 2023/01/25 22:30:19 UTC
Table: 'Expresso Nitro(626441914)#0' 3-max (real money) Seat #3 is the button
Seat 1: MykJy (360)
Seat 2: Ree-Ko (290)
Seat 3: _SKR (250)
*** ANTE/BLINDS ***
MykJy posts small blind 15
Ree-Ko posts big blind 30
Dealt to _SKR [Ks 8d]
*** PRE-FLOP *** 
_SKR raises 220 to 250 and is all-in
MykJy folds
Ree-Ko folds
_SKR collected 295 from pot
*** SUMMARY ***
Total pot 295 | No rake
Seat 3: _SKR (button) won 295


Winamax Poker - Tournament "Expresso Nitro" buyIn: 0.93€ + 0.07€ level: 2 - HandId: #2690547533473644545-5-1674685827 - Holdem no limit (15/30) - 2023/01/25 22:30:27 UTC
Table: 'Expresso Nitro(626441914)#0' 3-max (real money) Seat #1 is the button
Seat 1: MykJy (345)
Seat 2: Ree-Ko (260)
Seat 3: _SKR (295)
*** ANTE/BLINDS ***
Ree-Ko posts small blind 15
_SKR posts big blind 30
Dealt to _SKR [8d 6h]
*** PRE-FLOP *** 
MykJy folds
Ree-Ko folds
_SKR collected 45 from pot
*** SUMMARY ***
Total pot 45 | No rake
Seat 3: _SKR (big blind) won 45


Winamax Poker - Tournament "Expresso Nitro" buyIn: 0.93€ + 0.07€ level: 2 - HandId: #2690547533473644545-6-1674685833 - Holdem no limit (15/30) - 2023/01/25 22:30:33 UTC
Table: 'Expresso Nitro(626441914)#0' 3-max (real money) Seat #2 is the button
Seat 1: MykJy (345)
Seat 2: Ree-Ko (245)
Seat 3: _SKR (310)
*** ANTE/BLINDS ***
_SKR posts small blind 15
MykJy posts big blind 30
Dealt to _SKR [9d 5d]
*** PRE-FLOP *** 
Ree-Ko folds
_SKR calls 15
MykJy checks
*** FLOP *** [2h 9s Jd]
_SKR bets 30
MykJy calls 30
*** TURN *** [2h 9s Jd][6s]
_SKR checks
MykJy bets 78
_SKR calls 78
*** RIVER *** [2h 9s Jd 6s][3h]
_SKR checks
MykJy checks
*** SHOW DOWN ***
_SKR shows [9d 5d] (One pair : 9)
MykJy shows [9c 7d] (One pair : 9)
MykJy collected 276 from pot
*** SUMMARY ***
Total pot 276 | No rake
Board: [2h 9s Jd 6s 3h]
Seat 1: MykJy (big blind) showed [9c 7d] and won 276 with One pair : 9
Seat 3: _SKR (small blind) showed [9d 5d] and lost with One pair : 9


Winamax Poker - Tournament "Expresso Nitro" buyIn: 0.93€ + 0.07€ level: 3 - HandId: #2690547533473644545-7-1674685870 - Holdem no limit (20/40) - 2023/01/25 22:31:10 UTC
Table: 'Expresso Nitro(626441914)#0' 3-max (real money) Seat #3 is the button
Seat 1: MykJy (483)
Seat 2: Ree-Ko (245)
Seat 3: _SKR (172)
*** ANTE/BLINDS ***
MykJy posts small blind 20
Ree-Ko posts big blind 40
Dealt to _SKR [4h 7s]
*** PRE-FLOP *** 
_SKR folds
MykJy calls 20
Ree-Ko checks
*** FLOP *** [9c 9s Qc]
MykJy bets 80
Ree-Ko folds
MykJy collected 160 from pot
*** SUMMARY ***
Total pot 160 | No rake
Board: [9c 9s Qc]
Seat 1: MykJy (small blind) won 160


Winamax Poker - Tournament "Expresso Nitro" buyIn: 0.93€ + 0.07€ level: 3 - HandId: #2690547533473644545-8-1674685901 - Holdem no limit (20/40) - 2023/01/25 22:31:41 UTC
Table: 'Expresso Nitro(626441914)#0' 3-max (real money) Seat #1 is the button
Seat 1: MykJy (523)
Seat 2: Ree-Ko (205)
Seat 3: _SKR (172)
*** ANTE/BLINDS ***
Ree-Ko posts small blind 20
_SKR posts big blind 40
Dealt to _SKR [Th 7d]
*** PRE-FLOP *** 
MykJy folds
Ree-Ko calls 20
_SKR checks
*** FLOP *** [6c 9c 4h]
Ree-Ko bets 80
_SKR folds
Ree-Ko collected 160 from pot
*** SUMMARY ***
Total pot 160 | No rake
Board: [6c 9c 4h]
Seat 2: Ree-Ko (small blind) won 160


Winamax Poker - Tournament "Expresso Nitro" buyIn: 0.93€ + 0.07€ level: 3 - HandId: #2690547533473644545-9-1674685921 - Holdem no limit (20/40) - 2023/01/25 22:32:01 UTC
Table: 'Expresso Nitro(626441914)#0' 3-max (real money) Seat #2 is the button
Seat 1: MykJy (523)
Seat 2: Ree-Ko (245)
Seat 3: _SKR (132)
*** ANTE/BLINDS ***
_SKR posts small blind 20
MykJy posts big blind 40
Dealt to _SKR [Ks 6s]
*** PRE-FLOP *** 
Ree-Ko folds
_SKR raises 92 to 132 and is all-in
MykJy calls 92
*** FLOP *** [7c 8s 9h]
*** TURN *** [7c 8s 9h][Qs]
*** RIVER *** [7c 8s 9h Qs][6c]
*** SHOW DOWN ***
_SKR shows [Ks 6s] (One pair : 6)
MykJy shows [9c 7d] (Two pairs : 9 and 7)
MykJy collected 264 from pot
*** SUMMARY ***
Total pot 264 | No rake
Board: [7c 8s 9h Qs 6c]
Seat 1: MykJy (big blind) showed [9c 7d] and won 264 with Two pairs : 9 and 7
Seat 3: _SKR (small blind) showed [Ks 6s] and lost with One pair : 6


