Winamax Poker - Tournament "Expresso Nitro" buyIn: 0.93€ + 0.07€ level: 1 - HandId: #2691947847430963201-1-1674775030 - Holdem no limit (10/20) - 2023/01/26 23:17:10 UTC
Table: 'Expresso Nitro(626767950)#0' 3-max (real money) Seat #1 is the button
Seat 1: Javier1745 (300)
Seat 2: _SKR (300)
Seat 3: Alvarodc7 (300)
*** ANTE/BLINDS ***
_SKR posts small blind 10
Alvarodc7 posts big blind 20
Dealt to _SKR [Qc 6h]
*** PRE-FLOP *** 
Javier1745 folds
_SKR calls 10
Alvarodc7 checks
*** FLOP *** [3d 8c Ad]
_SKR checks
Alvarodc7 checks
*** TURN *** [3d 8c Ad][Kc]
_SKR checks
Alvarodc7 checks
*** RIVER *** [3d 8c Ad Kc][Qh]
_SKR checks
Alvarodc7 bets 20
_SKR calls 20
*** SHOW DOWN ***
Alvarodc7 shows [9d 3h] (One pair : 3)
_SKR shows [Qc 6h] (One pair : Queens)
_SKR collected 80 from pot
*** SUMMARY ***
Total pot 80 | No rake
Board: [3d 8c Ad Kc Qh]
Seat 2: _SKR (small blind) showed [Qc 6h] and won 80 with One pair : Queens
Seat 3: Alvarodc7 (big blind) showed [9d 3h] and lost with One pair : 3


Winamax Poker - Tournament "Expresso Nitro" buyIn: 0.93€ + 0.07€ level: 2 - HandId: #2691947847430963201-2-1674775088 - Holdem no limit (15/30) - 2023/01/26 23:18:08 UTC
Table: 'Expresso Nitro(626767950)#0' 3-max (real money) Seat #2 is the button
Seat 1: Javier1745 (300)
Seat 2: _SKR (340)
Seat 3: Alvarodc7 (260)
*** ANTE/BLINDS ***
Alvarodc7 posts small blind 15
Javier1745 posts big blind 30
Dealt to _SKR [6s Qs]
*** PRE-FLOP *** 
_SKR folds
Alvarodc7 calls 15
Javier1745 checks
*** FLOP *** [6d Ac 8s]
Alvarodc7 checks
Javier1745 checks
*** TURN *** [6d Ac 8s][5c]
Alvarodc7 checks
Javier1745 checks
*** RIVER *** [6d Ac 8s 5c][As]
Alvarodc7 checks
Javier1745 bets 30
Alvarodc7 calls 30
*** SHOW DOWN ***
Alvarodc7 shows [2s Qh] (One pair : Aces)
Javier1745 shows [Ks 9h] (One pair : Aces)
Javier1745 collected 120 from pot
*** SUMMARY ***
Total pot 120 | No rake
Board: [6d Ac 8s 5c As]
Seat 1: Javier1745 (big blind) showed [Ks 9h] and won 120 with One pair : Aces
Seat 3: Alvarodc7 (small blind) showed [2s Qh] and lost with One pair : Aces


Winamax Poker - Tournament "Expresso Nitro" buyIn: 0.93€ + 0.07€ level: 2 - HandId: #2691947847430963201-3-1674775123 - Holdem no limit (15/30) - 2023/01/26 23:18:43 UTC
Table: 'Expresso Nitro(626767950)#0' 3-max (real money) Seat #3 is the button
Seat 1: Javier1745 (360)
Seat 2: _SKR (340)
Seat 3: Alvarodc7 (200)
*** ANTE/BLINDS ***
Javier1745 posts small blind 15
_SKR posts big blind 30
Dealt to _SKR [2d Tc]
*** PRE-FLOP *** 
Alvarodc7 folds
Javier1745 folds
_SKR collected 45 from pot
*** SUMMARY ***
Total pot 45 | No rake
Seat 2: _SKR (big blind) won 45


Winamax Poker - Tournament "Expresso Nitro" buyIn: 0.93€ + 0.07€ level: 2 - HandId: #2691947847430963201-4-1674775129 - Holdem no limit (15/30) - 2023/01/26 23:18:49 UTC
Table: 'Expresso Nitro(626767950)#0' 3-max (real money) Seat #1 is the button
Seat 1: Javier1745 (345)
Seat 2: _SKR (355)
Seat 3: Alvarodc7 (200)
*** ANTE/BLINDS ***
_SKR posts small blind 15
Alvarodc7 posts big blind 30
Dealt to _SKR [Jh 6s]
*** PRE-FLOP *** 
Javier1745 folds
_SKR folds
Alvarodc7 collected 45 from pot
*** SUMMARY ***
Total pot 45 | No rake
Seat 3: Alvarodc7 (big blind) won 45


Winamax Poker - Tournament "Expresso Nitro" buyIn: 0.93€ + 0.07€ level: 2 - HandId: #2691947847430963201-5-1674775133 - Holdem no limit (15/30) - 2023/01/26 23:18:53 UTC
Table: 'Expresso Nitro(626767950)#0' 3-max (real money) Seat #2 is the button
Seat 1: Javier1745 (345)
Seat 2: _SKR (340)
Seat 3: Alvarodc7 (215)
*** ANTE/BLINDS ***
Alvarodc7 posts small blind 15
Javier1745 posts big blind 30
Dealt to _SKR [8d 8c]
*** PRE-FLOP *** 
_SKR raises 310 to 340 and is all-in
Alvarodc7 folds
Javier1745 folds
_SKR collected 385 from pot
*** SUMMARY ***
Total pot 385 | No rake
Seat 2: _SKR (button) won 385


Winamax Poker - Tournament "Expresso Nitro" buyIn: 0.93€ + 0.07€ level: 2 - HandId: #2691947847430963201-6-1674775141 - Holdem no limit (15/30) - 2023/01/26 23:19:01 UTC
Table: 'Expresso Nitro(626767950)#0' 3-max (real money) Seat #3 is the button
Seat 1: Javier1745 (315)
Seat 2: _SKR (385)
Seat 3: Alvarodc7 (200)
*** ANTE/BLINDS ***
Javier1745 posts small blind 15
_SKR posts big blind 30
Dealt to _SKR [Qd Ts]
*** PRE-FLOP *** 
Alvarodc7 raises 170 to 200 and is all-in
Javier1745 folds
_SKR calls 170
*** FLOP *** [6c Qc 4h]
*** TURN *** [6c Qc 4h][9h]
*** RIVER *** [6c Qc 4h 9h][Qh]
*** SHOW DOWN ***
Alvarodc7 shows [Ac Ad] (Two pairs : Aces and Queens)
_SKR shows [Qd Ts] (Trips of Queens)
_SKR collected 415 from pot
*** SUMMARY ***
Total pot 415 | No rake
Board: [6c Qc 4h 9h Qh]
Seat 2: _SKR (big blind) showed [Qd Ts] and won 415 with Trips of Queens
Seat 3: Alvarodc7 (button) showed [Ac Ad] and lost with Two pairs : Aces and Queens


Winamax Poker - Tournament "Expresso Nitro" buyIn: 0.93€ + 0.07€ level: 3 - HandId: #2691947847430963201-7-1674775161 - Holdem no limit (20/40) - 2023/01/26 23:19:21 UTC
Table: 'Expresso Nitro(626767950)#0' 3-max (real money) Seat #2 is the button
Seat 1: Javier1745 (300)
Seat 2: _SKR (600)
*** ANTE/BLINDS ***
_SKR posts small blind 20
Javier1745 posts big blind 40
Dealt to _SKR [7h 7c]
*** PRE-FLOP *** 
_SKR raises 560 to 600 and is all-in
Javier1745 folds
_SKR collected 640 from pot
*** SUMMARY ***
Total pot 640 | No rake
Seat 2: _SKR (small blind) (button) won 640


Winamax Poker - Tournament "Expresso Nitro" buyIn: 0.93€ + 0.07€ level: 3 - HandId: #2691947847430963201-8-1674775171 - Holdem no limit (20/40) - 2023/01/26 23:19:31 UTC
Table: 'Expresso Nitro(626767950)#0' 3-max (real money) Seat #1 is the button
Seat 1: Javier1745 (260)
Seat 2: _SKR (640)
*** ANTE/BLINDS ***
Javier1745 posts small blind 20
_SKR posts big blind 40
Dealt to _SKR [Ah Ks]
*** PRE-FLOP *** 
Javier1745 raises 220 to 260 and is all-in
_SKR calls 220
*** FLOP *** [Ts 2c Qh]
*** TURN *** [Ts 2c Qh][7d]
*** RIVER *** [Ts 2c Qh 7d][Kh]
*** SHOW DOWN ***
Javier1745 shows [7s As] (One pair : 7)
_SKR shows [Ah Ks] (One pair : Kings)
_SKR collected 520 from pot
*** SUMMARY ***
Total pot 520 | No rake
Board: [Ts 2c Qh 7d Kh]
Seat 1: Javier1745 (small blind) (button) showed [7s As] and lost with One pair : 7
Seat 2: _SKR (big blind) showed [Ah Ks] and won 520 with One pair : Kings


