Winamax Poker - Tournament "Expresso Nitro" buyIn: 1.86€ + 0.14€ level: 1 - HandId: #2696656948358545409-1-1675091989 - Holdem no limit (10/20) - 2023/01/30 15:19:49 UTC
Table: 'Expresso Nitro(627864373)#0' 3-max (real money) Seat #1 is the button
Seat 1: bibipask (300)
Seat 2: _SKR (300)
Seat 3: BackOrDie (300)
*** ANTE/BLINDS ***
_SKR posts small blind 10
BackOrDie posts big blind 20
Dealt to _SKR [Ah 8c]
*** PRE-FLOP *** 
bibipask calls 20
_SKR raises 280 to 300 and is all-in
BackOrDie folds
bibipask folds
_SKR collected 340 from pot
*** SUMMARY ***
Total pot 340 | No rake
Seat 2: _SKR (small blind) won 340


Winamax Poker - Tournament "Expresso Nitro" buyIn: 1.86€ + 0.14€ level: 1 - HandId: #2696656948358545409-2-1675092010 - Holdem no limit (10/20) - 2023/01/30 15:20:10 UTC
Table: 'Expresso Nitro(627864373)#0' 3-max (real money) Seat #2 is the button
Seat 1: bibipask (280)
Seat 2: _SKR (340)
Seat 3: BackOrDie (280)
*** ANTE/BLINDS ***
BackOrDie posts small blind 10
bibipask posts big blind 20
Dealt to _SKR [4c 7c]
*** PRE-FLOP *** 
_SKR folds
BackOrDie raises 20 to 40
bibipask calls 20
*** FLOP *** [9c 4d 7h]
BackOrDie bets 52
bibipask calls 52
*** TURN *** [9c 4d 7h][6d]
BackOrDie bets 92
bibipask raises 96 to 188 and is all-in
BackOrDie calls 96 and is all-in
*** RIVER *** [9c 4d 7h 6d][6c]
*** SHOW DOWN ***
BackOrDie shows [Kd Kh] (Two pairs : Kings and 6)
bibipask shows [Th 8s] (Straight Ten high)
bibipask collected 560 from pot
*** SUMMARY ***
Total pot 560 | No rake
Board: [9c 4d 7h 6d 6c]
Seat 1: bibipask (big blind) showed [Th 8s] and won 560 with Straight Ten high
Seat 3: BackOrDie (small blind) showed [Kd Kh] and lost with Two pairs : Kings and 6


Winamax Poker - Tournament "Expresso Nitro" buyIn: 1.86€ + 0.14€ level: 1 - HandId: #2696656948358545409-3-1675092038 - Holdem no limit (10/20) - 2023/01/30 15:20:38 UTC
Table: 'Expresso Nitro(627864373)#0' 3-max (real money) Seat #1 is the button
Seat 1: bibipask (560)
Seat 2: _SKR (340)
*** ANTE/BLINDS ***
bibipask posts small blind 10
_SKR posts big blind 20
Dealt to _SKR [3d Ah]
*** PRE-FLOP *** 
bibipask calls 10
_SKR raises 320 to 340 and is all-in
bibipask folds
_SKR collected 360 from pot
*** SUMMARY ***
Total pot 360 | No rake
Seat 2: _SKR (big blind) won 360


Winamax Poker - Tournament "Expresso Nitro" buyIn: 1.86€ + 0.14€ level: 2 - HandId: #2696656948358545409-4-1675092049 - Holdem no limit (15/30) - 2023/01/30 15:20:49 UTC
Table: 'Expresso Nitro(627864373)#0' 3-max (real money) Seat #2 is the button
Seat 1: bibipask (540)
Seat 2: _SKR (360)
*** ANTE/BLINDS ***
_SKR posts small blind 15
bibipask posts big blind 30
Dealt to _SKR [2d Ts]
*** PRE-FLOP *** 
_SKR folds
bibipask collected 45 from pot
*** SUMMARY ***
Total pot 45 | No rake
Seat 1: bibipask (big blind) won 45


Winamax Poker - Tournament "Expresso Nitro" buyIn: 1.86€ + 0.14€ level: 2 - HandId: #2696656948358545409-5-1675092053 - Holdem no limit (15/30) - 2023/01/30 15:20:53 UTC
Table: 'Expresso Nitro(627864373)#0' 3-max (real money) Seat #1 is the button
Seat 1: bibipask (555)
Seat 2: _SKR (345)
*** ANTE/BLINDS ***
bibipask posts small blind 15
_SKR posts big blind 30
Dealt to _SKR [4s Qc]
*** PRE-FLOP *** 
bibipask calls 15
_SKR checks
*** FLOP *** [9h 6h Qd]
_SKR checks
bibipask checks
*** TURN *** [9h 6h Qd][5s]
_SKR checks
bibipask bets 60
_SKR calls 60
*** RIVER *** [9h 6h Qd 5s][4d]
_SKR checks
bibipask checks
*** SHOW DOWN ***
bibipask shows [5h 6s] (Two pairs : 6 and 5)
_SKR shows [4s Qc] (Two pairs : Queens and 4)
_SKR collected 180 from pot
*** SUMMARY ***
Total pot 180 | No rake
Board: [9h 6h Qd 5s 4d]
Seat 1: bibipask (small blind) (button) showed [5h 6s] and lost with Two pairs : 6 and 5
Seat 2: _SKR (big blind) showed [4s Qc] and won 180 with Two pairs : Queens and 4


Winamax Poker - Tournament "Expresso Nitro" buyIn: 1.86€ + 0.14€ level: 2 - HandId: #2696656948358545409-6-1675092089 - Holdem no limit (15/30) - 2023/01/30 15:21:29 UTC
Table: 'Expresso Nitro(627864373)#0' 3-max (real money) Seat #2 is the button
Seat 1: bibipask (465)
Seat 2: _SKR (435)
*** ANTE/BLINDS ***
_SKR posts small blind 15
bibipask posts big blind 30
Dealt to _SKR [7d 4s]
*** PRE-FLOP *** 
_SKR folds
bibipask collected 45 from pot
*** SUMMARY ***
Total pot 45 | No rake
Seat 1: bibipask (big blind) won 45


Winamax Poker - Tournament "Expresso Nitro" buyIn: 1.86€ + 0.14€ level: 2 - HandId: #2696656948358545409-7-1675092092 - Holdem no limit (15/30) - 2023/01/30 15:21:32 UTC
Table: 'Expresso Nitro(627864373)#0' 3-max (real money) Seat #1 is the button
Seat 1: bibipask (480)
Seat 2: _SKR (420)
*** ANTE/BLINDS ***
bibipask posts small blind 15
_SKR posts big blind 30
Dealt to _SKR [2s Kh]
*** PRE-FLOP *** 
bibipask calls 15
_SKR checks
*** FLOP *** [As Kd 7s]
_SKR checks
bibipask checks
*** TURN *** [As Kd 7s][9d]
_SKR checks
bibipask checks
*** RIVER *** [As Kd 7s 9d][7d]
_SKR checks
bibipask checks
*** SHOW DOWN ***
bibipask shows [Th Qs] (One pair : 7)
_SKR shows [2s Kh] (Two pairs : Kings and 7)
_SKR collected 60 from pot
*** SUMMARY ***
Total pot 60 | No rake
Board: [As Kd 7s 9d 7d]
Seat 1: bibipask (small blind) (button) showed [Th Qs] and lost with One pair : 7
Seat 2: _SKR (big blind) showed [2s Kh] and won 60 with Two pairs : Kings and 7


Winamax Poker - Tournament "Expresso Nitro" buyIn: 1.86€ + 0.14€ level: 3 - HandId: #2696656948358545409-8-1675092129 - Holdem no limit (20/40) - 2023/01/30 15:22:09 UTC
Table: 'Expresso Nitro(627864373)#0' 3-max (real money) Seat #2 is the button
Seat 1: bibipask (450)
Seat 2: _SKR (450)
*** ANTE/BLINDS ***
_SKR posts small blind 20
bibipask posts big blind 40
Dealt to _SKR [Qc 3h]
*** PRE-FLOP *** 
_SKR folds
bibipask collected 60 from pot
*** SUMMARY ***
Total pot 60 | No rake
Seat 1: bibipask (big blind) won 60


Winamax Poker - Tournament "Expresso Nitro" buyIn: 1.86€ + 0.14€ level: 3 - HandId: #2696656948358545409-9-1675092134 - Holdem no limit (20/40) - 2023/01/30 15:22:14 UTC
Table: 'Expresso Nitro(627864373)#0' 3-max (real money) Seat #1 is the button
Seat 1: bibipask (470)
Seat 2: _SKR (430)
*** ANTE/BLINDS ***
bibipask posts small blind 20
_SKR posts big blind 40
Dealt to _SKR [5c 4s]
*** PRE-FLOP *** 
bibipask raises 40 to 80
_SKR folds
bibipask collected 120 from pot
*** SUMMARY ***
Total pot 120 | No rake
Seat 1: bibipask (small blind) (button) won 120


Winamax Poker - Tournament "Expresso Nitro" buyIn: 1.86€ + 0.14€ level: 3 - HandId: #2696656948358545409-10-1675092140 - Holdem no limit (20/40) - 2023/01/30 15:22:20 UTC
Table: 'Expresso Nitro(627864373)#0' 3-max (real money) Seat #2 is the button
Seat 1: bibipask (510)
Seat 2: _SKR (390)
*** ANTE/BLINDS ***
_SKR posts small blind 20
bibipask posts big blind 40
Dealt to _SKR [8s Kh]
*** PRE-FLOP *** 
_SKR raises 350 to 390 and is all-in
bibipask raises 120 to 510 and is all-in
*** FLOP *** [2h 7h Th]
*** TURN *** [2h 7h Th][Td]
*** RIVER *** [2h 7h Th Td][Qs]
*** SHOW DOWN ***
_SKR shows [8s Kh] (One pair : Tens)
bibipask shows [4s As] (One pair : Tens)
bibipask collected 900 from pot
*** SUMMARY ***
Total pot 900 | No rake
Board: [2h 7h Th Td Qs]
Seat 1: bibipask (big blind) showed [4s As] and won 900 with One pair : Tens
Seat 2: _SKR (small blind) (button) showed [8s Kh] and lost with One pair : Tens


