Winamax Poker - Tournament "Expresso Nitro" buyIn: 0.93€ + 0.07€ level: 1 - HandId: #2718600331410800641-1-1676291301 - Holdem no limit (10/20) - 2023/02/13 12:28:21 UTC
Table: 'Expresso Nitro(632973465)#0' 3-max (real money) Seat #1 is the button
Seat 1: LOLOISA1972 (300)
Seat 2: _SKR (300)
Seat 3: Raiiser (300)
*** ANTE/BLINDS ***
_SKR posts small blind 10
Raiiser posts big blind 20
Dealt to _SKR [8s Jd]
*** PRE-FLOP *** 
LOLOISA1972 raises 20 to 40
_SKR folds
Raiiser folds
LOLOISA1972 collected 70 from pot
*** SUMMARY ***
Total pot 70 | No rake
Seat 1: LOLOISA1972 (button) won 70


Winamax Poker - Tournament "Expresso Nitro" buyIn: 0.93€ + 0.07€ level: 1 - HandId: #2718600331410800641-2-1676291319 - Holdem no limit (10/20) - 2023/02/13 12:28:39 UTC
Table: 'Expresso Nitro(632973465)#0' 3-max (real money) Seat #2 is the button
Seat 1: LOLOISA1972 (330)
Seat 2: _SKR (290)
Seat 3: Raiiser (280)
*** ANTE/BLINDS ***
Raiiser posts small blind 10
LOLOISA1972 posts big blind 20
Dealt to _SKR [Kc Ts]
*** PRE-FLOP *** 
_SKR raises 20 to 40
Raiiser calls 30
LOLOISA1972 calls 20
*** FLOP *** [5d Qc 2s]
Raiiser checks
LOLOISA1972 checks
_SKR bets 42
Raiiser folds
LOLOISA1972 folds
_SKR collected 162 from pot
*** SUMMARY ***
Total pot 162 | No rake
Board: [5d Qc 2s]
Seat 2: _SKR (button) won 162


Winamax Poker - Tournament "Expresso Nitro" buyIn: 0.93€ + 0.07€ level: 2 - HandId: #2718600331410800641-3-1676291364 - Holdem no limit (15/30) - 2023/02/13 12:29:24 UTC
Table: 'Expresso Nitro(632973465)#0' 3-max (real money) Seat #3 is the button
Seat 1: LOLOISA1972 (290)
Seat 2: _SKR (370)
Seat 3: Raiiser (240)
*** ANTE/BLINDS ***
LOLOISA1972 posts small blind 15
_SKR posts big blind 30
Dealt to _SKR [7h Ks]
*** PRE-FLOP *** 
Raiiser folds
LOLOISA1972 calls 15
_SKR checks
*** FLOP *** [8d Jh 6h]
LOLOISA1972 bets 30
_SKR folds
LOLOISA1972 collected 90 from pot
*** SUMMARY ***
Total pot 90 | No rake
Board: [8d Jh 6h]
Seat 1: LOLOISA1972 (small blind) won 90


Winamax Poker - Tournament "Expresso Nitro" buyIn: 0.93€ + 0.07€ level: 2 - HandId: #2718600331410800641-4-1676291383 - Holdem no limit (15/30) - 2023/02/13 12:29:43 UTC
Table: 'Expresso Nitro(632973465)#0' 3-max (real money) Seat #1 is the button
Seat 1: LOLOISA1972 (320)
Seat 2: _SKR (340)
Seat 3: Raiiser (240)
*** ANTE/BLINDS ***
_SKR posts small blind 15
Raiiser posts big blind 30
Dealt to _SKR [9s 2h]
*** PRE-FLOP *** 
LOLOISA1972 calls 30
_SKR folds
Raiiser raises 60 to 90
LOLOISA1972 calls 60
*** FLOP *** [Th Jc 9d]
Raiiser bets 150 and is all-in
LOLOISA1972 folds
Raiiser collected 345 from pot
*** SUMMARY ***
Total pot 345 | No rake
Board: [Th Jc 9d]
Seat 3: Raiiser (big blind) won 345


Winamax Poker - Tournament "Expresso Nitro" buyIn: 0.93€ + 0.07€ level: 2 - HandId: #2718600331410800641-5-1676291411 - Holdem no limit (15/30) - 2023/02/13 12:30:11 UTC
Table: 'Expresso Nitro(632973465)#0' 3-max (real money) Seat #2 is the button
Seat 1: LOLOISA1972 (230)
Seat 2: _SKR (325)
Seat 3: Raiiser (345)
*** ANTE/BLINDS ***
Raiiser posts small blind 15
LOLOISA1972 posts big blind 30
Dealt to _SKR [Qs Ad]
*** PRE-FLOP *** 
_SKR raises 295 to 325 and is all-in
Raiiser folds
LOLOISA1972 calls 200 and is all-in
*** FLOP *** [Qd 5c 8h]
*** TURN *** [Qd 5c 8h][6d]
*** RIVER *** [Qd 5c 8h 6d][Jh]
*** SHOW DOWN ***
LOLOISA1972 shows [3d 2s] (High card : Queen)
_SKR shows [Qs Ad] (One pair : Queens)
_SKR collected 570 from pot
*** SUMMARY ***
Total pot 570 | No rake
Board: [Qd 5c 8h 6d Jh]
Seat 1: LOLOISA1972 (big blind) showed [3d 2s] and lost with High card : Queen
Seat 2: _SKR (button) showed [Qs Ad] and won 570 with One pair : Queens


Winamax Poker - Tournament "Expresso Nitro" buyIn: 0.93€ + 0.07€ level: 3 - HandId: #2718600331410800641-6-1676291428 - Holdem no limit (20/40) - 2023/02/13 12:30:28 UTC
Table: 'Expresso Nitro(632973465)#0' 3-max (real money) Seat #2 is the button
Seat 2: _SKR (570)
Seat 3: Raiiser (330)
*** ANTE/BLINDS ***
_SKR posts small blind 20
Raiiser posts big blind 40
Dealt to _SKR [2s 7h]
*** PRE-FLOP *** 
_SKR folds
Raiiser collected 60 from pot
*** SUMMARY ***
Total pot 60 | No rake
Seat 3: Raiiser (big blind) won 60


Winamax Poker - Tournament "Expresso Nitro" buyIn: 0.93€ + 0.07€ level: 3 - HandId: #2718600331410800641-7-1676291436 - Holdem no limit (20/40) - 2023/02/13 12:30:36 UTC
Table: 'Expresso Nitro(632973465)#0' 3-max (real money) Seat #3 is the button
Seat 2: _SKR (550)
Seat 3: Raiiser (350)
*** ANTE/BLINDS ***
Raiiser posts small blind 20
_SKR posts big blind 40
Dealt to _SKR [8h 5d]
*** PRE-FLOP *** 
Raiiser raises 310 to 350 and is all-in
_SKR folds
Raiiser collected 390 from pot
*** SUMMARY ***
Total pot 390 | No rake
Seat 3: Raiiser (small blind) (button) won 390


Winamax Poker - Tournament "Expresso Nitro" buyIn: 0.93€ + 0.07€ level: 3 - HandId: #2718600331410800641-8-1676291448 - Holdem no limit (20/40) - 2023/02/13 12:30:48 UTC
Table: 'Expresso Nitro(632973465)#0' 3-max (real money) Seat #2 is the button
Seat 2: _SKR (510)
Seat 3: Raiiser (390)
*** ANTE/BLINDS ***
_SKR posts small blind 20
Raiiser posts big blind 40
Dealt to _SKR [Ah Qs]
*** PRE-FLOP *** 
_SKR raises 470 to 510 and is all-in
Raiiser folds
_SKR collected 550 from pot
*** SUMMARY ***
Total pot 550 | No rake
Seat 2: _SKR (small blind) (button) won 550


Winamax Poker - Tournament "Expresso Nitro" buyIn: 0.93€ + 0.07€ level: 3 - HandId: #2718600331410800641-9-1676291458 - Holdem no limit (20/40) - 2023/02/13 12:30:58 UTC
Table: 'Expresso Nitro(632973465)#0' 3-max (real money) Seat #3 is the button
Seat 2: _SKR (550)
Seat 3: Raiiser (350)
*** ANTE/BLINDS ***
Raiiser posts small blind 20
_SKR posts big blind 40
Dealt to _SKR [Ad Jc]
*** PRE-FLOP *** 
Raiiser calls 20
_SKR raises 510 to 550 and is all-in
Raiiser folds
_SKR collected 590 from pot
*** SUMMARY ***
Total pot 590 | No rake
Seat 2: _SKR (big blind) won 590


Winamax Poker - Tournament "Expresso Nitro" buyIn: 0.93€ + 0.07€ level: 3 - HandId: #2718600331410800641-10-1676291471 - Holdem no limit (20/40) - 2023/02/13 12:31:11 UTC
Table: 'Expresso Nitro(632973465)#0' 3-max (real money) Seat #2 is the button
Seat 2: _SKR (590)
Seat 3: Raiiser (310)
*** ANTE/BLINDS ***
_SKR posts small blind 20
Raiiser posts big blind 40
Dealt to _SKR [4s 3h]
*** PRE-FLOP *** 
_SKR folds
Raiiser collected 60 from pot
*** SUMMARY ***
Total pot 60 | No rake
Seat 3: Raiiser (big blind) won 60


Winamax Poker - Tournament "Expresso Nitro" buyIn: 0.93€ + 0.07€ level: 3 - HandId: #2718600331410800641-11-1676291474 - Holdem no limit (20/40) - 2023/02/13 12:31:14 UTC
Table: 'Expresso Nitro(632973465)#0' 3-max (real money) Seat #3 is the button
Seat 2: _SKR (570)
Seat 3: Raiiser (330)
*** ANTE/BLINDS ***
Raiiser posts small blind 20
_SKR posts big blind 40
Dealt to _SKR [8c 3d]
*** PRE-FLOP *** 
Raiiser calls 20
_SKR checks
*** FLOP *** [Qh Ts 6h]
_SKR checks
Raiiser bets 60
_SKR folds
Raiiser collected 140 from pot
*** SUMMARY ***
Total pot 140 | No rake
Board: [Qh Ts 6h]
Seat 3: Raiiser (small blind) (button) won 140


Winamax Poker - Tournament "Expresso Nitro" buyIn: 0.93€ + 0.07€ level: 4 - HandId: #2718600331410800641-12-1676291500 - Holdem no limit (30/60) - 2023/02/13 12:31:40 UTC
Table: 'Expresso Nitro(632973465)#0' 3-max (real money) Seat #2 is the button
Seat 2: _SKR (530)
Seat 3: Raiiser (370)
*** ANTE/BLINDS ***
_SKR posts small blind 30
Raiiser posts big blind 60
Dealt to _SKR [9h Ts]
*** PRE-FLOP *** 
_SKR raises 470 to 530 and is all-in
Raiiser folds
_SKR collected 590 from pot
*** SUMMARY ***
Total pot 590 | No rake
Seat 2: _SKR (small blind) (button) won 590


Winamax Poker - Tournament "Expresso Nitro" buyIn: 0.93€ + 0.07€ level: 4 - HandId: #2718600331410800641-13-1676291524 - Holdem no limit (30/60) - 2023/02/13 12:32:04 UTC
Table: 'Expresso Nitro(632973465)#0' 3-max (real money) Seat #3 is the button
Seat 2: _SKR (590)
Seat 3: Raiiser (310)
*** ANTE/BLINDS ***
Raiiser posts small blind 30
_SKR posts big blind 60
Dealt to _SKR [2c 3d]
*** PRE-FLOP *** 
Raiiser folds
_SKR collected 90 from pot
*** SUMMARY ***
Total pot 90 | No rake
Seat 2: _SKR (big blind) won 90


Winamax Poker - Tournament "Expresso Nitro" buyIn: 0.93€ + 0.07€ level: 4 - HandId: #2718600331410800641-14-1676291529 - Holdem no limit (30/60) - 2023/02/13 12:32:09 UTC
Table: 'Expresso Nitro(632973465)#0' 3-max (real money) Seat #2 is the button
Seat 2: _SKR (620)
Seat 3: Raiiser (280)
*** ANTE/BLINDS ***
_SKR posts small blind 30
Raiiser posts big blind 60
Dealt to _SKR [Ad Qs]
*** PRE-FLOP *** 
_SKR raises 560 to 620 and is all-in
Raiiser folds
_SKR collected 680 from pot
*** SUMMARY ***
Total pot 680 | No rake
Seat 2: _SKR (small blind) (button) won 680


Winamax Poker - Tournament "Expresso Nitro" buyIn: 0.93€ + 0.07€ level: 5 - HandId: #2718600331410800641-15-1676291541 - Holdem no limit (40/80) - 2023/02/13 12:32:21 UTC
Table: 'Expresso Nitro(632973465)#0' 3-max (real money) Seat #3 is the button
Seat 2: _SKR (680)
Seat 3: Raiiser (220)
*** ANTE/BLINDS ***
Raiiser posts small blind 40
_SKR posts big blind 80
Dealt to _SKR [3h 9c]
*** PRE-FLOP *** 
Raiiser folds
_SKR collected 120 from pot
*** SUMMARY ***
Total pot 120 | No rake
Seat 2: _SKR (big blind) won 120


Winamax Poker - Tournament "Expresso Nitro" buyIn: 0.93€ + 0.07€ level: 5 - HandId: #2718600331410800641-16-1676291551 - Holdem no limit (40/80) - 2023/02/13 12:32:31 UTC
Table: 'Expresso Nitro(632973465)#0' 3-max (real money) Seat #2 is the button
Seat 2: _SKR (720)
Seat 3: Raiiser (180)
*** ANTE/BLINDS ***
_SKR posts small blind 40
Raiiser posts big blind 80
Dealt to _SKR [6c Th]
*** PRE-FLOP *** 
_SKR folds
Raiiser collected 120 from pot
*** SUMMARY ***
Total pot 120 | No rake
Seat 3: Raiiser (big blind) won 120


Winamax Poker - Tournament "Expresso Nitro" buyIn: 0.93€ + 0.07€ level: 5 - HandId: #2718600331410800641-17-1676291554 - Holdem no limit (40/80) - 2023/02/13 12:32:34 UTC
Table: 'Expresso Nitro(632973465)#0' 3-max (real money) Seat #3 is the button
Seat 2: _SKR (680)
Seat 3: Raiiser (220)
*** ANTE/BLINDS ***
Raiiser posts small blind 40
_SKR posts big blind 80
Dealt to _SKR [8d 6c]
*** PRE-FLOP *** 
Raiiser folds
_SKR collected 120 from pot
*** SUMMARY ***
Total pot 120 | No rake
Seat 2: _SKR (big blind) won 120


Winamax Poker - Tournament "Expresso Nitro" buyIn: 0.93€ + 0.07€ level: 5 - HandId: #2718600331410800641-18-1676291558 - Holdem no limit (40/80) - 2023/02/13 12:32:38 UTC
Table: 'Expresso Nitro(632973465)#0' 3-max (real money) Seat #2 is the button
Seat 2: _SKR (720)
Seat 3: Raiiser (180)
*** ANTE/BLINDS ***
_SKR posts small blind 40
Raiiser posts big blind 80
Dealt to _SKR [Jh 3d]
*** PRE-FLOP *** 
_SKR folds
Raiiser collected 120 from pot
*** SUMMARY ***
Total pot 120 | No rake
Seat 3: Raiiser (big blind) won 120


Winamax Poker - Tournament "Expresso Nitro" buyIn: 0.93€ + 0.07€ level: 5 - HandId: #2718600331410800641-19-1676291564 - Holdem no limit (40/80) - 2023/02/13 12:32:44 UTC
Table: 'Expresso Nitro(632973465)#0' 3-max (real money) Seat #3 is the button
Seat 2: _SKR (680)
Seat 3: Raiiser (220)
*** ANTE/BLINDS ***
Raiiser posts small blind 40
_SKR posts big blind 80
Dealt to _SKR [5c 5s]
*** PRE-FLOP *** 
Raiiser folds
_SKR collected 120 from pot
*** SUMMARY ***
Total pot 120 | No rake
Seat 2: _SKR (big blind) won 120


Winamax Poker - Tournament "Expresso Nitro" buyIn: 0.93€ + 0.07€ level: 5 - HandId: #2718600331410800641-20-1676291574 - Holdem no limit (40/80) - 2023/02/13 12:32:54 UTC
Table: 'Expresso Nitro(632973465)#0' 3-max (real money) Seat #2 is the button
Seat 2: _SKR (720)
Seat 3: Raiiser (180)
*** ANTE/BLINDS ***
_SKR posts small blind 40
Raiiser posts big blind 80
Dealt to _SKR [3d Th]
*** PRE-FLOP *** 
_SKR folds
Raiiser collected 120 from pot
*** SUMMARY ***
Total pot 120 | No rake
Seat 3: Raiiser (big blind) won 120


Winamax Poker - Tournament "Expresso Nitro" buyIn: 0.93€ + 0.07€ level: 5 - HandId: #2718600331410800641-21-1676291579 - Holdem no limit (40/80) - 2023/02/13 12:32:59 UTC
Table: 'Expresso Nitro(632973465)#0' 3-max (real money) Seat #3 is the button
Seat 2: _SKR (680)
Seat 3: Raiiser (220)
*** ANTE/BLINDS ***
Raiiser posts small blind 40
_SKR posts big blind 80
Dealt to _SKR [Ac 2h]
*** PRE-FLOP *** 
Raiiser raises 140 to 220 and is all-in
_SKR calls 140
*** FLOP *** [3h Td As]
*** TURN *** [3h Td As][3s]
*** RIVER *** [3h Td As 3s][Kh]
*** SHOW DOWN ***
_SKR shows [Ac 2h] (Two pairs : Aces and 3)
Raiiser shows [Qc Ad] (Two pairs : Aces and 3)
Raiiser collected 220 from pot
_SKR collected 220 from pot
*** SUMMARY ***
Total pot 440 | No rake
Board: [3h Td As 3s Kh]
Seat 2: _SKR (big blind) showed [Ac 2h] and won 220 with Two pairs : Aces and 3
Seat 3: Raiiser (small blind) (button) showed [Qc Ad] and won 220 with Two pairs : Aces and 3


Winamax Poker - Tournament "Expresso Nitro" buyIn: 0.93€ + 0.07€ level: 5 - HandId: #2718600331410800641-22-1676291594 - Holdem no limit (40/80) - 2023/02/13 12:33:14 UTC
Table: 'Expresso Nitro(632973465)#0' 3-max (real money) Seat #2 is the button
Seat 2: _SKR (680)
Seat 3: Raiiser (220)
*** ANTE/BLINDS ***
_SKR posts small blind 40
Raiiser posts big blind 80
Dealt to _SKR [7d 8h]
*** PRE-FLOP *** 
_SKR raises 600 to 680 and is all-in
Raiiser folds
_SKR collected 760 from pot
*** SUMMARY ***
Total pot 760 | No rake
Seat 2: _SKR (small blind) (button) won 760


Winamax Poker - Tournament "Expresso Nitro" buyIn: 0.93€ + 0.07€ level: 6 - HandId: #2718600331410800641-23-1676291604 - Holdem no limit (50/100) - 2023/02/13 12:33:24 UTC
Table: 'Expresso Nitro(632973465)#0' 3-max (real money) Seat #3 is the button
Seat 2: _SKR (760)
Seat 3: Raiiser (140)
*** ANTE/BLINDS ***
Raiiser posts small blind 50
_SKR posts big blind 100
Dealt to _SKR [6h 7s]
*** PRE-FLOP *** 
Raiiser raises 40 to 140 and is all-in
_SKR calls 40
*** FLOP *** [5c Qh Jd]
*** TURN *** [5c Qh Jd][2c]
*** RIVER *** [5c Qh Jd 2c][4s]
*** SHOW DOWN ***
_SKR shows [6h 7s] (High card : Queen)
Raiiser shows [5h 4c] (Two pairs : 5 and 4)
Raiiser collected 280 from pot
*** SUMMARY ***
Total pot 280 | No rake
Board: [5c Qh Jd 2c 4s]
Seat 2: _SKR (big blind) showed [6h 7s] and lost with High card : Queen
Seat 3: Raiiser (small blind) (button) showed [5h 4c] and won 280 with Two pairs : 5 and 4


Winamax Poker - Tournament "Expresso Nitro" buyIn: 0.93€ + 0.07€ level: 6 - HandId: #2718600331410800641-24-1676291618 - Holdem no limit (50/100) - 2023/02/13 12:33:38 UTC
Table: 'Expresso Nitro(632973465)#0' 3-max (real money) Seat #2 is the button
Seat 2: _SKR (620)
Seat 3: Raiiser (280)
*** ANTE/BLINDS ***
_SKR posts small blind 50
Raiiser posts big blind 100
Dealt to _SKR [9h Jd]
*** PRE-FLOP *** 
_SKR raises 520 to 620 and is all-in
Raiiser calls 180 and is all-in
*** FLOP *** [Ks 7d Td]
*** TURN *** [Ks 7d Td][8d]
*** RIVER *** [Ks 7d Td 8d][3c]
*** SHOW DOWN ***
_SKR shows [9h Jd] (Straight Jack high)
Raiiser shows [3d 2d] (Flush Ten high)
Raiiser collected 560 from main pot
_SKR collected 340 from side pot 1
*** SUMMARY ***
Total pot 900 | No rake
Board: [Ks 7d Td 8d 3c]
Seat 2: _SKR (small blind) (button) showed [9h Jd] and won 340 with Straight Jack high
Seat 3: Raiiser (big blind) showed [3d 2d] and won 560 with Flush Ten high


Winamax Poker - Tournament "Expresso Nitro" buyIn: 0.93€ + 0.07€ level: 6 - HandId: #2718600331410800641-25-1676291641 - Holdem no limit (50/100) - 2023/02/13 12:34:01 UTC
Table: 'Expresso Nitro(632973465)#0' 3-max (real money) Seat #3 is the button
Seat 2: _SKR (340)
Seat 3: Raiiser (560)
*** ANTE/BLINDS ***
Raiiser posts small blind 50
_SKR posts big blind 100
Dealt to _SKR [2h Ks]
*** PRE-FLOP *** 
Raiiser raises 460 to 560 and is all-in
_SKR calls 240 and is all-in
*** FLOP *** [Ac Kd As]
*** TURN *** [Ac Kd As][3c]
*** RIVER *** [Ac Kd As 3c][7d]
*** SHOW DOWN ***
_SKR shows [2h Ks] (Two pairs : Aces and Kings)
Raiiser shows [9s 7c] (Two pairs : Aces and 7)
Raiiser collected 220 from side pot 1
_SKR collected 680 from main pot
*** SUMMARY ***
Total pot 900 | No rake
Board: [Ac Kd As 3c 7d]
Seat 2: _SKR (big blind) showed [2h Ks] and won 680 with Two pairs : Aces and Kings
Seat 3: Raiiser (small blind) (button) showed [9s 7c] and won 220 with Two pairs : Aces and 7


Winamax Poker - Tournament "Expresso Nitro" buyIn: 0.93€ + 0.07€ level: 7 - HandId: #2718600331410800641-26-1676291657 - Holdem no limit (60/120) - 2023/02/13 12:34:17 UTC
Table: 'Expresso Nitro(632973465)#0' 3-max (real money) Seat #2 is the button
Seat 2: _SKR (680)
Seat 3: Raiiser (220)
*** ANTE/BLINDS ***
_SKR posts small blind 60
Raiiser posts big blind 120
Dealt to _SKR [6d Th]
*** PRE-FLOP *** 
_SKR raises 560 to 680 and is all-in
Raiiser calls 100 and is all-in
*** FLOP *** [6s Jd 5c]
*** TURN *** [6s Jd 5c][3d]
*** RIVER *** [6s Jd 5c 3d][6h]
*** SHOW DOWN ***
Raiiser shows [As 9h] (One pair : 6)
_SKR shows [6d Th] (Trips of 6)
_SKR collected 900 from pot
*** SUMMARY ***
Total pot 900 | No rake
Board: [6s Jd 5c 3d 6h]
Seat 2: _SKR (small blind) (button) showed [6d Th] and won 900 with Trips of 6
Seat 3: Raiiser (big blind) showed [As 9h] and lost with One pair : 6


