Winamax Poker - Tournament "Expresso Nitro" buyIn: 0.93€ + 0.07€ level: 1 - HandId: #2680042936820826113-1-1674049299 - Holdem no limit (10/20) - 2023/01/18 13:41:39 UTC
Table: 'Expresso Nitro(623996122)#0' 3-max (real money) Seat #3 is the button
Seat 1: Greg59580 (300)
Seat 2: KAYSIOU (300)
Seat 3: _SKR (300)
*** ANTE/BLINDS ***
Greg59580 posts small blind 10
KAYSIOU posts big blind 20
Dealt to _SKR [6s 6c]
*** PRE-FLOP *** 
_SKR raises 280 to 300 and is all-in
Greg59580 folds
KAYSIOU folds
_SKR collected 330 from pot
*** SUMMARY ***
Total pot 330 | No rake
Seat 3: _SKR (button) won 330


Winamax Poker - Tournament "Expresso Nitro" buyIn: 0.93€ + 0.07€ level: 1 - HandId: #2680042936820826113-2-1674049328 - Holdem no limit (10/20) - 2023/01/18 13:42:08 UTC
Table: 'Expresso Nitro(623996122)#0' 3-max (real money) Seat #1 is the button
Seat 1: Greg59580 (290)
Seat 2: KAYSIOU (280)
Seat 3: _SKR (330)
*** ANTE/BLINDS ***
KAYSIOU posts small blind 10
_SKR posts big blind 20
Dealt to _SKR [5d 7s]
*** PRE-FLOP *** 
Greg59580 raises 20 to 40
KAYSIOU folds
_SKR folds
Greg59580 collected 70 from pot
*** SUMMARY ***
Total pot 70 | No rake
Seat 1: Greg59580 (button) won 70


Winamax Poker - Tournament "Expresso Nitro" buyIn: 0.93€ + 0.07€ level: 1 - HandId: #2680042936820826113-3-1674049339 - Holdem no limit (10/20) - 2023/01/18 13:42:19 UTC
Table: 'Expresso Nitro(623996122)#0' 3-max (real money) Seat #2 is the button
Seat 1: Greg59580 (320)
Seat 2: KAYSIOU (270)
Seat 3: _SKR (310)
*** ANTE/BLINDS ***
_SKR posts small blind 10
Greg59580 posts big blind 20
Dealt to _SKR [Td 2d]
*** PRE-FLOP *** 
KAYSIOU folds
_SKR folds
Greg59580 collected 30 from pot
*** SUMMARY ***
Total pot 30 | No rake
Seat 1: Greg59580 (big blind) won 30


Winamax Poker - Tournament "Expresso Nitro" buyIn: 0.93€ + 0.07€ level: 1 - HandId: #2680042936820826113-4-1674049344 - Holdem no limit (10/20) - 2023/01/18 13:42:24 UTC
Table: 'Expresso Nitro(623996122)#0' 3-max (real money) Seat #3 is the button
Seat 1: Greg59580 (330)
Seat 2: KAYSIOU (270)
Seat 3: _SKR (300)
*** ANTE/BLINDS ***
Greg59580 posts small blind 10
KAYSIOU posts big blind 20
Dealt to _SKR [6s Kh]
*** PRE-FLOP *** 
_SKR folds
Greg59580 raises 20 to 40
KAYSIOU folds
Greg59580 collected 60 from pot
*** SUMMARY ***
Total pot 60 | No rake
Seat 1: Greg59580 (small blind) won 60


Winamax Poker - Tournament "Expresso Nitro" buyIn: 0.93€ + 0.07€ level: 2 - HandId: #2680042936820826113-5-1674049354 - Holdem no limit (15/30) - 2023/01/18 13:42:34 UTC
Table: 'Expresso Nitro(623996122)#0' 3-max (real money) Seat #1 is the button
Seat 1: Greg59580 (350)
Seat 2: KAYSIOU (250)
Seat 3: _SKR (300)
*** ANTE/BLINDS ***
KAYSIOU posts small blind 15
_SKR posts big blind 30
Dealt to _SKR [5c Js]
*** PRE-FLOP *** 
Greg59580 calls 30
KAYSIOU raises 220 to 250 and is all-in
_SKR folds
Greg59580 folds
KAYSIOU collected 310 from pot
*** SUMMARY ***
Total pot 310 | No rake
Seat 2: KAYSIOU (small blind) won 310


Winamax Poker - Tournament "Expresso Nitro" buyIn: 0.93€ + 0.07€ level: 2 - HandId: #2680042936820826113-6-1674049364 - Holdem no limit (15/30) - 2023/01/18 13:42:44 UTC
Table: 'Expresso Nitro(623996122)#0' 3-max (real money) Seat #2 is the button
Seat 1: Greg59580 (320)
Seat 2: KAYSIOU (310)
Seat 3: _SKR (270)
*** ANTE/BLINDS ***
_SKR posts small blind 15
Greg59580 posts big blind 30
Dealt to _SKR [4c 5s]
*** PRE-FLOP *** 
KAYSIOU calls 30
_SKR folds
Greg59580 checks
*** FLOP *** [Kh 7h 6d]
Greg59580 checks
KAYSIOU checks
*** TURN *** [Kh 7h 6d][Jh]
Greg59580 bets 30
KAYSIOU folds
Greg59580 collected 105 from pot
*** SUMMARY ***
Total pot 105 | No rake
Board: [Kh 7h 6d Jh]
Seat 1: Greg59580 (big blind) won 105


Winamax Poker - Tournament "Expresso Nitro" buyIn: 0.93€ + 0.07€ level: 2 - HandId: #2680042936820826113-7-1674049388 - Holdem no limit (15/30) - 2023/01/18 13:43:08 UTC
Table: 'Expresso Nitro(623996122)#0' 3-max (real money) Seat #3 is the button
Seat 1: Greg59580 (365)
Seat 2: KAYSIOU (280)
Seat 3: _SKR (255)
*** ANTE/BLINDS ***
Greg59580 posts small blind 15
KAYSIOU posts big blind 30
Dealt to _SKR [Td Ac]
*** PRE-FLOP *** 
_SKR raises 225 to 255 and is all-in
Greg59580 folds
KAYSIOU folds
_SKR collected 300 from pot
*** SUMMARY ***
Total pot 300 | No rake
Seat 3: _SKR (button) won 300


Winamax Poker - Tournament "Expresso Nitro" buyIn: 0.93€ + 0.07€ level: 2 - HandId: #2680042936820826113-8-1674049395 - Holdem no limit (15/30) - 2023/01/18 13:43:15 UTC
Table: 'Expresso Nitro(623996122)#0' 3-max (real money) Seat #1 is the button
Seat 1: Greg59580 (350)
Seat 2: KAYSIOU (250)
Seat 3: _SKR (300)
*** ANTE/BLINDS ***
KAYSIOU posts small blind 15
_SKR posts big blind 30
Dealt to _SKR [Qh 9s]
*** PRE-FLOP *** 
Greg59580 folds
KAYSIOU folds
_SKR collected 45 from pot
*** SUMMARY ***
Total pot 45 | No rake
Seat 3: _SKR (big blind) won 45


Winamax Poker - Tournament "Expresso Nitro" buyIn: 0.93€ + 0.07€ level: 2 - HandId: #2680042936820826113-9-1674049400 - Holdem no limit (15/30) - 2023/01/18 13:43:20 UTC
Table: 'Expresso Nitro(623996122)#0' 3-max (real money) Seat #2 is the button
Seat 1: Greg59580 (350)
Seat 2: KAYSIOU (235)
Seat 3: _SKR (315)
*** ANTE/BLINDS ***
_SKR posts small blind 15
Greg59580 posts big blind 30
Dealt to _SKR [9s 2s]
*** PRE-FLOP *** 
KAYSIOU folds
_SKR folds
Greg59580 collected 45 from pot
*** SUMMARY ***
Total pot 45 | No rake
Seat 1: Greg59580 (big blind) won 45


Winamax Poker - Tournament "Expresso Nitro" buyIn: 0.93€ + 0.07€ level: 2 - HandId: #2680042936820826113-10-1674049406 - Holdem no limit (15/30) - 2023/01/18 13:43:26 UTC
Table: 'Expresso Nitro(623996122)#0' 3-max (real money) Seat #3 is the button
Seat 1: Greg59580 (365)
Seat 2: KAYSIOU (235)
Seat 3: _SKR (300)
*** ANTE/BLINDS ***
Greg59580 posts small blind 15
KAYSIOU posts big blind 30
Dealt to _SKR [4s Ks]
*** PRE-FLOP *** 
_SKR folds
Greg59580 calls 15
KAYSIOU checks
*** FLOP *** [3d 5h 4h]
Greg59580 bets 30
KAYSIOU calls 30
*** TURN *** [3d 5h 4h][6c]
Greg59580 bets 78
KAYSIOU raises 97 to 175 and is all-in
Greg59580 calls 97
*** RIVER *** [3d 5h 4h 6c][9s]
*** SHOW DOWN ***
Greg59580 shows [2c Js] (Straight 6 high)
KAYSIOU shows [Kc 2s] (Straight 6 high)
KAYSIOU collected 235 from pot
Greg59580 collected 235 from pot
*** SUMMARY ***
Total pot 470 | No rake
Board: [3d 5h 4h 6c 9s]
Seat 1: Greg59580 (small blind) showed [2c Js] and won 235 with Straight 6 high
Seat 2: KAYSIOU (big blind) showed [Kc 2s] and won 235 with Straight 6 high


Winamax Poker - Tournament "Expresso Nitro" buyIn: 0.93€ + 0.07€ level: 3 - HandId: #2680042936820826113-11-1674049438 - Holdem no limit (20/40) - 2023/01/18 13:43:58 UTC
Table: 'Expresso Nitro(623996122)#0' 3-max (real money) Seat #1 is the button
Seat 1: Greg59580 (365)
Seat 2: KAYSIOU (235)
Seat 3: _SKR (300)
*** ANTE/BLINDS ***
KAYSIOU posts small blind 20
_SKR posts big blind 40
Dealt to _SKR [Jc 4d]
*** PRE-FLOP *** 
Greg59580 calls 40
KAYSIOU folds
_SKR checks
*** FLOP *** [9h 3h 3s]
_SKR checks
Greg59580 bets 65
_SKR folds
Greg59580 collected 165 from pot
*** SUMMARY ***
Total pot 165 | No rake
Board: [9h 3h 3s]
Seat 1: Greg59580 (button) won 165


Winamax Poker - Tournament "Expresso Nitro" buyIn: 0.93€ + 0.07€ level: 3 - HandId: #2680042936820826113-12-1674049453 - Holdem no limit (20/40) - 2023/01/18 13:44:13 UTC
Table: 'Expresso Nitro(623996122)#0' 3-max (real money) Seat #2 is the button
Seat 1: Greg59580 (425)
Seat 2: KAYSIOU (215)
Seat 3: _SKR (260)
*** ANTE/BLINDS ***
_SKR posts small blind 20
Greg59580 posts big blind 40
Dealt to _SKR [4h Ks]
*** PRE-FLOP *** 
KAYSIOU folds
_SKR raises 220 to 260 and is all-in
Greg59580 calls 220
*** FLOP *** [Jd Qc 9d]
*** TURN *** [Jd Qc 9d][5c]
*** RIVER *** [Jd Qc 9d 5c][8c]
*** SHOW DOWN ***
Greg59580 shows [2h Kh] (High card : King)
_SKR shows [4h Ks] (High card : King)
_SKR collected 260 from pot
Greg59580 collected 260 from pot
*** SUMMARY ***
Total pot 520 | No rake
Board: [Jd Qc 9d 5c 8c]
Seat 1: Greg59580 (big blind) showed [2h Kh] and won 260 with High card : King
Seat 3: _SKR (small blind) showed [4h Ks] and won 260 with High card : King


Winamax Poker - Tournament "Expresso Nitro" buyIn: 0.93€ + 0.07€ level: 3 - HandId: #2680042936820826113-13-1674049469 - Holdem no limit (20/40) - 2023/01/18 13:44:29 UTC
Table: 'Expresso Nitro(623996122)#0' 3-max (real money) Seat #3 is the button
Seat 1: Greg59580 (425)
Seat 2: KAYSIOU (215)
Seat 3: _SKR (260)
*** ANTE/BLINDS ***
Greg59580 posts small blind 20
KAYSIOU posts big blind 40
Dealt to _SKR [5c 5d]
*** PRE-FLOP *** 
_SKR raises 220 to 260 and is all-in
Greg59580 folds
KAYSIOU calls 175 and is all-in
*** FLOP *** [8c 8s 3h]
*** TURN *** [8c 8s 3h][As]
*** RIVER *** [8c 8s 3h As][6d]
*** SHOW DOWN ***
KAYSIOU shows [Kh Qs] (One pair : 8)
_SKR shows [5c 5d] (Two pairs : 8 and 5)
_SKR collected 495 from pot
*** SUMMARY ***
Total pot 495 | No rake
Board: [8c 8s 3h As 6d]
Seat 2: KAYSIOU (big blind) showed [Kh Qs] and lost with One pair : 8
Seat 3: _SKR (button) showed [5c 5d] and won 495 with Two pairs : 8 and 5


Winamax Poker - Tournament "Expresso Nitro" buyIn: 0.93€ + 0.07€ level: 4 - HandId: #2680042936820826113-14-1674049485 - Holdem no limit (30/60) - 2023/01/18 13:44:45 UTC
Table: 'Expresso Nitro(623996122)#0' 3-max (real money) Seat #3 is the button
Seat 1: Greg59580 (405)
Seat 3: _SKR (495)
*** ANTE/BLINDS ***
_SKR posts small blind 30
Greg59580 posts big blind 60
Dealt to _SKR [7c Qh]
*** PRE-FLOP *** 
_SKR raises 435 to 495 and is all-in
Greg59580 folds
_SKR collected 555 from pot
*** SUMMARY ***
Total pot 555 | No rake
Seat 3: _SKR (small blind) (button) won 555


Winamax Poker - Tournament "Expresso Nitro" buyIn: 0.93€ + 0.07€ level: 4 - HandId: #2680042936820826113-15-1674049491 - Holdem no limit (30/60) - 2023/01/18 13:44:51 UTC
Table: 'Expresso Nitro(623996122)#0' 3-max (real money) Seat #1 is the button
Seat 1: Greg59580 (345)
Seat 3: _SKR (555)
*** ANTE/BLINDS ***
Greg59580 posts small blind 30
_SKR posts big blind 60
Dealt to _SKR [Qs 6h]
*** PRE-FLOP *** 
Greg59580 folds
_SKR collected 90 from pot
*** SUMMARY ***
Total pot 90 | No rake
Seat 3: _SKR (big blind) won 90


Winamax Poker - Tournament "Expresso Nitro" buyIn: 0.93€ + 0.07€ level: 4 - HandId: #2680042936820826113-16-1674049495 - Holdem no limit (30/60) - 2023/01/18 13:44:55 UTC
Table: 'Expresso Nitro(623996122)#0' 3-max (real money) Seat #3 is the button
Seat 1: Greg59580 (315)
Seat 3: _SKR (585)
*** ANTE/BLINDS ***
_SKR posts small blind 30
Greg59580 posts big blind 60
Dealt to _SKR [Qd 7c]
*** PRE-FLOP *** 
_SKR raises 525 to 585 and is all-in
Greg59580 calls 255 and is all-in
*** FLOP *** [8h 4d 8s]
*** TURN *** [8h 4d 8s][2h]
*** RIVER *** [8h 4d 8s 2h][3d]
*** SHOW DOWN ***
Greg59580 shows [9c Ts] (One pair : 8)
_SKR shows [Qd 7c] (One pair : 8)
_SKR collected 900 from pot
*** SUMMARY ***
Total pot 900 | No rake
Board: [8h 4d 8s 2h 3d]
Seat 1: Greg59580 (big blind) showed [9c Ts] and lost with One pair : 8
Seat 3: _SKR (small blind) (button) showed [Qd 7c] and won 900 with One pair : 8


