Winamax Poker - Tournament "Expresso Nitro" buyIn: 0.93€ + 0.07€ level: 1 - HandId: #2729169550141554689-1-1676904139 - Holdem no limit (10/20) - 2023/02/20 14:42:19 UTC
Table: 'Expresso Nitro(635434303)#0' 3-max (real money) Seat #3 is the button
Seat 1: VDUB777 (300)
Seat 2: Haizek (300)
Seat 3: _SKR (300)
*** ANTE/BLINDS ***
VDUB777 posts small blind 10
Haizek posts big blind 20
Dealt to _SKR [Kd 4d]
*** PRE-FLOP *** 
_SKR folds
VDUB777 calls 10
Haizek checks
*** FLOP *** [9h 4c Qs]
VDUB777 checks
Haizek checks
*** TURN *** [9h 4c Qs][Jd]
VDUB777 checks
Haizek checks
*** RIVER *** [9h 4c Qs Jd][3c]
VDUB777 checks
Haizek checks
*** SHOW DOWN ***
Haizek shows [8s 5d] (High card : Queen)
VDUB777 shows [Th 5s] (High card : Queen)
VDUB777 collected 40 from pot
*** SUMMARY ***
Total pot 40 | No rake
Board: [9h 4c Qs Jd 3c]
Seat 1: VDUB777 (small blind) showed [Th 5s] and won 40 with High card : Queen
Seat 2: Haizek (big blind) showed [8s 5d] and lost with High card : Queen


Winamax Poker - Tournament "Expresso Nitro" buyIn: 0.93€ + 0.07€ level: 1 - HandId: #2729169550141554689-2-1676904167 - Holdem no limit (10/20) - 2023/02/20 14:42:47 UTC
Table: 'Expresso Nitro(635434303)#0' 3-max (real money) Seat #1 is the button
Seat 1: VDUB777 (320)
Seat 2: Haizek (280)
Seat 3: _SKR (300)
*** ANTE/BLINDS ***
Haizek posts small blind 10
_SKR posts big blind 20
Dealt to _SKR [Jh 4d]
*** PRE-FLOP *** 
VDUB777 folds
Haizek folds
_SKR collected 30 from pot
*** SUMMARY ***
Total pot 30 | No rake
Seat 3: _SKR (big blind) won 30


Winamax Poker - Tournament "Expresso Nitro" buyIn: 0.93€ + 0.07€ level: 1 - HandId: #2729169550141554689-3-1676904177 - Holdem no limit (10/20) - 2023/02/20 14:42:57 UTC
Table: 'Expresso Nitro(635434303)#0' 3-max (real money) Seat #2 is the button
Seat 1: VDUB777 (320)
Seat 2: Haizek (270)
Seat 3: _SKR (310)
*** ANTE/BLINDS ***
_SKR posts small blind 10
VDUB777 posts big blind 20
Dealt to _SKR [2c Qc]
*** PRE-FLOP *** 
Haizek raises 30 to 50
_SKR folds
VDUB777 folds
Haizek collected 80 from pot
*** SUMMARY ***
Total pot 80 | No rake
Seat 2: Haizek (button) won 80


Winamax Poker - Tournament "Expresso Nitro" buyIn: 0.93€ + 0.07€ level: 1 - HandId: #2729169550141554689-4-1676904186 - Holdem no limit (10/20) - 2023/02/20 14:43:06 UTC
Table: 'Expresso Nitro(635434303)#0' 3-max (real money) Seat #3 is the button
Seat 1: VDUB777 (300)
Seat 2: Haizek (300)
Seat 3: _SKR (300)
*** ANTE/BLINDS ***
VDUB777 posts small blind 10
Haizek posts big blind 20
Dealt to _SKR [3s 6c]
*** PRE-FLOP *** 
_SKR folds
VDUB777 raises 40 to 60
Haizek folds
VDUB777 collected 80 from pot
*** SUMMARY ***
Total pot 80 | No rake
Seat 1: VDUB777 (small blind) won 80


Winamax Poker - Tournament "Expresso Nitro" buyIn: 0.93€ + 0.07€ level: 2 - HandId: #2729169550141554689-5-1676904202 - Holdem no limit (15/30) - 2023/02/20 14:43:22 UTC
Table: 'Expresso Nitro(635434303)#0' 3-max (real money) Seat #1 is the button
Seat 1: VDUB777 (320)
Seat 2: Haizek (280)
Seat 3: _SKR (300)
*** ANTE/BLINDS ***
Haizek posts small blind 15
_SKR posts big blind 30
Dealt to _SKR [Td 3c]
*** PRE-FLOP *** 
VDUB777 raises 290 to 320 and is all-in
Haizek folds
_SKR folds
VDUB777 collected 365 from pot
*** SUMMARY ***
Total pot 365 | No rake
Seat 1: VDUB777 (button) won 365


Winamax Poker - Tournament "Expresso Nitro" buyIn: 0.93€ + 0.07€ level: 2 - HandId: #2729169550141554689-6-1676904209 - Holdem no limit (15/30) - 2023/02/20 14:43:29 UTC
Table: 'Expresso Nitro(635434303)#0' 3-max (real money) Seat #2 is the button
Seat 1: VDUB777 (365)
Seat 2: Haizek (265)
Seat 3: _SKR (270)
*** ANTE/BLINDS ***
_SKR posts small blind 15
VDUB777 posts big blind 30
Dealt to _SKR [2h Jc]
*** PRE-FLOP *** 
Haizek folds
_SKR folds
VDUB777 collected 45 from pot
*** SUMMARY ***
Total pot 45 | No rake
Seat 1: VDUB777 (big blind) won 45


Winamax Poker - Tournament "Expresso Nitro" buyIn: 0.93€ + 0.07€ level: 2 - HandId: #2729169550141554689-7-1676904213 - Holdem no limit (15/30) - 2023/02/20 14:43:33 UTC
Table: 'Expresso Nitro(635434303)#0' 3-max (real money) Seat #3 is the button
Seat 1: VDUB777 (380)
Seat 2: Haizek (265)
Seat 3: _SKR (255)
*** ANTE/BLINDS ***
VDUB777 posts small blind 15
Haizek posts big blind 30
Dealt to _SKR [2s Th]
*** PRE-FLOP *** 
_SKR folds
VDUB777 folds
Haizek collected 45 from pot
*** SUMMARY ***
Total pot 45 | No rake
Seat 2: Haizek (big blind) won 45


Winamax Poker - Tournament "Expresso Nitro" buyIn: 0.93€ + 0.07€ level: 2 - HandId: #2729169550141554689-8-1676904218 - Holdem no limit (15/30) - 2023/02/20 14:43:38 UTC
Table: 'Expresso Nitro(635434303)#0' 3-max (real money) Seat #1 is the button
Seat 1: VDUB777 (365)
Seat 2: Haizek (280)
Seat 3: _SKR (255)
*** ANTE/BLINDS ***
Haizek posts small blind 15
_SKR posts big blind 30
Dealt to _SKR [Kd Ac]
*** PRE-FLOP *** 
VDUB777 folds
Haizek folds
_SKR collected 45 from pot
*** SUMMARY ***
Total pot 45 | No rake
Seat 3: _SKR (big blind) won 45


Winamax Poker - Tournament "Expresso Nitro" buyIn: 0.93€ + 0.07€ level: 2 - HandId: #2729169550141554689-9-1676904225 - Holdem no limit (15/30) - 2023/02/20 14:43:45 UTC
Table: 'Expresso Nitro(635434303)#0' 3-max (real money) Seat #2 is the button
Seat 1: VDUB777 (365)
Seat 2: Haizek (265)
Seat 3: _SKR (270)
*** ANTE/BLINDS ***
_SKR posts small blind 15
VDUB777 posts big blind 30
Dealt to _SKR [As 6c]
*** PRE-FLOP *** 
Haizek calls 30
_SKR raises 240 to 270 and is all-in
VDUB777 folds
Haizek folds
_SKR collected 330 from pot
*** SUMMARY ***
Total pot 330 | No rake
Seat 3: _SKR (small blind) won 330


Winamax Poker - Tournament "Expresso Nitro" buyIn: 0.93€ + 0.07€ level: 2 - HandId: #2729169550141554689-10-1676904234 - Holdem no limit (15/30) - 2023/02/20 14:43:54 UTC
Table: 'Expresso Nitro(635434303)#0' 3-max (real money) Seat #3 is the button
Seat 1: VDUB777 (335)
Seat 2: Haizek (235)
Seat 3: _SKR (330)
*** ANTE/BLINDS ***
VDUB777 posts small blind 15
Haizek posts big blind 30
Dealt to _SKR [8s 4h]
*** PRE-FLOP *** 
_SKR folds
VDUB777 folds
Haizek collected 45 from pot
*** SUMMARY ***
Total pot 45 | No rake
Seat 2: Haizek (big blind) won 45


Winamax Poker - Tournament "Expresso Nitro" buyIn: 0.93€ + 0.07€ level: 2 - HandId: #2729169550141554689-11-1676904252 - Holdem no limit (15/30) - 2023/02/20 14:44:12 UTC
Table: 'Expresso Nitro(635434303)#0' 3-max (real money) Seat #1 is the button
Seat 1: VDUB777 (320)
Seat 2: Haizek (250)
Seat 3: _SKR (330)
*** ANTE/BLINDS ***
Haizek posts small blind 15
_SKR posts big blind 30
Dealt to _SKR [Th 2h]
*** PRE-FLOP *** 
VDUB777 calls 30
Haizek calls 15
_SKR checks
*** FLOP *** [7d Kh Kd]
Haizek checks
_SKR checks
VDUB777 checks
*** TURN *** [7d Kh Kd][7c]
Haizek checks
_SKR checks
VDUB777 bets 90
Haizek folds
_SKR folds
VDUB777 collected 180 from pot
*** SUMMARY ***
Total pot 180 | No rake
Board: [7d Kh Kd 7c]
Seat 1: VDUB777 (button) won 180


Winamax Poker - Tournament "Expresso Nitro" buyIn: 0.93€ + 0.07€ level: 4 - HandId: #2729169550141554689-12-1676904316 - Holdem no limit (30/60) - 2023/02/20 14:45:16 UTC
Table: 'Expresso Nitro(635434303)#0' 3-max (real money) Seat #2 is the button
Seat 1: VDUB777 (380)
Seat 2: Haizek (220)
Seat 3: _SKR (300)
*** ANTE/BLINDS ***
_SKR posts small blind 30
VDUB777 posts big blind 60
Dealt to _SKR [2s Jh]
*** PRE-FLOP *** 
Haizek folds
_SKR raises 240 to 300 and is all-in
VDUB777 calls 240
*** FLOP *** [5d Th 6c]
*** TURN *** [5d Th 6c][6s]
*** RIVER *** [5d Th 6c 6s][Js]
*** SHOW DOWN ***
VDUB777 shows [8s Qd] (One pair : 6)
_SKR shows [2s Jh] (Two pairs : Jacks and 6)
_SKR collected 600 from pot
*** SUMMARY ***
Total pot 600 | No rake
Board: [5d Th 6c 6s Js]
Seat 1: VDUB777 (big blind) showed [8s Qd] and lost with One pair : 6
Seat 3: _SKR (small blind) showed [2s Jh] and won 600 with Two pairs : Jacks and 6


Winamax Poker - Tournament "Expresso Nitro" buyIn: 0.93€ + 0.07€ level: 4 - HandId: #2729169550141554689-13-1676904343 - Holdem no limit (30/60) - 2023/02/20 14:45:43 UTC
Table: 'Expresso Nitro(635434303)#0' 3-max (real money) Seat #3 is the button
Seat 1: VDUB777 (80)
Seat 2: Haizek (220)
Seat 3: _SKR (600)
*** ANTE/BLINDS ***
VDUB777 posts small blind 30
Haizek posts big blind 60
Dealt to _SKR [Th 8h]
*** PRE-FLOP *** 
_SKR folds
VDUB777 raises 20 to 80 and is all-in
Haizek folds
VDUB777 collected 140 from pot
*** SUMMARY ***
Total pot 140 | No rake
Seat 1: VDUB777 (small blind) won 140


Winamax Poker - Tournament "Expresso Nitro" buyIn: 0.93€ + 0.07€ level: 4 - HandId: #2729169550141554689-14-1676904355 - Holdem no limit (30/60) - 2023/02/20 14:45:55 UTC
Table: 'Expresso Nitro(635434303)#0' 3-max (real money) Seat #1 is the button
Seat 1: VDUB777 (140)
Seat 2: Haizek (160)
Seat 3: _SKR (600)
*** ANTE/BLINDS ***
Haizek posts small blind 30
_SKR posts big blind 60
Dealt to _SKR [8d Ah]
*** PRE-FLOP *** 
VDUB777 folds
Haizek folds
_SKR collected 90 from pot
*** SUMMARY ***
Total pot 90 | No rake
Seat 3: _SKR (big blind) won 90


Winamax Poker - Tournament "Expresso Nitro" buyIn: 0.93€ + 0.07€ level: 4 - HandId: #2729169550141554689-15-1676904361 - Holdem no limit (30/60) - 2023/02/20 14:46:01 UTC
Table: 'Expresso Nitro(635434303)#0' 3-max (real money) Seat #2 is the button
Seat 1: VDUB777 (140)
Seat 2: Haizek (130)
Seat 3: _SKR (630)
*** ANTE/BLINDS ***
_SKR posts small blind 30
VDUB777 posts big blind 60
Dealt to _SKR [Qc 9d]
*** PRE-FLOP *** 
Haizek folds
_SKR raises 570 to 630 and is all-in
VDUB777 folds
_SKR collected 690 from pot
*** SUMMARY ***
Total pot 690 | No rake
Seat 3: _SKR (small blind) won 690


Winamax Poker - Tournament "Expresso Nitro" buyIn: 0.93€ + 0.07€ level: 5 - HandId: #2729169550141554689-16-1676904376 - Holdem no limit (40/80) - 2023/02/20 14:46:16 UTC
Table: 'Expresso Nitro(635434303)#0' 3-max (real money) Seat #3 is the button
Seat 1: VDUB777 (80)
Seat 2: Haizek (130)
Seat 3: _SKR (690)
*** ANTE/BLINDS ***
VDUB777 posts small blind 40
Haizek posts big blind 80
Dealt to _SKR [Th 2d]
*** PRE-FLOP *** 
_SKR folds
VDUB777 calls 40 and is all-in
*** FLOP *** [4s 9c 6h]
*** TURN *** [4s 9c 6h][5c]
*** RIVER *** [4s 9c 6h 5c][5s]
*** SHOW DOWN ***
Haizek shows [9d Ah] (Two pairs : 9 and 5)
VDUB777 shows [5d 8h] (Trips of 5)
VDUB777 collected 160 from pot
*** SUMMARY ***
Total pot 160 | No rake
Board: [4s 9c 6h 5c 5s]
Seat 1: VDUB777 (small blind) showed [5d 8h] and won 160 with Trips of 5
Seat 2: Haizek (big blind) showed [9d Ah] and lost with Two pairs : 9 and 5


Winamax Poker - Tournament "Expresso Nitro" buyIn: 0.93€ + 0.07€ level: 5 - HandId: #2729169550141554689-17-1676904389 - Holdem no limit (40/80) - 2023/02/20 14:46:29 UTC
Table: 'Expresso Nitro(635434303)#0' 3-max (real money) Seat #1 is the button
Seat 1: VDUB777 (160)
Seat 2: Haizek (50)
Seat 3: _SKR (690)
*** ANTE/BLINDS ***
Haizek posts small blind 40
_SKR posts big blind 80
Dealt to _SKR [5h Qh]
*** PRE-FLOP *** 
VDUB777 folds
Haizek calls 10 and is all-in
*** FLOP *** [Ts Jc 8c]
*** TURN *** [Ts Jc 8c][Kh]
*** RIVER *** [Ts Jc 8c Kh][8s]
*** SHOW DOWN ***
Haizek shows [2d 9c] (One pair : 8)
_SKR shows [5h Qh] (One pair : 8)
_SKR collected 130 from pot
*** SUMMARY ***
Total pot 130 | No rake
Board: [Ts Jc 8c Kh 8s]
Seat 2: Haizek (small blind) showed [2d 9c] and lost with One pair : 8
Seat 3: _SKR (big blind) showed [5h Qh] and won 130 with One pair : 8


Winamax Poker - Tournament "Expresso Nitro" buyIn: 0.93€ + 0.07€ level: 5 - HandId: #2729169550141554689-18-1676904402 - Holdem no limit (40/80) - 2023/02/20 14:46:42 UTC
Table: 'Expresso Nitro(635434303)#0' 3-max (real money) Seat #3 is the button
Seat 1: VDUB777 (160)
Seat 3: _SKR (740)
*** ANTE/BLINDS ***
_SKR posts small blind 40
VDUB777 posts big blind 80
Dealt to _SKR [3c Qs]
*** PRE-FLOP *** 
_SKR raises 80 to 160
VDUB777 calls 80 and is all-in
*** FLOP *** [7d 8h Qc]
*** TURN *** [7d 8h Qc][Kd]
*** RIVER *** [7d 8h Qc Kd][5d]
*** SHOW DOWN ***
VDUB777 shows [4c 2s] (High card : King)
_SKR shows [3c Qs] (One pair : Queens)
_SKR collected 320 from pot
*** SUMMARY ***
Total pot 320 | No rake
Board: [7d 8h Qc Kd 5d]
Seat 1: VDUB777 (big blind) showed [4c 2s] and lost with High card : King
Seat 3: _SKR (small blind) (button) showed [3c Qs] and won 320 with One pair : Queens


