Winamax Poker - Tournament "Expresso Nitro" buyIn: 0.93€ + 0.07€ level: 1 - HandId: #2676943933233168385-1-1673869842 - Holdem no limit (10/20) - 2023/01/16 11:50:42 UTC
Table: 'Expresso Nitro(623274579)#0' 3-max (real money) Seat #2 is the button
Seat 1: Aduriz201977 (300)
Seat 2: Preyscy (300)
Seat 3: _SKR (300)
*** ANTE/BLINDS ***
_SKR posts small blind 10
Aduriz201977 posts big blind 20
Dealt to _SKR [4c Jc]
*** PRE-FLOP *** 
Preyscy calls 20
_SKR folds
Aduriz201977 checks
*** FLOP *** [9h As Ah]
Aduriz201977 bets 20
Preyscy calls 20
*** TURN *** [9h As Ah][Js]
Aduriz201977 bets 20
Preyscy calls 20
*** RIVER *** [9h As Ah Js][9s]
Aduriz201977 bets 20
Preyscy folds
Aduriz201977 collected 150 from pot
*** SUMMARY ***
Total pot 150 | No rake
Board: [9h As Ah Js 9s]
Seat 1: Aduriz201977 (big blind) won 150


Winamax Poker - Tournament "Expresso Nitro" buyIn: 0.93€ + 0.07€ level: 1 - HandId: #2676943933233168385-2-1673869861 - Holdem no limit (10/20) - 2023/01/16 11:51:01 UTC
Table: 'Expresso Nitro(623274579)#0' 3-max (real money) Seat #3 is the button
Seat 1: Aduriz201977 (370)
Seat 2: Preyscy (240)
Seat 3: _SKR (290)
*** ANTE/BLINDS ***
Aduriz201977 posts small blind 10
Preyscy posts big blind 20
Dealt to _SKR [7s Kh]
*** PRE-FLOP *** 
_SKR folds
Aduriz201977 raises 40 to 60
Preyscy calls 40
*** FLOP *** [Ts 4h Ac]
Aduriz201977 checks
Preyscy checks
*** TURN *** [Ts 4h Ac][8c]
Aduriz201977 bets 20
Preyscy calls 20
*** RIVER *** [Ts 4h Ac 8c][6d]
Aduriz201977 checks
Preyscy checks
*** SHOW DOWN ***
Aduriz201977 shows [Qh 7c] (High card : Ace)
Preyscy shows [7h Kd] (High card : Ace)
Preyscy collected 160 from pot
*** SUMMARY ***
Total pot 160 | No rake
Board: [Ts 4h Ac 8c 6d]
Seat 1: Aduriz201977 (small blind) showed [Qh 7c] and lost with High card : Ace
Seat 2: Preyscy (big blind) showed [7h Kd] and won 160 with High card : Ace


Winamax Poker - Tournament "Expresso Nitro" buyIn: 0.93€ + 0.07€ level: 1 - HandId: #2676943933233168385-3-1673869888 - Holdem no limit (10/20) - 2023/01/16 11:51:28 UTC
Table: 'Expresso Nitro(623274579)#0' 3-max (real money) Seat #1 is the button
Seat 1: Aduriz201977 (290)
Seat 2: Preyscy (320)
Seat 3: _SKR (290)
*** ANTE/BLINDS ***
Preyscy posts small blind 10
_SKR posts big blind 20
Dealt to _SKR [8c As]
*** PRE-FLOP *** 
Aduriz201977 raises 270 to 290 and is all-in
Preyscy raises 30 to 320 and is all-in
_SKR folds
*** FLOP *** [3d Ad 5d]
*** TURN *** [3d Ad 5d][4s]
*** RIVER *** [3d Ad 5d 4s][7c]
*** SHOW DOWN ***
Aduriz201977 shows [Ac Tc] (One pair : Aces)
Preyscy shows [Ks Kh] (One pair : Kings)
Preyscy collected 30 from side pot 1
Aduriz201977 collected 600 from main pot
*** SUMMARY ***
Total pot 630 | No rake
Board: [3d Ad 5d 4s 7c]
Seat 1: Aduriz201977 (button) showed [Ac Tc] and won 600 with One pair : Aces
Seat 2: Preyscy (small blind) showed [Ks Kh] and won 30 with One pair : Kings


Winamax Poker - Tournament "Expresso Nitro" buyIn: 0.93€ + 0.07€ level: 2 - HandId: #2676943933233168385-4-1673869904 - Holdem no limit (15/30) - 2023/01/16 11:51:44 UTC
Table: 'Expresso Nitro(623274579)#0' 3-max (real money) Seat #2 is the button
Seat 1: Aduriz201977 (600)
Seat 2: Preyscy (30)
Seat 3: _SKR (270)
*** ANTE/BLINDS ***
_SKR posts small blind 15
Aduriz201977 posts big blind 30
Dealt to _SKR [Qs 2d]
*** PRE-FLOP *** 
Preyscy calls 30 and is all-in
_SKR folds
*** FLOP *** [Td Qh As]
*** TURN *** [Td Qh As][Js]
*** RIVER *** [Td Qh As Js][Tc]
*** SHOW DOWN ***
Preyscy shows [4s 3s] (One pair : Tens)
Aduriz201977 shows [7d Jd] (Two pairs : Jacks and Tens)
Aduriz201977 collected 75 from pot
*** SUMMARY ***
Total pot 75 | No rake
Board: [Td Qh As Js Tc]
Seat 1: Aduriz201977 (big blind) showed [7d Jd] and won 75 with Two pairs : Jacks and Tens
Seat 2: Preyscy (button) showed [4s 3s] and lost with One pair : Tens


Winamax Poker - Tournament "Expresso Nitro" buyIn: 0.93€ + 0.07€ level: 2 - HandId: #2676943933233168385-5-1673869933 - Holdem no limit (15/30) - 2023/01/16 11:52:13 UTC
Table: 'Expresso Nitro(623274579)#0' 3-max (real money) Seat #1 is the button
Seat 1: Aduriz201977 (645)
Seat 3: _SKR (255)
*** ANTE/BLINDS ***
Aduriz201977 posts small blind 15
_SKR posts big blind 30
Dealt to _SKR [Th Ks]
*** PRE-FLOP *** 
Aduriz201977 raises 615 to 645 and is all-in
_SKR calls 225 and is all-in
*** FLOP *** [Ac Jh 4d]
*** TURN *** [Ac Jh 4d][2h]
*** RIVER *** [Ac Jh 4d 2h][Ah]
*** SHOW DOWN ***
_SKR shows [Th Ks] (One pair : Aces)
Aduriz201977 shows [9d 2d] (Two pairs : Aces and 2)
Aduriz201977 collected 900 from pot
*** SUMMARY ***
Total pot 900 | No rake
Board: [Ac Jh 4d 2h Ah]
Seat 1: Aduriz201977 (small blind) (button) showed [9d 2d] and won 900 with Two pairs : Aces and 2
Seat 3: _SKR (big blind) showed [Th Ks] and lost with One pair : Aces


