Winamax Poker - Tournament "Expresso Nitro" buyIn: 1.86€ + 0.14€ level: 1 - HandId: #2695226784378519553-1-1675001000 - Holdem no limit (10/20) - 2023/01/29 14:03:20 UTC
Table: 'Expresso Nitro(627531387)#0' 3-max (real money) Seat #2 is the button
Seat 1: _SKR (300)
Seat 2: Eldandy1987 (300)
Seat 3: Markuscar23 (300)
*** ANTE/BLINDS ***
Markuscar23 posts small blind 10
_SKR posts big blind 20
Dealt to _SKR [9c 4h]
*** PRE-FLOP *** 
Eldandy1987 raises 30 to 50
Markuscar23 calls 40
_SKR folds
*** FLOP *** [9d Th 5s]
Markuscar23 bets 250 and is all-in
Eldandy1987 folds
Markuscar23 collected 370 from pot
*** SUMMARY ***
Total pot 370 | No rake
Board: [9d Th 5s]
Seat 3: Markuscar23 (small blind) won 370


Winamax Poker - Tournament "Expresso Nitro" buyIn: 1.86€ + 0.14€ level: 1 - HandId: #2695226784378519553-2-1675001024 - Holdem no limit (10/20) - 2023/01/29 14:03:44 UTC
Table: 'Expresso Nitro(627531387)#0' 3-max (real money) Seat #3 is the button
Seat 1: _SKR (280)
Seat 2: Eldandy1987 (250)
Seat 3: Markuscar23 (370)
*** ANTE/BLINDS ***
_SKR posts small blind 10
Eldandy1987 posts big blind 20
Dealt to _SKR [2d 8s]
*** PRE-FLOP *** 
Markuscar23 calls 20
_SKR folds
Eldandy1987 checks
*** FLOP *** [3h 7s Kh]
Eldandy1987 bets 20
Markuscar23 calls 20
*** TURN *** [3h 7s Kh][5s]
Eldandy1987 bets 59
Markuscar23 folds
Eldandy1987 collected 149 from pot
*** SUMMARY ***
Total pot 149 | No rake
Board: [3h 7s Kh 5s]
Seat 2: Eldandy1987 (big blind) won 149


Winamax Poker - Tournament "Expresso Nitro" buyIn: 1.86€ + 0.14€ level: 2 - HandId: #2695226784378519553-3-1675001060 - Holdem no limit (15/30) - 2023/01/29 14:04:20 UTC
Table: 'Expresso Nitro(627531387)#0' 3-max (real money) Seat #1 is the button
Seat 1: _SKR (270)
Seat 2: Eldandy1987 (300)
Seat 3: Markuscar23 (330)
*** ANTE/BLINDS ***
Eldandy1987 posts small blind 15
Markuscar23 posts big blind 30
Dealt to _SKR [As 6s]
*** PRE-FLOP *** 
_SKR raises 240 to 270 and is all-in
Eldandy1987 folds
Markuscar23 folds
_SKR collected 315 from pot
*** SUMMARY ***
Total pot 315 | No rake
Seat 1: _SKR (button) won 315


Winamax Poker - Tournament "Expresso Nitro" buyIn: 1.86€ + 0.14€ level: 2 - HandId: #2695226784378519553-4-1675001080 - Holdem no limit (15/30) - 2023/01/29 14:04:40 UTC
Table: 'Expresso Nitro(627531387)#0' 3-max (real money) Seat #2 is the button
Seat 1: _SKR (315)
Seat 2: Eldandy1987 (285)
Seat 3: Markuscar23 (300)
*** ANTE/BLINDS ***
Markuscar23 posts small blind 15
_SKR posts big blind 30
Dealt to _SKR [9d 6d]
*** PRE-FLOP *** 
Eldandy1987 folds
Markuscar23 calls 15
_SKR checks
*** FLOP *** [5h Ts 2c]
Markuscar23 checks
_SKR checks
*** TURN *** [5h Ts 2c][Kd]
Markuscar23 checks
_SKR checks
*** RIVER *** [5h Ts 2c Kd][6c]
Markuscar23 bets 39
_SKR calls 39
*** SHOW DOWN ***
Markuscar23 shows [9h 7s] (High card : King)
_SKR shows [9d 6d] (One pair : 6)
_SKR collected 138 from pot
*** SUMMARY ***
Total pot 138 | No rake
Board: [5h Ts 2c Kd 6c]
Seat 1: _SKR (big blind) showed [9d 6d] and won 138 with One pair : 6
Seat 3: Markuscar23 (small blind) showed [9h 7s] and lost with High card : King


Winamax Poker - Tournament "Expresso Nitro" buyIn: 1.86€ + 0.14€ level: 3 - HandId: #2695226784378519553-5-1675001124 - Holdem no limit (20/40) - 2023/01/29 14:05:24 UTC
Table: 'Expresso Nitro(627531387)#0' 3-max (real money) Seat #3 is the button
Seat 1: _SKR (384)
Seat 2: Eldandy1987 (285)
Seat 3: Markuscar23 (231)
*** ANTE/BLINDS ***
_SKR posts small blind 20
Eldandy1987 posts big blind 40
Dealt to _SKR [4s 5d]
*** PRE-FLOP *** 
Markuscar23 folds
_SKR folds
Eldandy1987 collected 60 from pot
*** SUMMARY ***
Total pot 60 | No rake
Seat 2: Eldandy1987 (big blind) won 60


Winamax Poker - Tournament "Expresso Nitro" buyIn: 1.86€ + 0.14€ level: 3 - HandId: #2695226784378519553-6-1675001135 - Holdem no limit (20/40) - 2023/01/29 14:05:35 UTC
Table: 'Expresso Nitro(627531387)#0' 3-max (real money) Seat #1 is the button
Seat 1: _SKR (364)
Seat 2: Eldandy1987 (305)
Seat 3: Markuscar23 (231)
*** ANTE/BLINDS ***
Eldandy1987 posts small blind 20
Markuscar23 posts big blind 40
Dealt to _SKR [2s 9s]
*** PRE-FLOP *** 
_SKR folds
Eldandy1987 raises 40 to 80
Markuscar23 calls 40
*** FLOP *** [2h 4h 7h]
Eldandy1987 bets 56
Markuscar23 folds
Eldandy1987 collected 216 from pot
*** SUMMARY ***
Total pot 216 | No rake
Board: [2h 4h 7h]
Seat 2: Eldandy1987 (small blind) won 216


Winamax Poker - Tournament "Expresso Nitro" buyIn: 1.86€ + 0.14€ level: 3 - HandId: #2695226784378519553-7-1675001167 - Holdem no limit (20/40) - 2023/01/29 14:06:07 UTC
Table: 'Expresso Nitro(627531387)#0' 3-max (real money) Seat #2 is the button
Seat 1: _SKR (364)
Seat 2: Eldandy1987 (385)
Seat 3: Markuscar23 (151)
*** ANTE/BLINDS ***
Markuscar23 posts small blind 20
_SKR posts big blind 40
Dealt to _SKR [Jc 9c]
*** PRE-FLOP *** 
Eldandy1987 raises 345 to 385 and is all-in
Markuscar23 folds
_SKR folds
Eldandy1987 collected 445 from pot
*** SUMMARY ***
Total pot 445 | No rake
Seat 2: Eldandy1987 (button) won 445


Winamax Poker - Tournament "Expresso Nitro" buyIn: 1.86€ + 0.14€ level: 4 - HandId: #2695226784378519553-8-1675001178 - Holdem no limit (30/60) - 2023/01/29 14:06:18 UTC
Table: 'Expresso Nitro(627531387)#0' 3-max (real money) Seat #3 is the button
Seat 1: _SKR (324)
Seat 2: Eldandy1987 (445)
Seat 3: Markuscar23 (131)
*** ANTE/BLINDS ***
_SKR posts small blind 30
Eldandy1987 posts big blind 60
Dealt to _SKR [6d Kc]
*** PRE-FLOP *** 
Markuscar23 raises 71 to 131 and is all-in
_SKR folds
Eldandy1987 calls 71
*** FLOP *** [Td Ah 9d]
*** TURN *** [Td Ah 9d][Th]
*** RIVER *** [Td Ah 9d Th][Tc]
*** SHOW DOWN ***
Eldandy1987 shows [Qc Jd] (Trips of Tens)
Markuscar23 shows [5s Qd] (Trips of Tens)
Markuscar23 collected 146 from pot
Eldandy1987 collected 146 from pot
*** SUMMARY ***
Total pot 292 | No rake
Board: [Td Ah 9d Th Tc]
Seat 2: Eldandy1987 (big blind) showed [Qc Jd] and won 146 with Trips of Tens
Seat 3: Markuscar23 (button) showed [5s Qd] and won 146 with Trips of Tens


Winamax Poker - Tournament "Expresso Nitro" buyIn: 1.86€ + 0.14€ level: 4 - HandId: #2695226784378519553-9-1675001205 - Holdem no limit (30/60) - 2023/01/29 14:06:45 UTC
Table: 'Expresso Nitro(627531387)#0' 3-max (real money) Seat #1 is the button
Seat 1: _SKR (294)
Seat 2: Eldandy1987 (460)
Seat 3: Markuscar23 (146)
*** ANTE/BLINDS ***
Eldandy1987 posts small blind 30
Markuscar23 posts big blind 60
Dealt to _SKR [5h Kc]
*** PRE-FLOP *** 
_SKR raises 234 to 294 and is all-in
Eldandy1987 folds
Markuscar23 calls 86 and is all-in
*** FLOP *** [2s Qd 9d]
*** TURN *** [2s Qd 9d][Kh]
*** RIVER *** [2s Qd 9d Kh][2d]
*** SHOW DOWN ***
_SKR shows [5h Kc] (Two pairs : Kings and 2)
Markuscar23 shows [3c 2h] (Trips of 2)
Markuscar23 collected 322 from main pot
_SKR collected 148 from side pot 1
*** SUMMARY ***
Total pot 470 | No rake
Board: [2s Qd 9d Kh 2d]
Seat 1: _SKR (button) showed [5h Kc] and won 148 with Two pairs : Kings and 2
Seat 3: Markuscar23 (big blind) showed [3c 2h] and won 322 with Trips of 2


Winamax Poker - Tournament "Expresso Nitro" buyIn: 1.86€ + 0.14€ level: 4 - HandId: #2695226784378519553-10-1675001230 - Holdem no limit (30/60) - 2023/01/29 14:07:10 UTC
Table: 'Expresso Nitro(627531387)#0' 3-max (real money) Seat #2 is the button
Seat 1: _SKR (148)
Seat 2: Eldandy1987 (430)
Seat 3: Markuscar23 (322)
*** ANTE/BLINDS ***
Markuscar23 posts small blind 30
_SKR posts big blind 60
Dealt to _SKR [Kd 5s]
*** PRE-FLOP *** 
Eldandy1987 raises 60 to 120
Markuscar23 folds
_SKR raises 28 to 148 and is all-in
Eldandy1987 calls 28
*** FLOP *** [9h 2s Qd]
*** TURN *** [9h 2s Qd][6d]
*** RIVER *** [9h 2s Qd 6d][9c]
*** SHOW DOWN ***
_SKR shows [Kd 5s] (One pair : 9)
Eldandy1987 shows [Qs 6c] (Two pairs : Queens and 9)
Eldandy1987 collected 326 from pot
*** SUMMARY ***
Total pot 326 | No rake
Board: [9h 2s Qd 6d 9c]
Seat 1: _SKR (big blind) showed [Kd 5s] and lost with One pair : 9
Seat 2: Eldandy1987 (button) showed [Qs 6c] and won 326 with Two pairs : Queens and 9


