Winamax Poker - Tournament "Expresso Nitro" buyIn: 0.93€ + 0.07€ level: 1 - HandId: #2676965442429386753-1-1673870637 - Holdem no limit (10/20) - 2023/01/16 12:03:57 UTC
Table: 'Expresso Nitro(623279587)#0' 3-max (real money) Seat #3 is the button
Seat 1: _LeProcess_ (300)
Seat 2: Fightosh (300)
Seat 3: _SKR (300)
*** ANTE/BLINDS ***
_LeProcess_ posts small blind 10
Fightosh posts big blind 20
Dealt to _SKR [9d 5h]
*** PRE-FLOP *** 
_SKR folds
_LeProcess_ folds
Fightosh collected 30 from pot
*** SUMMARY ***
Total pot 30 | No rake
Seat 2: Fightosh (big blind) won 30


Winamax Poker - Tournament "Expresso Nitro" buyIn: 0.93€ + 0.07€ level: 1 - HandId: #2676965442429386753-2-1673870643 - Holdem no limit (10/20) - 2023/01/16 12:04:03 UTC
Table: 'Expresso Nitro(623279587)#0' 3-max (real money) Seat #1 is the button
Seat 1: _LeProcess_ (290)
Seat 2: Fightosh (310)
Seat 3: _SKR (300)
*** ANTE/BLINDS ***
Fightosh posts small blind 10
_SKR posts big blind 20
Dealt to _SKR [Qh Qs]
*** PRE-FLOP *** 
_LeProcess_ folds
Fightosh folds
_SKR collected 30 from pot
*** SUMMARY ***
Total pot 30 | No rake
Seat 3: _SKR (big blind) won 30


Winamax Poker - Tournament "Expresso Nitro" buyIn: 0.93€ + 0.07€ level: 1 - HandId: #2676965442429386753-3-1673870649 - Holdem no limit (10/20) - 2023/01/16 12:04:09 UTC
Table: 'Expresso Nitro(623279587)#0' 3-max (real money) Seat #2 is the button
Seat 1: _LeProcess_ (290)
Seat 2: Fightosh (300)
Seat 3: _SKR (310)
*** ANTE/BLINDS ***
_SKR posts small blind 10
_LeProcess_ posts big blind 20
Dealt to _SKR [Ts 8d]
*** PRE-FLOP *** 
Fightosh calls 20
_SKR folds
_LeProcess_ checks
*** FLOP *** [5h Qd 5c]
_LeProcess_ checks
Fightosh checks
*** TURN *** [5h Qd 5c][Qc]
_LeProcess_ checks
Fightosh checks
*** RIVER *** [5h Qd 5c Qc][3c]
_LeProcess_ bets 40
Fightosh calls 40
*** SHOW DOWN ***
_LeProcess_ shows [8c 4c] (Flush Queen high)
Fightosh shows [Kh 5s] (Full of 5 and Queens)
Fightosh collected 130 from pot
*** SUMMARY ***
Total pot 130 | No rake
Board: [5h Qd 5c Qc 3c]
Seat 1: _LeProcess_ (big blind) showed [8c 4c] and lost with Flush Queen high
Seat 2: Fightosh (button) showed [Kh 5s] and won 130 with Full of 5 and Queens


Winamax Poker - Tournament "Expresso Nitro" buyIn: 0.93€ + 0.07€ level: 1 - HandId: #2676965442429386753-4-1673870676 - Holdem no limit (10/20) - 2023/01/16 12:04:36 UTC
Table: 'Expresso Nitro(623279587)#0' 3-max (real money) Seat #3 is the button
Seat 1: _LeProcess_ (230)
Seat 2: Fightosh (370)
Seat 3: _SKR (300)
*** ANTE/BLINDS ***
_LeProcess_ posts small blind 10
Fightosh posts big blind 20
Dealt to _SKR [3s 2s]
*** PRE-FLOP *** 
_SKR folds
_LeProcess_ raises 210 to 230 and is all-in
Fightosh folds
_LeProcess_ collected 250 from pot
*** SUMMARY ***
Total pot 250 | No rake
Seat 1: _LeProcess_ (small blind) won 250


Winamax Poker - Tournament "Expresso Nitro" buyIn: 0.93€ + 0.07€ level: 2 - HandId: #2676965442429386753-5-1673870693 - Holdem no limit (15/30) - 2023/01/16 12:04:53 UTC
Table: 'Expresso Nitro(623279587)#0' 3-max (real money) Seat #1 is the button
Seat 1: _LeProcess_ (250)
Seat 2: Fightosh (350)
Seat 3: _SKR (300)
*** ANTE/BLINDS ***
Fightosh posts small blind 15
_SKR posts big blind 30
Dealt to _SKR [5d 8h]
*** PRE-FLOP *** 
_LeProcess_ folds
Fightosh calls 15
_SKR checks
*** FLOP *** [As Jc 3d]
Fightosh checks
_SKR checks
*** TURN *** [As Jc 3d][7h]
Fightosh bets 30
_SKR folds
Fightosh collected 90 from pot
*** SUMMARY ***
Total pot 90 | No rake
Board: [As Jc 3d 7h]
Seat 2: Fightosh (small blind) won 90


Winamax Poker - Tournament "Expresso Nitro" buyIn: 0.93€ + 0.07€ level: 2 - HandId: #2676965442429386753-6-1673870711 - Holdem no limit (15/30) - 2023/01/16 12:05:11 UTC
Table: 'Expresso Nitro(623279587)#0' 3-max (real money) Seat #2 is the button
Seat 1: _LeProcess_ (250)
Seat 2: Fightosh (380)
Seat 3: _SKR (270)
*** ANTE/BLINDS ***
_SKR posts small blind 15
_LeProcess_ posts big blind 30
Dealt to _SKR [Kh 8d]
*** PRE-FLOP *** 
Fightosh calls 30
_SKR raises 240 to 270 and is all-in
_LeProcess_ folds
Fightosh folds
_SKR collected 330 from pot
*** SUMMARY ***
Total pot 330 | No rake
Seat 3: _SKR (small blind) won 330


Winamax Poker - Tournament "Expresso Nitro" buyIn: 0.93€ + 0.07€ level: 2 - HandId: #2676965442429386753-7-1673870724 - Holdem no limit (15/30) - 2023/01/16 12:05:24 UTC
Table: 'Expresso Nitro(623279587)#0' 3-max (real money) Seat #3 is the button
Seat 1: _LeProcess_ (220)
Seat 2: Fightosh (350)
Seat 3: _SKR (330)
*** ANTE/BLINDS ***
_LeProcess_ posts small blind 15
Fightosh posts big blind 30
Dealt to _SKR [6s Js]
*** PRE-FLOP *** 
_SKR folds
_LeProcess_ raises 190 to 220 and is all-in
Fightosh calls 190
*** FLOP *** [9s Kd 7h]
*** TURN *** [9s Kd 7h][Td]
*** RIVER *** [9s Kd 7h Td][Tc]
*** SHOW DOWN ***
_LeProcess_ shows [Ad Jd] (One pair : Tens)
Fightosh shows [Ks 8h] (Two pairs : Kings and Tens)
Fightosh collected 440 from pot
*** SUMMARY ***
Total pot 440 | No rake
Board: [9s Kd 7h Td Tc]
Seat 1: _LeProcess_ (small blind) showed [Ad Jd] and lost with One pair : Tens
Seat 2: Fightosh (big blind) showed [Ks 8h] and won 440 with Two pairs : Kings and Tens


Winamax Poker - Tournament "Expresso Nitro" buyIn: 0.93€ + 0.07€ level: 2 - HandId: #2676965442429386753-8-1673870741 - Holdem no limit (15/30) - 2023/01/16 12:05:41 UTC
Table: 'Expresso Nitro(623279587)#0' 3-max (real money) Seat #2 is the button
Seat 2: Fightosh (570)
Seat 3: _SKR (330)
*** ANTE/BLINDS ***
Fightosh posts small blind 15
_SKR posts big blind 30
Dealt to _SKR [2d 7d]
*** PRE-FLOP *** 
Fightosh calls 15
_SKR checks
*** FLOP *** [Ac Kd Jh]
_SKR checks
Fightosh checks
*** TURN *** [Ac Kd Jh][Jc]
_SKR checks
Fightosh checks
*** RIVER *** [Ac Kd Jh Jc][8d]
_SKR checks
Fightosh checks
*** SHOW DOWN ***
_SKR shows [2d 7d] (One pair : Jacks)
Fightosh shows [4c Qc] (One pair : Jacks)
Fightosh collected 60 from pot
*** SUMMARY ***
Total pot 60 | No rake
Board: [Ac Kd Jh Jc 8d]
Seat 2: Fightosh (small blind) (button) showed [4c Qc] and won 60 with One pair : Jacks
Seat 3: _SKR (big blind) showed [2d 7d] and lost with One pair : Jacks


Winamax Poker - Tournament "Expresso Nitro" buyIn: 0.93€ + 0.07€ level: 3 - HandId: #2676965442429386753-9-1673870767 - Holdem no limit (20/40) - 2023/01/16 12:06:07 UTC
Table: 'Expresso Nitro(623279587)#0' 3-max (real money) Seat #3 is the button
Seat 2: Fightosh (600)
Seat 3: _SKR (300)
*** ANTE/BLINDS ***
_SKR posts small blind 20
Fightosh posts big blind 40
Dealt to _SKR [5d Jh]
*** PRE-FLOP *** 
_SKR folds
Fightosh collected 60 from pot
*** SUMMARY ***
Total pot 60 | No rake
Seat 2: Fightosh (big blind) won 60


Winamax Poker - Tournament "Expresso Nitro" buyIn: 0.93€ + 0.07€ level: 3 - HandId: #2676965442429386753-10-1673870775 - Holdem no limit (20/40) - 2023/01/16 12:06:15 UTC
Table: 'Expresso Nitro(623279587)#0' 3-max (real money) Seat #2 is the button
Seat 2: Fightosh (620)
Seat 3: _SKR (280)
*** ANTE/BLINDS ***
Fightosh posts small blind 20
_SKR posts big blind 40
Dealt to _SKR [8s Qc]
*** PRE-FLOP *** 
Fightosh calls 20
_SKR checks
*** FLOP *** [7d Kd Ac]
_SKR checks
Fightosh checks
*** TURN *** [7d Kd Ac][Ks]
_SKR checks
Fightosh checks
*** RIVER *** [7d Kd Ac Ks][9s]
_SKR checks
Fightosh checks
*** SHOW DOWN ***
Fightosh shows [3h Qs] (One pair : Kings)
_SKR shows [8s Qc] (One pair : Kings)
_SKR collected 40 from pot
Fightosh collected 40 from pot
*** SUMMARY ***
Total pot 80 | No rake
Board: [7d Kd Ac Ks 9s]
Seat 2: Fightosh (small blind) (button) showed [3h Qs] and won 40 with One pair : Kings
Seat 3: _SKR (big blind) showed [8s Qc] and won 40 with One pair : Kings


Winamax Poker - Tournament "Expresso Nitro" buyIn: 0.93€ + 0.07€ level: 3 - HandId: #2676965442429386753-11-1673870799 - Holdem no limit (20/40) - 2023/01/16 12:06:39 UTC
Table: 'Expresso Nitro(623279587)#0' 3-max (real money) Seat #3 is the button
Seat 2: Fightosh (620)
Seat 3: _SKR (280)
*** ANTE/BLINDS ***
_SKR posts small blind 20
Fightosh posts big blind 40
Dealt to _SKR [8s Jd]
*** PRE-FLOP *** 
_SKR raises 240 to 280 and is all-in
Fightosh folds
_SKR collected 320 from pot
*** SUMMARY ***
Total pot 320 | No rake
Seat 3: _SKR (small blind) (button) won 320


Winamax Poker - Tournament "Expresso Nitro" buyIn: 0.93€ + 0.07€ level: 3 - HandId: #2676965442429386753-12-1673870807 - Holdem no limit (20/40) - 2023/01/16 12:06:47 UTC
Table: 'Expresso Nitro(623279587)#0' 3-max (real money) Seat #2 is the button
Seat 2: Fightosh (580)
Seat 3: _SKR (320)
*** ANTE/BLINDS ***
Fightosh posts small blind 20
_SKR posts big blind 40
Dealt to _SKR [7s Td]
*** PRE-FLOP *** 
Fightosh folds
_SKR collected 60 from pot
*** SUMMARY ***
Total pot 60 | No rake
Seat 3: _SKR (big blind) won 60


Winamax Poker - Tournament "Expresso Nitro" buyIn: 0.93€ + 0.07€ level: 4 - HandId: #2676965442429386753-13-1673870813 - Holdem no limit (30/60) - 2023/01/16 12:06:53 UTC
Table: 'Expresso Nitro(623279587)#0' 3-max (real money) Seat #3 is the button
Seat 2: Fightosh (560)
Seat 3: _SKR (340)
*** ANTE/BLINDS ***
_SKR posts small blind 30
Fightosh posts big blind 60
Dealt to _SKR [Ad Qs]
*** PRE-FLOP *** 
_SKR raises 280 to 340 and is all-in
Fightosh calls 280
*** FLOP *** [5c Js As]
*** TURN *** [5c Js As][Jh]
*** RIVER *** [5c Js As Jh][Jd]
*** SHOW DOWN ***
Fightosh shows [8d 4d] (Trips of Jacks)
_SKR shows [Ad Qs] (Full of Jacks and Aces)
_SKR collected 680 from pot
*** SUMMARY ***
Total pot 680 | No rake
Board: [5c Js As Jh Jd]
Seat 2: Fightosh (big blind) showed [8d 4d] and lost with Trips of Jacks
Seat 3: _SKR (small blind) (button) showed [Ad Qs] and won 680 with Full of Jacks and Aces


Winamax Poker - Tournament "Expresso Nitro" buyIn: 0.93€ + 0.07€ level: 4 - HandId: #2676965442429386753-14-1673870833 - Holdem no limit (30/60) - 2023/01/16 12:07:13 UTC
Table: 'Expresso Nitro(623279587)#0' 3-max (real money) Seat #2 is the button
Seat 2: Fightosh (220)
Seat 3: _SKR (680)
*** ANTE/BLINDS ***
Fightosh posts small blind 30
_SKR posts big blind 60
Dealt to _SKR [4s 6h]
*** PRE-FLOP *** 
Fightosh calls 30
_SKR checks
*** FLOP *** [Ac 8h 2d]
_SKR checks
Fightosh checks
*** TURN *** [Ac 8h 2d][8s]
_SKR checks
Fightosh checks
*** RIVER *** [Ac 8h 2d 8s][Ts]
_SKR checks
Fightosh checks
*** SHOW DOWN ***
_SKR shows [4s 6h] (One pair : 8)
Fightosh shows [6s Qc] (One pair : 8)
Fightosh collected 120 from pot
*** SUMMARY ***
Total pot 120 | No rake
Board: [Ac 8h 2d 8s Ts]
Seat 2: Fightosh (small blind) (button) showed [6s Qc] and won 120 with One pair : 8
Seat 3: _SKR (big blind) showed [4s 6h] and lost with One pair : 8


Winamax Poker - Tournament "Expresso Nitro" buyIn: 0.93€ + 0.07€ level: 4 - HandId: #2676965442429386753-15-1673870872 - Holdem no limit (30/60) - 2023/01/16 12:07:52 UTC
Table: 'Expresso Nitro(623279587)#0' 3-max (real money) Seat #3 is the button
Seat 2: Fightosh (280)
Seat 3: _SKR (620)
*** ANTE/BLINDS ***
_SKR posts small blind 30
Fightosh posts big blind 60
Dealt to _SKR [9d Js]
*** PRE-FLOP *** 
_SKR folds
Fightosh collected 90 from pot
*** SUMMARY ***
Total pot 90 | No rake
Seat 2: Fightosh (big blind) won 90


Winamax Poker - Tournament "Expresso Nitro" buyIn: 0.93€ + 0.07€ level: 5 - HandId: #2676965442429386753-16-1673870875 - Holdem no limit (40/80) - 2023/01/16 12:07:55 UTC
Table: 'Expresso Nitro(623279587)#0' 3-max (real money) Seat #2 is the button
Seat 2: Fightosh (310)
Seat 3: _SKR (590)
*** ANTE/BLINDS ***
Fightosh posts small blind 40
_SKR posts big blind 80
Dealt to _SKR [6s 5s]
*** PRE-FLOP *** 
Fightosh calls 40
_SKR checks
*** FLOP *** [2d 2h 2c]
_SKR checks
Fightosh checks
*** TURN *** [2d 2h 2c][4c]
_SKR checks
Fightosh checks
*** RIVER *** [2d 2h 2c 4c][Qc]
_SKR bets 120
Fightosh folds
_SKR collected 280 from pot
*** SUMMARY ***
Total pot 280 | No rake
Board: [2d 2h 2c 4c Qc]
Seat 3: _SKR (big blind) won 280


Winamax Poker - Tournament "Expresso Nitro" buyIn: 0.93€ + 0.07€ level: 5 - HandId: #2676965442429386753-17-1673870912 - Holdem no limit (40/80) - 2023/01/16 12:08:32 UTC
Table: 'Expresso Nitro(623279587)#0' 3-max (real money) Seat #3 is the button
Seat 2: Fightosh (230)
Seat 3: _SKR (670)
*** ANTE/BLINDS ***
_SKR posts small blind 40
Fightosh posts big blind 80
Dealt to _SKR [3c 6c]
*** PRE-FLOP *** 
_SKR folds
Fightosh collected 120 from pot
*** SUMMARY ***
Total pot 120 | No rake
Seat 2: Fightosh (big blind) won 120


Winamax Poker - Tournament "Expresso Nitro" buyIn: 0.93€ + 0.07€ level: 5 - HandId: #2676965442429386753-18-1673870919 - Holdem no limit (40/80) - 2023/01/16 12:08:39 UTC
Table: 'Expresso Nitro(623279587)#0' 3-max (real money) Seat #2 is the button
Seat 2: Fightosh (270)
Seat 3: _SKR (630)
*** ANTE/BLINDS ***
Fightosh posts small blind 40
_SKR posts big blind 80
Dealt to _SKR [3s Qc]
*** PRE-FLOP *** 
Fightosh calls 40
_SKR checks
*** FLOP *** [Jd Ad 7d]
_SKR checks
Fightosh checks
*** TURN *** [Jd Ad 7d][Ah]
_SKR checks
Fightosh checks
*** RIVER *** [Jd Ad 7d Ah][9h]
_SKR checks
Fightosh checks
*** SHOW DOWN ***
_SKR shows [3s Qc] (One pair : Aces)
Fightosh shows [Jc 2d] (Two pairs : Aces and Jacks)
Fightosh collected 160 from pot
*** SUMMARY ***
Total pot 160 | No rake
Board: [Jd Ad 7d Ah 9h]
Seat 2: Fightosh (small blind) (button) showed [Jc 2d] and won 160 with Two pairs : Aces and Jacks
Seat 3: _SKR (big blind) showed [3s Qc] and lost with One pair : Aces


Winamax Poker - Tournament "Expresso Nitro" buyIn: 0.93€ + 0.07€ level: 6 - HandId: #2676965442429386753-19-1673870965 - Holdem no limit (50/100) - 2023/01/16 12:09:25 UTC
Table: 'Expresso Nitro(623279587)#0' 3-max (real money) Seat #3 is the button
Seat 2: Fightosh (350)
Seat 3: _SKR (550)
*** ANTE/BLINDS ***
_SKR posts small blind 50
Fightosh posts big blind 100
Dealt to _SKR [Th 4s]
*** PRE-FLOP *** 
_SKR folds
Fightosh collected 150 from pot
*** SUMMARY ***
Total pot 150 | No rake
Seat 2: Fightosh (big blind) won 150


Winamax Poker - Tournament "Expresso Nitro" buyIn: 0.93€ + 0.07€ level: 6 - HandId: #2676965442429386753-20-1673870970 - Holdem no limit (50/100) - 2023/01/16 12:09:30 UTC
Table: 'Expresso Nitro(623279587)#0' 3-max (real money) Seat #2 is the button
Seat 2: Fightosh (400)
Seat 3: _SKR (500)
*** ANTE/BLINDS ***
Fightosh posts small blind 50
_SKR posts big blind 100
Dealt to _SKR [Jh 3h]
*** PRE-FLOP *** 
Fightosh calls 50
_SKR raises 400 to 500 and is all-in
Fightosh folds
_SKR collected 600 from pot
*** SUMMARY ***
Total pot 600 | No rake
Seat 3: _SKR (big blind) won 600


Winamax Poker - Tournament "Expresso Nitro" buyIn: 0.93€ + 0.07€ level: 6 - HandId: #2676965442429386753-21-1673870984 - Holdem no limit (50/100) - 2023/01/16 12:09:44 UTC
Table: 'Expresso Nitro(623279587)#0' 3-max (real money) Seat #3 is the button
Seat 2: Fightosh (300)
Seat 3: _SKR (600)
*** ANTE/BLINDS ***
_SKR posts small blind 50
Fightosh posts big blind 100
Dealt to _SKR [6c Qs]
*** PRE-FLOP *** 
_SKR raises 500 to 600 and is all-in
Fightosh calls 200 and is all-in
*** FLOP *** [2c 8h 4s]
*** TURN *** [2c 8h 4s][Ah]
*** RIVER *** [2c 8h 4s Ah][2s]
*** SHOW DOWN ***
Fightosh shows [5h As] (Two pairs : Aces and 2)
_SKR shows [6c Qs] (One pair : 2)
_SKR collected 300 from side pot 1
Fightosh collected 600 from main pot
*** SUMMARY ***
Total pot 900 | No rake
Board: [2c 8h 4s Ah 2s]
Seat 2: Fightosh (big blind) showed [5h As] and won 600 with Two pairs : Aces and 2
Seat 3: _SKR (small blind) (button) showed [6c Qs] and won 300 with One pair : 2


Winamax Poker - Tournament "Expresso Nitro" buyIn: 0.93€ + 0.07€ level: 7 - HandId: #2676965442429386753-22-1673870997 - Holdem no limit (60/120) - 2023/01/16 12:09:57 UTC
Table: 'Expresso Nitro(623279587)#0' 3-max (real money) Seat #2 is the button
Seat 2: Fightosh (600)
Seat 3: _SKR (300)
*** ANTE/BLINDS ***
Fightosh posts small blind 60
_SKR posts big blind 120
Dealt to _SKR [5d 7c]
*** PRE-FLOP *** 
Fightosh folds
_SKR collected 180 from pot
*** SUMMARY ***
Total pot 180 | No rake
Seat 3: _SKR (big blind) won 180


Winamax Poker - Tournament "Expresso Nitro" buyIn: 0.93€ + 0.07€ level: 7 - HandId: #2676965442429386753-23-1673871002 - Holdem no limit (60/120) - 2023/01/16 12:10:02 UTC
Table: 'Expresso Nitro(623279587)#0' 3-max (real money) Seat #3 is the button
Seat 2: Fightosh (540)
Seat 3: _SKR (360)
*** ANTE/BLINDS ***
_SKR posts small blind 60
Fightosh posts big blind 120
Dealt to _SKR [5d 9d]
*** PRE-FLOP *** 
_SKR raises 240 to 360 and is all-in
Fightosh calls 240
*** FLOP *** [9c Ks Qd]
*** TURN *** [9c Ks Qd][Jh]
*** RIVER *** [9c Ks Qd Jh][5s]
*** SHOW DOWN ***
_SKR shows [5d 9d] (Two pairs : 9 and 5)
Fightosh shows [2h Th] (Straight King high)
Fightosh collected 720 from pot
*** SUMMARY ***
Total pot 720 | No rake
Board: [9c Ks Qd Jh 5s]
Seat 2: Fightosh (big blind) showed [2h Th] and won 720 with Straight King high
Seat 3: _SKR (small blind) (button) showed [5d 9d] and lost with Two pairs : 9 and 5


