Winamax Poker - Tournament "Expresso Nitro" buyIn: 0.93€ + 0.07€ level: 1 - HandId: #2729620710686195713-1-1676922203 - Holdem no limit (10/20) - 2023/02/20 19:43:23 UTC
Table: 'Expresso Nitro(635539347)#0' 3-max (real money) Seat #2 is the button
Seat 1: VDUB777 (300)
Seat 2: _SKR (300)
Seat 3: CASTOUNET26 (300)
*** ANTE/BLINDS ***
CASTOUNET26 posts small blind 10
VDUB777 posts big blind 20
Dealt to _SKR [5s Kc]
*** PRE-FLOP *** 
_SKR folds
CASTOUNET26 calls 10
VDUB777 checks
*** FLOP *** [7s 9d 4s]
CASTOUNET26 checks
VDUB777 checks
*** TURN *** [7s 9d 4s][3s]
CASTOUNET26 checks
VDUB777 checks
*** RIVER *** [7s 9d 4s 3s][Ts]
CASTOUNET26 checks
VDUB777 bets 40
CASTOUNET26 folds
VDUB777 collected 80 from pot
*** SUMMARY ***
Total pot 80 | No rake
Board: [7s 9d 4s 3s Ts]
Seat 1: VDUB777 (big blind) won 80


Winamax Poker - Tournament "Expresso Nitro" buyIn: 0.93€ + 0.07€ level: 1 - HandId: #2729620710686195713-2-1676922233 - Holdem no limit (10/20) - 2023/02/20 19:43:53 UTC
Table: 'Expresso Nitro(635539347)#0' 3-max (real money) Seat #3 is the button
Seat 1: VDUB777 (320)
Seat 2: _SKR (300)
Seat 3: CASTOUNET26 (280)
*** ANTE/BLINDS ***
VDUB777 posts small blind 10
_SKR posts big blind 20
Dealt to _SKR [5c 6h]
*** PRE-FLOP *** 
CASTOUNET26 folds
VDUB777 calls 10
_SKR checks
*** FLOP *** [4d 8d Qd]
VDUB777 checks
_SKR checks
*** TURN *** [4d 8d Qd][Kd]
VDUB777 checks
_SKR checks
*** RIVER *** [4d 8d Qd Kd][5d]
VDUB777 checks
_SKR checks
*** SHOW DOWN ***
VDUB777 shows [Ah 3c] (Flush King high)
_SKR shows [5c 6h] (Flush King high)
_SKR collected 20 from pot
VDUB777 collected 20 from pot
*** SUMMARY ***
Total pot 40 | No rake
Board: [4d 8d Qd Kd 5d]
Seat 1: VDUB777 (small blind) showed [Ah 3c] and won 20 with Flush King high
Seat 2: _SKR (big blind) showed [5c 6h] and won 20 with Flush King high


Winamax Poker - Tournament "Expresso Nitro" buyIn: 0.93€ + 0.07€ level: 1 - HandId: #2729620710686195713-3-1676922256 - Holdem no limit (10/20) - 2023/02/20 19:44:16 UTC
Table: 'Expresso Nitro(635539347)#0' 3-max (real money) Seat #1 is the button
Seat 1: VDUB777 (320)
Seat 2: _SKR (300)
Seat 3: CASTOUNET26 (280)
*** ANTE/BLINDS ***
_SKR posts small blind 10
CASTOUNET26 posts big blind 20
Dealt to _SKR [Ad 4h]
*** PRE-FLOP *** 
VDUB777 calls 20
_SKR raises 280 to 300 and is all-in
CASTOUNET26 folds
VDUB777 folds
_SKR collected 340 from pot
*** SUMMARY ***
Total pot 340 | No rake
Seat 2: _SKR (small blind) won 340


Winamax Poker - Tournament "Expresso Nitro" buyIn: 0.93€ + 0.07€ level: 2 - HandId: #2729620710686195713-4-1676922268 - Holdem no limit (15/30) - 2023/02/20 19:44:28 UTC
Table: 'Expresso Nitro(635539347)#0' 3-max (real money) Seat #2 is the button
Seat 1: VDUB777 (300)
Seat 2: _SKR (340)
Seat 3: CASTOUNET26 (260)
*** ANTE/BLINDS ***
CASTOUNET26 posts small blind 15
VDUB777 posts big blind 30
Dealt to _SKR [Ac Ks]
*** PRE-FLOP *** 
_SKR raises 310 to 340 and is all-in
CASTOUNET26 folds
VDUB777 folds
_SKR collected 385 from pot
*** SUMMARY ***
Total pot 385 | No rake
Seat 2: _SKR (button) won 385


Winamax Poker - Tournament "Expresso Nitro" buyIn: 0.93€ + 0.07€ level: 2 - HandId: #2729620710686195713-5-1676922277 - Holdem no limit (15/30) - 2023/02/20 19:44:37 UTC
Table: 'Expresso Nitro(635539347)#0' 3-max (real money) Seat #3 is the button
Seat 1: VDUB777 (270)
Seat 2: _SKR (385)
Seat 3: CASTOUNET26 (245)
*** ANTE/BLINDS ***
VDUB777 posts small blind 15
_SKR posts big blind 30
Dealt to _SKR [8d Jc]
*** PRE-FLOP *** 
CASTOUNET26 folds
VDUB777 calls 15
_SKR checks
*** FLOP *** [5s Qs Td]
VDUB777 bets 60
_SKR folds
VDUB777 collected 120 from pot
*** SUMMARY ***
Total pot 120 | No rake
Board: [5s Qs Td]
Seat 1: VDUB777 (small blind) won 120


Winamax Poker - Tournament "Expresso Nitro" buyIn: 0.93€ + 0.07€ level: 2 - HandId: #2729620710686195713-6-1676922298 - Holdem no limit (15/30) - 2023/02/20 19:44:58 UTC
Table: 'Expresso Nitro(635539347)#0' 3-max (real money) Seat #1 is the button
Seat 1: VDUB777 (300)
Seat 2: _SKR (355)
Seat 3: CASTOUNET26 (245)
*** ANTE/BLINDS ***
_SKR posts small blind 15
CASTOUNET26 posts big blind 30
Dealt to _SKR [9c Kd]
*** PRE-FLOP *** 
VDUB777 folds
_SKR raises 325 to 355 and is all-in
CASTOUNET26 folds
_SKR collected 385 from pot
*** SUMMARY ***
Total pot 385 | No rake
Seat 2: _SKR (small blind) won 385


Winamax Poker - Tournament "Expresso Nitro" buyIn: 0.93€ + 0.07€ level: 2 - HandId: #2729620710686195713-7-1676922311 - Holdem no limit (15/30) - 2023/02/20 19:45:11 UTC
Table: 'Expresso Nitro(635539347)#0' 3-max (real money) Seat #2 is the button
Seat 1: VDUB777 (300)
Seat 2: _SKR (385)
Seat 3: CASTOUNET26 (215)
*** ANTE/BLINDS ***
CASTOUNET26 posts small blind 15
VDUB777 posts big blind 30
Dealt to _SKR [Kc 3c]
*** PRE-FLOP *** 
_SKR folds
CASTOUNET26 calls 15
VDUB777 raises 60 to 90
CASTOUNET26 calls 60
*** FLOP *** [7c Qs Jh]
CASTOUNET26 checks
VDUB777 bets 180
CASTOUNET26 folds
VDUB777 collected 360 from pot
*** SUMMARY ***
Total pot 360 | No rake
Board: [7c Qs Jh]
Seat 1: VDUB777 (big blind) won 360


Winamax Poker - Tournament "Expresso Nitro" buyIn: 0.93€ + 0.07€ level: 3 - HandId: #2729620710686195713-8-1676922327 - Holdem no limit (20/40) - 2023/02/20 19:45:27 UTC
Table: 'Expresso Nitro(635539347)#0' 3-max (real money) Seat #3 is the button
Seat 1: VDUB777 (390)
Seat 2: _SKR (385)
Seat 3: CASTOUNET26 (125)
*** ANTE/BLINDS ***
VDUB777 posts small blind 20
_SKR posts big blind 40
Dealt to _SKR [9h 4h]
*** PRE-FLOP *** 
CASTOUNET26 folds
VDUB777 calls 20
_SKR checks
*** FLOP *** [4d Jh 3h]
VDUB777 checks
_SKR bets 40
VDUB777 folds
_SKR collected 120 from pot
*** SUMMARY ***
Total pot 120 | No rake
Board: [4d Jh 3h]
Seat 2: _SKR (big blind) won 120


Winamax Poker - Tournament "Expresso Nitro" buyIn: 0.93€ + 0.07€ level: 3 - HandId: #2729620710686195713-9-1676922339 - Holdem no limit (20/40) - 2023/02/20 19:45:39 UTC
Table: 'Expresso Nitro(635539347)#0' 3-max (real money) Seat #1 is the button
Seat 1: VDUB777 (350)
Seat 2: _SKR (425)
Seat 3: CASTOUNET26 (125)
*** ANTE/BLINDS ***
_SKR posts small blind 20
CASTOUNET26 posts big blind 40
Dealt to _SKR [Qc 5h]
*** PRE-FLOP *** 
VDUB777 folds
_SKR raises 385 to 425 and is all-in
CASTOUNET26 calls 85 and is all-in
*** FLOP *** [6s 3c Qs]
*** TURN *** [6s 3c Qs][7c]
*** RIVER *** [6s 3c Qs 7c][Jd]
*** SHOW DOWN ***
CASTOUNET26 shows [8h Ac] (High card : Ace)
_SKR shows [Qc 5h] (One pair : Queens)
_SKR collected 550 from pot
*** SUMMARY ***
Total pot 550 | No rake
Board: [6s 3c Qs 7c Jd]
Seat 2: _SKR (small blind) showed [Qc 5h] and won 550 with One pair : Queens
Seat 3: CASTOUNET26 (big blind) showed [8h Ac] and lost with High card : Ace


Winamax Poker - Tournament "Expresso Nitro" buyIn: 0.93€ + 0.07€ level: 3 - HandId: #2729620710686195713-10-1676922354 - Holdem no limit (20/40) - 2023/02/20 19:45:54 UTC
Table: 'Expresso Nitro(635539347)#0' 3-max (real money) Seat #1 is the button
Seat 1: VDUB777 (350)
Seat 2: _SKR (550)
*** ANTE/BLINDS ***
VDUB777 posts small blind 20
_SKR posts big blind 40
Dealt to _SKR [Ac Td]
*** PRE-FLOP *** 
VDUB777 raises 80 to 120
_SKR raises 430 to 550 and is all-in
VDUB777 calls 230 and is all-in
*** FLOP *** [Kh 7s 9h]
*** TURN *** [Kh 7s 9h][Ts]
*** RIVER *** [Kh 7s 9h Ts][6h]
*** SHOW DOWN ***
VDUB777 shows [8c Ad] (Straight Ten high)
_SKR shows [Ac Td] (One pair : Tens)
_SKR collected 200 from side pot 1
VDUB777 collected 700 from main pot
*** SUMMARY ***
Total pot 900 | No rake
Board: [Kh 7s 9h Ts 6h]
Seat 1: VDUB777 (small blind) (button) showed [8c Ad] and won 700 with Straight Ten high
Seat 2: _SKR (big blind) showed [Ac Td] and won 200 with One pair : Tens


Winamax Poker - Tournament "Expresso Nitro" buyIn: 0.93€ + 0.07€ level: 3 - HandId: #2729620710686195713-11-1676922367 - Holdem no limit (20/40) - 2023/02/20 19:46:07 UTC
Table: 'Expresso Nitro(635539347)#0' 3-max (real money) Seat #2 is the button
Seat 1: VDUB777 (700)
Seat 2: _SKR (200)
*** ANTE/BLINDS ***
_SKR posts small blind 20
VDUB777 posts big blind 40
Dealt to _SKR [Qs 3c]
*** PRE-FLOP *** 
_SKR raises 160 to 200 and is all-in
VDUB777 calls 160
*** FLOP *** [Ah Ad 7c]
*** TURN *** [Ah Ad 7c][9d]
*** RIVER *** [Ah Ad 7c 9d][As]
*** SHOW DOWN ***
_SKR shows [Qs 3c] (Trips of Aces)
VDUB777 shows [Th Ks] (Trips of Aces)
VDUB777 collected 400 from pot
*** SUMMARY ***
Total pot 400 | No rake
Board: [Ah Ad 7c 9d As]
Seat 1: VDUB777 (big blind) showed [Th Ks] and won 400 with Trips of Aces
Seat 2: _SKR (small blind) (button) showed [Qs 3c] and lost with Trips of Aces


