Winamax Poker - Tournament "Expresso Nitro" buyIn: 1.86€ + 0.14€ level: 1 - HandId: #2698270138074923009-1-1675188235 - Holdem no limit (10/20) - 2023/01/31 18:03:55 UTC
Table: 'Expresso Nitro(628239973)#0' 3-max (real money) Seat #3 is the button
Seat 1: _SKR (300)
Seat 2: foufoul13015 (300)
Seat 3: Agustosuhijo (300)
*** ANTE/BLINDS ***
_SKR posts small blind 10
foufoul13015 posts big blind 20
Dealt to _SKR [9d 8c]
*** PRE-FLOP *** 
Agustosuhijo folds
_SKR folds
foufoul13015 collected 30 from pot
*** SUMMARY ***
Total pot 30 | No rake
Seat 2: foufoul13015 (big blind) won 30


Winamax Poker - Tournament "Expresso Nitro" buyIn: 1.86€ + 0.14€ level: 1 - HandId: #2698270138074923009-2-1675188240 - Holdem no limit (10/20) - 2023/01/31 18:04:00 UTC
Table: 'Expresso Nitro(628239973)#0' 3-max (real money) Seat #1 is the button
Seat 1: _SKR (290)
Seat 2: foufoul13015 (310)
Seat 3: Agustosuhijo (300)
*** ANTE/BLINDS ***
foufoul13015 posts small blind 10
Agustosuhijo posts big blind 20
Dealt to _SKR [7h 2c]
*** PRE-FLOP *** 
_SKR folds
foufoul13015 calls 10
Agustosuhijo raises 20 to 40
foufoul13015 calls 20
*** FLOP *** [Tc Qh 9s]
foufoul13015 bets 20
Agustosuhijo calls 20
*** TURN *** [Tc Qh 9s][5c]
foufoul13015 bets 42
Agustosuhijo calls 42
*** RIVER *** [Tc Qh 9s 5c][Qs]
foufoul13015 checks
Agustosuhijo bets 198 and is all-in
foufoul13015 calls 198
*** SHOW DOWN ***
Agustosuhijo shows [5h Kh] (Two pairs : Queens and 5)
foufoul13015 shows [Ts 3s] (Two pairs : Queens and Tens)
foufoul13015 collected 600 from pot
*** SUMMARY ***
Total pot 600 | No rake
Board: [Tc Qh 9s 5c Qs]
Seat 2: foufoul13015 (small blind) showed [Ts 3s] and won 600 with Two pairs : Queens and Tens
Seat 3: Agustosuhijo (big blind) showed [5h Kh] and lost with Two pairs : Queens and 5


Winamax Poker - Tournament "Expresso Nitro" buyIn: 1.86€ + 0.14€ level: 1 - HandId: #2698270138074923009-3-1675188264 - Holdem no limit (10/20) - 2023/01/31 18:04:24 UTC
Table: 'Expresso Nitro(628239973)#0' 3-max (real money) Seat #1 is the button
Seat 1: _SKR (290)
Seat 2: foufoul13015 (610)
*** ANTE/BLINDS ***
_SKR posts small blind 10
foufoul13015 posts big blind 20
Dealt to _SKR [Jd Ad]
*** PRE-FLOP *** 
_SKR raises 270 to 290 and is all-in
foufoul13015 folds
_SKR collected 310 from pot
*** SUMMARY ***
Total pot 310 | No rake
Seat 1: _SKR (small blind) (button) won 310


Winamax Poker - Tournament "Expresso Nitro" buyIn: 1.86€ + 0.14€ level: 1 - HandId: #2698270138074923009-4-1675188271 - Holdem no limit (10/20) - 2023/01/31 18:04:31 UTC
Table: 'Expresso Nitro(628239973)#0' 3-max (real money) Seat #2 is the button
Seat 1: _SKR (310)
Seat 2: foufoul13015 (590)
*** ANTE/BLINDS ***
foufoul13015 posts small blind 10
_SKR posts big blind 20
Dealt to _SKR [Ad 7c]
*** PRE-FLOP *** 
foufoul13015 raises 570 to 590 and is all-in
_SKR calls 290 and is all-in
*** FLOP *** [Js 5s 4c]
*** TURN *** [Js 5s 4c][7d]
*** RIVER *** [Js 5s 4c 7d][Jc]
*** SHOW DOWN ***
_SKR shows [Ad 7c] (Two pairs : Jacks and 7)
foufoul13015 shows [Kh 9h] (One pair : Jacks)
foufoul13015 collected 280 from side pot 1
_SKR collected 620 from main pot
*** SUMMARY ***
Total pot 900 | No rake
Board: [Js 5s 4c 7d Jc]
Seat 1: _SKR (big blind) showed [Ad 7c] and won 620 with Two pairs : Jacks and 7
Seat 2: foufoul13015 (small blind) (button) showed [Kh 9h] and won 280 with One pair : Jacks


Winamax Poker - Tournament "Expresso Nitro" buyIn: 1.86€ + 0.14€ level: 1 - HandId: #2698270138074923009-5-1675188282 - Holdem no limit (10/20) - 2023/01/31 18:04:42 UTC
Table: 'Expresso Nitro(628239973)#0' 3-max (real money) Seat #1 is the button
Seat 1: _SKR (620)
Seat 2: foufoul13015 (280)
*** ANTE/BLINDS ***
_SKR posts small blind 10
foufoul13015 posts big blind 20
Dealt to _SKR [6s Qd]
*** PRE-FLOP *** 
_SKR folds
foufoul13015 collected 30 from pot
*** SUMMARY ***
Total pot 30 | No rake
Seat 2: foufoul13015 (big blind) won 30


Winamax Poker - Tournament "Expresso Nitro" buyIn: 1.86€ + 0.14€ level: 2 - HandId: #2698270138074923009-6-1675188293 - Holdem no limit (15/30) - 2023/01/31 18:04:53 UTC
Table: 'Expresso Nitro(628239973)#0' 3-max (real money) Seat #2 is the button
Seat 1: _SKR (610)
Seat 2: foufoul13015 (290)
*** ANTE/BLINDS ***
foufoul13015 posts small blind 15
_SKR posts big blind 30
Dealt to _SKR [3s Tc]
*** PRE-FLOP *** 
foufoul13015 raises 260 to 290 and is all-in
_SKR folds
foufoul13015 collected 320 from pot
*** SUMMARY ***
Total pot 320 | No rake
Seat 2: foufoul13015 (small blind) (button) won 320


Winamax Poker - Tournament "Expresso Nitro" buyIn: 1.86€ + 0.14€ level: 2 - HandId: #2698270138074923009-7-1675188298 - Holdem no limit (15/30) - 2023/01/31 18:04:58 UTC
Table: 'Expresso Nitro(628239973)#0' 3-max (real money) Seat #1 is the button
Seat 1: _SKR (580)
Seat 2: foufoul13015 (320)
*** ANTE/BLINDS ***
_SKR posts small blind 15
foufoul13015 posts big blind 30
Dealt to _SKR [7d 8s]
*** PRE-FLOP *** 
_SKR folds
foufoul13015 collected 45 from pot
*** SUMMARY ***
Total pot 45 | No rake
Seat 2: foufoul13015 (big blind) won 45


Winamax Poker - Tournament "Expresso Nitro" buyIn: 1.86€ + 0.14€ level: 2 - HandId: #2698270138074923009-8-1675188323 - Holdem no limit (15/30) - 2023/01/31 18:05:23 UTC
Table: 'Expresso Nitro(628239973)#0' 3-max (real money) Seat #2 is the button
Seat 1: _SKR (565)
Seat 2: foufoul13015 (335)
*** ANTE/BLINDS ***
foufoul13015 posts small blind 15
_SKR posts big blind 30
Dealt to _SKR [4c 5h]
*** PRE-FLOP *** 
foufoul13015 raises 30 to 60
_SKR folds
foufoul13015 collected 90 from pot
*** SUMMARY ***
Total pot 90 | No rake
Seat 2: foufoul13015 (small blind) (button) won 90


Winamax Poker - Tournament "Expresso Nitro" buyIn: 1.86€ + 0.14€ level: 2 - HandId: #2698270138074923009-9-1675188332 - Holdem no limit (15/30) - 2023/01/31 18:05:32 UTC
Table: 'Expresso Nitro(628239973)#0' 3-max (real money) Seat #1 is the button
Seat 1: _SKR (535)
Seat 2: foufoul13015 (365)
*** ANTE/BLINDS ***
_SKR posts small blind 15
foufoul13015 posts big blind 30
Dealt to _SKR [Jc Kd]
*** PRE-FLOP *** 
_SKR folds
foufoul13015 collected 45 from pot
*** SUMMARY ***
Total pot 45 | No rake
Seat 2: foufoul13015 (big blind) won 45


Winamax Poker - Tournament "Expresso Nitro" buyIn: 1.86€ + 0.14€ level: 2 - HandId: #2698270138074923009-10-1675188340 - Holdem no limit (15/30) - 2023/01/31 18:05:40 UTC
Table: 'Expresso Nitro(628239973)#0' 3-max (real money) Seat #2 is the button
Seat 1: _SKR (520)
Seat 2: foufoul13015 (380)
*** ANTE/BLINDS ***
foufoul13015 posts small blind 15
_SKR posts big blind 30
Dealt to _SKR [9d Kh]
*** PRE-FLOP *** 
foufoul13015 raises 30 to 60
_SKR folds
foufoul13015 collected 90 from pot
*** SUMMARY ***
Total pot 90 | No rake
Seat 2: foufoul13015 (small blind) (button) won 90


Winamax Poker - Tournament "Expresso Nitro" buyIn: 1.86€ + 0.14€ level: 2 - HandId: #2698270138074923009-11-1675188349 - Holdem no limit (15/30) - 2023/01/31 18:05:49 UTC
Table: 'Expresso Nitro(628239973)#0' 3-max (real money) Seat #1 is the button
Seat 1: _SKR (490)
Seat 2: foufoul13015 (410)
*** ANTE/BLINDS ***
_SKR posts small blind 15
foufoul13015 posts big blind 30
Dealt to _SKR [Ac Qs]
*** PRE-FLOP *** 
_SKR folds
foufoul13015 collected 45 from pot
*** SUMMARY ***
Total pot 45 | No rake
Seat 2: foufoul13015 (big blind) won 45


Winamax Poker - Tournament "Expresso Nitro" buyIn: 1.86€ + 0.14€ level: 3 - HandId: #2698270138074923009-12-1675188357 - Holdem no limit (20/40) - 2023/01/31 18:05:57 UTC
Table: 'Expresso Nitro(628239973)#0' 3-max (real money) Seat #2 is the button
Seat 1: _SKR (475)
Seat 2: foufoul13015 (425)
*** ANTE/BLINDS ***
foufoul13015 posts small blind 20
_SKR posts big blind 40
Dealt to _SKR [3s Kc]
*** PRE-FLOP *** 
foufoul13015 raises 40 to 80
_SKR folds
foufoul13015 collected 120 from pot
*** SUMMARY ***
Total pot 120 | No rake
Seat 2: foufoul13015 (small blind) (button) won 120


Winamax Poker - Tournament "Expresso Nitro" buyIn: 1.86€ + 0.14€ level: 3 - HandId: #2698270138074923009-13-1675188372 - Holdem no limit (20/40) - 2023/01/31 18:06:12 UTC
Table: 'Expresso Nitro(628239973)#0' 3-max (real money) Seat #1 is the button
Seat 1: _SKR (435)
Seat 2: foufoul13015 (465)
*** ANTE/BLINDS ***
_SKR posts small blind 20
foufoul13015 posts big blind 40
Dealt to _SKR [7s 6d]
*** PRE-FLOP *** 
_SKR folds
foufoul13015 collected 60 from pot
*** SUMMARY ***
Total pot 60 | No rake
Seat 2: foufoul13015 (big blind) won 60


Winamax Poker - Tournament "Expresso Nitro" buyIn: 1.86€ + 0.14€ level: 3 - HandId: #2698270138074923009-14-1675188380 - Holdem no limit (20/40) - 2023/01/31 18:06:20 UTC
Table: 'Expresso Nitro(628239973)#0' 3-max (real money) Seat #2 is the button
Seat 1: _SKR (415)
Seat 2: foufoul13015 (485)
*** ANTE/BLINDS ***
foufoul13015 posts small blind 20
_SKR posts big blind 40
Dealt to _SKR [Qs 3c]
*** PRE-FLOP *** 
foufoul13015 raises 40 to 80
_SKR folds
foufoul13015 collected 120 from pot
*** SUMMARY ***
Total pot 120 | No rake
Seat 2: foufoul13015 (small blind) (button) won 120


Winamax Poker - Tournament "Expresso Nitro" buyIn: 1.86€ + 0.14€ level: 3 - HandId: #2698270138074923009-15-1675188387 - Holdem no limit (20/40) - 2023/01/31 18:06:27 UTC
Table: 'Expresso Nitro(628239973)#0' 3-max (real money) Seat #1 is the button
Seat 1: _SKR (375)
Seat 2: foufoul13015 (525)
*** ANTE/BLINDS ***
_SKR posts small blind 20
foufoul13015 posts big blind 40
Dealt to _SKR [2h 7c]
*** PRE-FLOP *** 
_SKR folds
foufoul13015 collected 60 from pot
*** SUMMARY ***
Total pot 60 | No rake
Seat 2: foufoul13015 (big blind) won 60


Winamax Poker - Tournament "Expresso Nitro" buyIn: 1.86€ + 0.14€ level: 3 - HandId: #2698270138074923009-16-1675188390 - Holdem no limit (20/40) - 2023/01/31 18:06:30 UTC
Table: 'Expresso Nitro(628239973)#0' 3-max (real money) Seat #2 is the button
Seat 1: _SKR (355)
Seat 2: foufoul13015 (545)
*** ANTE/BLINDS ***
foufoul13015 posts small blind 20
_SKR posts big blind 40
Dealt to _SKR [Ad Td]
*** PRE-FLOP *** 
foufoul13015 raises 40 to 80
_SKR raises 275 to 355 and is all-in
foufoul13015 calls 275
*** FLOP *** [Kc 6h 6s]
*** TURN *** [Kc 6h 6s][Tc]
*** RIVER *** [Kc 6h 6s Tc][Kh]
*** SHOW DOWN ***
_SKR shows [Ad Td] (Two pairs : Kings and Tens)
foufoul13015 shows [Kd 7d] (Full of Kings and 6)
foufoul13015 collected 710 from pot
*** SUMMARY ***
Total pot 710 | No rake
Board: [Kc 6h 6s Tc Kh]
Seat 1: _SKR (big blind) showed [Ad Td] and lost with Two pairs : Kings and Tens
Seat 2: foufoul13015 (small blind) (button) showed [Kd 7d] and won 710 with Full of Kings and 6


