Winamax Poker - Tournament "Expresso Nitro" buyIn: 0.93€ + 0.07€ level: 1 - HandId: #2729565451636965377-1-1676920289 - Holdem no limit (10/20) - 2023/02/20 19:11:29 UTC
Table: 'Expresso Nitro(635526481)#0' 3-max (real money) Seat #1 is the button
Seat 1: Wildingue76 (300)
Seat 2: _SKR (300)
Seat 3: Guitouyou12 (300)
*** ANTE/BLINDS ***
_SKR posts small blind 10
Guitouyou12 posts big blind 20
Dealt to _SKR [Td 8h]
*** PRE-FLOP *** 
Wildingue76 folds
_SKR folds
Guitouyou12 collected 30 from pot
*** SUMMARY ***
Total pot 30 | No rake
Seat 3: Guitouyou12 (big blind) won 30


Winamax Poker - Tournament "Expresso Nitro" buyIn: 0.93€ + 0.07€ level: 1 - HandId: #2729565451636965377-2-1676920297 - Holdem no limit (10/20) - 2023/02/20 19:11:37 UTC
Table: 'Expresso Nitro(635526481)#0' 3-max (real money) Seat #2 is the button
Seat 1: Wildingue76 (300)
Seat 2: _SKR (290)
Seat 3: Guitouyou12 (310)
*** ANTE/BLINDS ***
Guitouyou12 posts small blind 10
Wildingue76 posts big blind 20
Dealt to _SKR [5s Ah]
*** PRE-FLOP *** 
_SKR raises 270 to 290 and is all-in
Guitouyou12 folds
Wildingue76 raises 10 to 300 and is all-in
*** FLOP *** [8c Ac 8h]
*** TURN *** [8c Ac 8h][As]
*** RIVER *** [8c Ac 8h As][Qh]
*** SHOW DOWN ***
Wildingue76 shows [Js Ad] (Full of Aces and 8)
_SKR shows [5s Ah] (Full of Aces and 8)
_SKR collected 295 from main pot
Wildingue76 collected 305 from side pot 1
*** SUMMARY ***
Total pot 600 | No rake
Board: [8c Ac 8h As Qh]
Seat 1: Wildingue76 (big blind) showed [Js Ad] and won 305 with Full of Aces and 8
Seat 2: _SKR (button) showed [5s Ah] and won 295 with Full of Aces and 8


Winamax Poker - Tournament "Expresso Nitro" buyIn: 0.93€ + 0.07€ level: 1 - HandId: #2729565451636965377-3-1676920311 - Holdem no limit (10/20) - 2023/02/20 19:11:51 UTC
Table: 'Expresso Nitro(635526481)#0' 3-max (real money) Seat #3 is the button
Seat 1: Wildingue76 (305)
Seat 2: _SKR (295)
Seat 3: Guitouyou12 (300)
*** ANTE/BLINDS ***
Wildingue76 posts small blind 10
_SKR posts big blind 20
Dealt to _SKR [Qc 2d]
*** PRE-FLOP *** 
Guitouyou12 folds
Wildingue76 folds
_SKR collected 30 from pot
*** SUMMARY ***
Total pot 30 | No rake
Seat 2: _SKR (big blind) won 30


Winamax Poker - Tournament "Expresso Nitro" buyIn: 0.93€ + 0.07€ level: 1 - HandId: #2729565451636965377-4-1676920317 - Holdem no limit (10/20) - 2023/02/20 19:11:57 UTC
Table: 'Expresso Nitro(635526481)#0' 3-max (real money) Seat #1 is the button
Seat 1: Wildingue76 (295)
Seat 2: _SKR (305)
Seat 3: Guitouyou12 (300)
*** ANTE/BLINDS ***
_SKR posts small blind 10
Guitouyou12 posts big blind 20
Dealt to _SKR [8s 3s]
*** PRE-FLOP *** 
Wildingue76 raises 275 to 295 and is all-in
_SKR folds
Guitouyou12 folds
Wildingue76 collected 325 from pot
*** SUMMARY ***
Total pot 325 | No rake
Seat 1: Wildingue76 (button) won 325


Winamax Poker - Tournament "Expresso Nitro" buyIn: 0.93€ + 0.07€ level: 1 - HandId: #2729565451636965377-5-1676920327 - Holdem no limit (10/20) - 2023/02/20 19:12:07 UTC
Table: 'Expresso Nitro(635526481)#0' 3-max (real money) Seat #2 is the button
Seat 1: Wildingue76 (325)
Seat 2: _SKR (295)
Seat 3: Guitouyou12 (280)
*** ANTE/BLINDS ***
Guitouyou12 posts small blind 10
Wildingue76 posts big blind 20
Dealt to _SKR [8s 8h]
*** PRE-FLOP *** 
_SKR raises 275 to 295 and is all-in
Guitouyou12 folds
Wildingue76 folds
_SKR collected 325 from pot
*** SUMMARY ***
Total pot 325 | No rake
Seat 2: _SKR (button) won 325


Winamax Poker - Tournament "Expresso Nitro" buyIn: 0.93€ + 0.07€ level: 1 - HandId: #2729565451636965377-6-1676920334 - Holdem no limit (10/20) - 2023/02/20 19:12:14 UTC
Table: 'Expresso Nitro(635526481)#0' 3-max (real money) Seat #3 is the button
Seat 1: Wildingue76 (305)
Seat 2: _SKR (325)
Seat 3: Guitouyou12 (270)
*** ANTE/BLINDS ***
Wildingue76 posts small blind 10
_SKR posts big blind 20
Dealt to _SKR [6h 6s]
*** PRE-FLOP *** 
Guitouyou12 folds
Wildingue76 folds
_SKR collected 30 from pot
*** SUMMARY ***
Total pot 30 | No rake
Seat 2: _SKR (big blind) won 30


Winamax Poker - Tournament "Expresso Nitro" buyIn: 0.93€ + 0.07€ level: 1 - HandId: #2729565451636965377-7-1676920339 - Holdem no limit (10/20) - 2023/02/20 19:12:19 UTC
Table: 'Expresso Nitro(635526481)#0' 3-max (real money) Seat #1 is the button
Seat 1: Wildingue76 (295)
Seat 2: _SKR (335)
Seat 3: Guitouyou12 (270)
*** ANTE/BLINDS ***
_SKR posts small blind 10
Guitouyou12 posts big blind 20
Dealt to _SKR [Qh 8h]
*** PRE-FLOP *** 
Wildingue76 raises 275 to 295 and is all-in
_SKR folds
Guitouyou12 folds
Wildingue76 collected 325 from pot
*** SUMMARY ***
Total pot 325 | No rake
Seat 1: Wildingue76 (button) won 325


Winamax Poker - Tournament "Expresso Nitro" buyIn: 0.93€ + 0.07€ level: 2 - HandId: #2729565451636965377-8-1676920346 - Holdem no limit (15/30) - 2023/02/20 19:12:26 UTC
Table: 'Expresso Nitro(635526481)#0' 3-max (real money) Seat #2 is the button
Seat 1: Wildingue76 (325)
Seat 2: _SKR (325)
Seat 3: Guitouyou12 (250)
*** ANTE/BLINDS ***
Guitouyou12 posts small blind 15
Wildingue76 posts big blind 30
Dealt to _SKR [4c 2c]
*** PRE-FLOP *** 
_SKR folds
Guitouyou12 folds
Wildingue76 collected 45 from pot
*** SUMMARY ***
Total pot 45 | No rake
Seat 1: Wildingue76 (big blind) won 45


Winamax Poker - Tournament "Expresso Nitro" buyIn: 0.93€ + 0.07€ level: 2 - HandId: #2729565451636965377-9-1676920354 - Holdem no limit (15/30) - 2023/02/20 19:12:34 UTC
Table: 'Expresso Nitro(635526481)#0' 3-max (real money) Seat #3 is the button
Seat 1: Wildingue76 (340)
Seat 2: _SKR (325)
Seat 3: Guitouyou12 (235)
*** ANTE/BLINDS ***
Wildingue76 posts small blind 15
_SKR posts big blind 30
Dealt to _SKR [8s Jh]
*** PRE-FLOP *** 
Guitouyou12 folds
Wildingue76 folds
_SKR collected 45 from pot
*** SUMMARY ***
Total pot 45 | No rake
Seat 2: _SKR (big blind) won 45


Winamax Poker - Tournament "Expresso Nitro" buyIn: 0.93€ + 0.07€ level: 2 - HandId: #2729565451636965377-10-1676920359 - Holdem no limit (15/30) - 2023/02/20 19:12:39 UTC
Table: 'Expresso Nitro(635526481)#0' 3-max (real money) Seat #1 is the button
Seat 1: Wildingue76 (325)
Seat 2: _SKR (340)
Seat 3: Guitouyou12 (235)
*** ANTE/BLINDS ***
_SKR posts small blind 15
Guitouyou12 posts big blind 30
Dealt to _SKR [4d 5d]
*** PRE-FLOP *** 
Wildingue76 folds
_SKR folds
Guitouyou12 collected 45 from pot
*** SUMMARY ***
Total pot 45 | No rake
Seat 3: Guitouyou12 (big blind) won 45


Winamax Poker - Tournament "Expresso Nitro" buyIn: 0.93€ + 0.07€ level: 2 - HandId: #2729565451636965377-11-1676920365 - Holdem no limit (15/30) - 2023/02/20 19:12:45 UTC
Table: 'Expresso Nitro(635526481)#0' 3-max (real money) Seat #2 is the button
Seat 1: Wildingue76 (325)
Seat 2: _SKR (325)
Seat 3: Guitouyou12 (250)
*** ANTE/BLINDS ***
Guitouyou12 posts small blind 15
Wildingue76 posts big blind 30
Dealt to _SKR [Ac 3c]
*** PRE-FLOP *** 
_SKR raises 295 to 325 and is all-in
Guitouyou12 folds
Wildingue76 folds
_SKR collected 370 from pot
*** SUMMARY ***
Total pot 370 | No rake
Seat 2: _SKR (button) won 370


Winamax Poker - Tournament "Expresso Nitro" buyIn: 0.93€ + 0.07€ level: 2 - HandId: #2729565451636965377-12-1676920370 - Holdem no limit (15/30) - 2023/02/20 19:12:50 UTC
Table: 'Expresso Nitro(635526481)#0' 3-max (real money) Seat #3 is the button
Seat 1: Wildingue76 (295)
Seat 2: _SKR (370)
Seat 3: Guitouyou12 (235)
*** ANTE/BLINDS ***
Wildingue76 posts small blind 15
_SKR posts big blind 30
Dealt to _SKR [2d 8s]
*** PRE-FLOP *** 
Guitouyou12 folds
Wildingue76 raises 265 to 295 and is all-in
_SKR folds
Wildingue76 collected 325 from pot
*** SUMMARY ***
Total pot 325 | No rake
Seat 1: Wildingue76 (small blind) won 325


Winamax Poker - Tournament "Expresso Nitro" buyIn: 0.93€ + 0.07€ level: 2 - HandId: #2729565451636965377-13-1676920378 - Holdem no limit (15/30) - 2023/02/20 19:12:58 UTC
Table: 'Expresso Nitro(635526481)#0' 3-max (real money) Seat #1 is the button
Seat 1: Wildingue76 (325)
Seat 2: _SKR (340)
Seat 3: Guitouyou12 (235)
*** ANTE/BLINDS ***
_SKR posts small blind 15
Guitouyou12 posts big blind 30
Dealt to _SKR [7c 3c]
*** PRE-FLOP *** 
Wildingue76 folds
_SKR folds
Guitouyou12 collected 45 from pot
*** SUMMARY ***
Total pot 45 | No rake
Seat 3: Guitouyou12 (big blind) won 45


Winamax Poker - Tournament "Expresso Nitro" buyIn: 0.93€ + 0.07€ level: 2 - HandId: #2729565451636965377-14-1676920384 - Holdem no limit (15/30) - 2023/02/20 19:13:04 UTC
Table: 'Expresso Nitro(635526481)#0' 3-max (real money) Seat #2 is the button
Seat 1: Wildingue76 (325)
Seat 2: _SKR (325)
Seat 3: Guitouyou12 (250)
*** ANTE/BLINDS ***
Guitouyou12 posts small blind 15
Wildingue76 posts big blind 30
Dealt to _SKR [Qd 2h]
*** PRE-FLOP *** 
_SKR folds
Guitouyou12 folds
Wildingue76 collected 45 from pot
*** SUMMARY ***
Total pot 45 | No rake
Seat 1: Wildingue76 (big blind) won 45


Winamax Poker - Tournament "Expresso Nitro" buyIn: 0.93€ + 0.07€ level: 2 - HandId: #2729565451636965377-15-1676920388 - Holdem no limit (15/30) - 2023/02/20 19:13:08 UTC
Table: 'Expresso Nitro(635526481)#0' 3-max (real money) Seat #3 is the button
Seat 1: Wildingue76 (340)
Seat 2: _SKR (325)
Seat 3: Guitouyou12 (235)
*** ANTE/BLINDS ***
Wildingue76 posts small blind 15
_SKR posts big blind 30
Dealt to _SKR [7h 8d]
*** PRE-FLOP *** 
Guitouyou12 folds
Wildingue76 raises 310 to 340 and is all-in
_SKR folds
Wildingue76 collected 370 from pot
*** SUMMARY ***
Total pot 370 | No rake
Seat 1: Wildingue76 (small blind) won 370


Winamax Poker - Tournament "Expresso Nitro" buyIn: 0.93€ + 0.07€ level: 2 - HandId: #2729565451636965377-16-1676920395 - Holdem no limit (15/30) - 2023/02/20 19:13:15 UTC
Table: 'Expresso Nitro(635526481)#0' 3-max (real money) Seat #1 is the button
Seat 1: Wildingue76 (370)
Seat 2: _SKR (295)
Seat 3: Guitouyou12 (235)
*** ANTE/BLINDS ***
_SKR posts small blind 15
Guitouyou12 posts big blind 30
Dealt to _SKR [Ks Th]
*** PRE-FLOP *** 
Wildingue76 folds
_SKR raises 265 to 295 and is all-in
Guitouyou12 calls 205 and is all-in
*** FLOP *** [8s Td 5c]
*** TURN *** [8s Td 5c][Jh]
*** RIVER *** [8s Td 5c Jh][Ac]
*** SHOW DOWN ***
_SKR shows [Ks Th] (One pair : Tens)
Guitouyou12 shows [3c Ad] (One pair : Aces)
Guitouyou12 collected 470 from main pot
_SKR collected 60 from side pot 1
*** SUMMARY ***
Total pot 530 | No rake
Board: [8s Td 5c Jh Ac]
Seat 2: _SKR (small blind) showed [Ks Th] and won 60 with One pair : Tens
Seat 3: Guitouyou12 (big blind) showed [3c Ad] and won 470 with One pair : Aces


Winamax Poker - Tournament "Expresso Nitro" buyIn: 0.93€ + 0.07€ level: 3 - HandId: #2729565451636965377-17-1676920409 - Holdem no limit (20/40) - 2023/02/20 19:13:29 UTC
Table: 'Expresso Nitro(635526481)#0' 3-max (real money) Seat #2 is the button
Seat 1: Wildingue76 (370)
Seat 2: _SKR (60)
Seat 3: Guitouyou12 (470)
*** ANTE/BLINDS ***
Guitouyou12 posts small blind 20
Wildingue76 posts big blind 40
Dealt to _SKR [7s 6c]
*** PRE-FLOP *** 
_SKR folds
Guitouyou12 folds
Wildingue76 collected 60 from pot
*** SUMMARY ***
Total pot 60 | No rake
Seat 1: Wildingue76 (big blind) won 60


Winamax Poker - Tournament "Expresso Nitro" buyIn: 0.93€ + 0.07€ level: 3 - HandId: #2729565451636965377-18-1676920414 - Holdem no limit (20/40) - 2023/02/20 19:13:34 UTC
Table: 'Expresso Nitro(635526481)#0' 3-max (real money) Seat #3 is the button
Seat 1: Wildingue76 (390)
Seat 2: _SKR (60)
Seat 3: Guitouyou12 (450)
*** ANTE/BLINDS ***
Wildingue76 posts small blind 20
_SKR posts big blind 40
Dealt to _SKR [Qd 2c]
*** PRE-FLOP *** 
Guitouyou12 folds
Wildingue76 folds
_SKR collected 60 from pot
*** SUMMARY ***
Total pot 60 | No rake
Seat 2: _SKR (big blind) won 60


Winamax Poker - Tournament "Expresso Nitro" buyIn: 0.93€ + 0.07€ level: 3 - HandId: #2729565451636965377-19-1676920419 - Holdem no limit (20/40) - 2023/02/20 19:13:39 UTC
Table: 'Expresso Nitro(635526481)#0' 3-max (real money) Seat #1 is the button
Seat 1: Wildingue76 (370)
Seat 2: _SKR (80)
Seat 3: Guitouyou12 (450)
*** ANTE/BLINDS ***
_SKR posts small blind 20
Guitouyou12 posts big blind 40
Dealt to _SKR [Ac Ad]
*** PRE-FLOP *** 
Wildingue76 folds
_SKR raises 40 to 80 and is all-in
Guitouyou12 calls 40
*** FLOP *** [Kd 5d Qd]
*** TURN *** [Kd 5d Qd][6d]
*** RIVER *** [Kd 5d Qd 6d][6c]
*** SHOW DOWN ***
Guitouyou12 shows [7c Jd] (Flush King high)
_SKR shows [Ac Ad] (Flush Ace high)
_SKR collected 160 from pot
*** SUMMARY ***
Total pot 160 | No rake
Board: [Kd 5d Qd 6d 6c]
Seat 2: _SKR (small blind) showed [Ac Ad] and won 160 with Flush Ace high
Seat 3: Guitouyou12 (big blind) showed [7c Jd] and lost with Flush King high


Winamax Poker - Tournament "Expresso Nitro" buyIn: 0.93€ + 0.07€ level: 3 - HandId: #2729565451636965377-20-1676920434 - Holdem no limit (20/40) - 2023/02/20 19:13:54 UTC
Table: 'Expresso Nitro(635526481)#0' 3-max (real money) Seat #2 is the button
Seat 1: Wildingue76 (370)
Seat 2: _SKR (160)
Seat 3: Guitouyou12 (370)
*** ANTE/BLINDS ***
Guitouyou12 posts small blind 20
Wildingue76 posts big blind 40
Dealt to _SKR [5c 2c]
*** PRE-FLOP *** 
_SKR folds
Guitouyou12 calls 20
Wildingue76 checks
*** FLOP *** [Js 3d 2h]
Guitouyou12 checks
Wildingue76 checks
*** TURN *** [Js 3d 2h][Jd]
Guitouyou12 checks
Wildingue76 checks
*** RIVER *** [Js 3d 2h Jd][7h]
Guitouyou12 checks
Wildingue76 checks
*** SHOW DOWN ***
Wildingue76 shows [8s 5d] (One pair : Jacks)
Guitouyou12 shows [Qs 8c] (One pair : Jacks)
Guitouyou12 collected 80 from pot
*** SUMMARY ***
Total pot 80 | No rake
Board: [Js 3d 2h Jd 7h]
Seat 1: Wildingue76 (big blind) showed [8s 5d] and lost with One pair : Jacks
Seat 3: Guitouyou12 (small blind) showed [Qs 8c] and won 80 with One pair : Jacks


Winamax Poker - Tournament "Expresso Nitro" buyIn: 0.93€ + 0.07€ level: 3 - HandId: #2729565451636965377-21-1676920455 - Holdem no limit (20/40) - 2023/02/20 19:14:15 UTC
Table: 'Expresso Nitro(635526481)#0' 3-max (real money) Seat #3 is the button
Seat 1: Wildingue76 (330)
Seat 2: _SKR (160)
Seat 3: Guitouyou12 (410)
*** ANTE/BLINDS ***
Wildingue76 posts small blind 20
_SKR posts big blind 40
Dealt to _SKR [2s Jd]
*** PRE-FLOP *** 
Guitouyou12 folds
Wildingue76 folds
_SKR collected 60 from pot
*** SUMMARY ***
Total pot 60 | No rake
Seat 2: _SKR (big blind) won 60


Winamax Poker - Tournament "Expresso Nitro" buyIn: 0.93€ + 0.07€ level: 3 - HandId: #2729565451636965377-22-1676920460 - Holdem no limit (20/40) - 2023/02/20 19:14:20 UTC
Table: 'Expresso Nitro(635526481)#0' 3-max (real money) Seat #1 is the button
Seat 1: Wildingue76 (310)
Seat 2: _SKR (180)
Seat 3: Guitouyou12 (410)
*** ANTE/BLINDS ***
_SKR posts small blind 20
Guitouyou12 posts big blind 40
Dealt to _SKR [3c 2c]
*** PRE-FLOP *** 
Wildingue76 raises 270 to 310 and is all-in
_SKR folds
Guitouyou12 folds
Wildingue76 collected 370 from pot
*** SUMMARY ***
Total pot 370 | No rake
Seat 1: Wildingue76 (button) won 370


Winamax Poker - Tournament "Expresso Nitro" buyIn: 0.93€ + 0.07€ level: 4 - HandId: #2729565451636965377-23-1676920471 - Holdem no limit (30/60) - 2023/02/20 19:14:31 UTC
Table: 'Expresso Nitro(635526481)#0' 3-max (real money) Seat #2 is the button
Seat 1: Wildingue76 (370)
Seat 2: _SKR (160)
Seat 3: Guitouyou12 (370)
*** ANTE/BLINDS ***
Guitouyou12 posts small blind 30
Wildingue76 posts big blind 60
Dealt to _SKR [Ks 6h]
*** PRE-FLOP *** 
_SKR raises 100 to 160 and is all-in
Guitouyou12 calls 130
Wildingue76 raises 210 to 370 and is all-in
Guitouyou12 calls 210 and is all-in
*** FLOP *** [4h 8h 5c]
*** TURN *** [4h 8h 5c][Tc]
*** RIVER *** [4h 8h 5c Tc][9c]
*** SHOW DOWN ***
Wildingue76 shows [As Js] (High card : Ace)
_SKR shows [Ks 6h] (High card : King)
Guitouyou12 shows [Qd Th] (One pair : Tens)
Guitouyou12 collected 900 from pot
*** SUMMARY ***
Total pot 900 | No rake
Board: [4h 8h 5c Tc 9c]
Seat 1: Wildingue76 (big blind) showed [As Js] and lost with High card : Ace
Seat 2: _SKR (button) showed [Ks 6h] and lost with High card : King
Seat 3: Guitouyou12 (small blind) showed [Qd Th] and won 900 with One pair : Tens


