Winamax Poker - Tournament "Expresso Nitro" buyIn: 0.93€ + 0.07€ level: 1 - HandId: #2717612750925725697-1-1676228878 - Holdem no limit (10/20) - 2023/02/12 19:07:58 UTC
Table: 'Expresso Nitro(632743526)#0' 3-max (real money) Seat #2 is the button
Seat 1: eteige (300)
Seat 2: plata0pl0mO (300)
Seat 3: _SKR (300)
*** ANTE/BLINDS ***
_SKR posts small blind 10
eteige posts big blind 20
Dealt to _SKR [As 5c]
*** PRE-FLOP *** 
plata0pl0mO calls 20
_SKR raises 280 to 300 and is all-in
eteige folds
plata0pl0mO folds
_SKR collected 340 from pot
*** SUMMARY ***
Total pot 340 | No rake
Seat 3: _SKR (small blind) won 340


Winamax Poker - Tournament "Expresso Nitro" buyIn: 0.93€ + 0.07€ level: 1 - HandId: #2717612750925725697-2-1676228886 - Holdem no limit (10/20) - 2023/02/12 19:08:06 UTC
Table: 'Expresso Nitro(632743526)#0' 3-max (real money) Seat #3 is the button
Seat 1: eteige (280)
Seat 2: plata0pl0mO (280)
Seat 3: _SKR (340)
*** ANTE/BLINDS ***
eteige posts small blind 10
plata0pl0mO posts big blind 20
Dealt to _SKR [Qc 6h]
*** PRE-FLOP *** 
_SKR folds
eteige raises 260 to 280 and is all-in
plata0pl0mO calls 260 and is all-in
*** FLOP *** [7c Tc 4h]
*** TURN *** [7c Tc 4h][Qd]
*** RIVER *** [7c Tc 4h Qd][2h]
*** SHOW DOWN ***
eteige shows [5c 5h] (One pair : 5)
plata0pl0mO shows [Kc Qs] (One pair : Queens)
plata0pl0mO collected 560 from pot
*** SUMMARY ***
Total pot 560 | No rake
Board: [7c Tc 4h Qd 2h]
Seat 1: eteige (small blind) showed [5c 5h] and lost with One pair : 5
Seat 2: plata0pl0mO (big blind) showed [Kc Qs] and won 560 with One pair : Queens


Winamax Poker - Tournament "Expresso Nitro" buyIn: 0.93€ + 0.07€ level: 1 - HandId: #2717612750925725697-3-1676228899 - Holdem no limit (10/20) - 2023/02/12 19:08:19 UTC
Table: 'Expresso Nitro(632743526)#0' 3-max (real money) Seat #2 is the button
Seat 2: plata0pl0mO (560)
Seat 3: _SKR (340)
*** ANTE/BLINDS ***
plata0pl0mO posts small blind 10
_SKR posts big blind 20
Dealt to _SKR [Th Tc]
*** PRE-FLOP *** 
plata0pl0mO folds
_SKR collected 30 from pot
*** SUMMARY ***
Total pot 30 | No rake
Seat 3: _SKR (big blind) won 30


Winamax Poker - Tournament "Expresso Nitro" buyIn: 0.93€ + 0.07€ level: 1 - HandId: #2717612750925725697-4-1676228903 - Holdem no limit (10/20) - 2023/02/12 19:08:23 UTC
Table: 'Expresso Nitro(632743526)#0' 3-max (real money) Seat #3 is the button
Seat 2: plata0pl0mO (550)
Seat 3: _SKR (350)
*** ANTE/BLINDS ***
_SKR posts small blind 10
plata0pl0mO posts big blind 20
Dealt to _SKR [8h 9s]
*** PRE-FLOP *** 
_SKR folds
plata0pl0mO collected 30 from pot
*** SUMMARY ***
Total pot 30 | No rake
Seat 2: plata0pl0mO (big blind) won 30


Winamax Poker - Tournament "Expresso Nitro" buyIn: 0.93€ + 0.07€ level: 1 - HandId: #2717612750925725697-5-1676228910 - Holdem no limit (10/20) - 2023/02/12 19:08:30 UTC
Table: 'Expresso Nitro(632743526)#0' 3-max (real money) Seat #2 is the button
Seat 2: plata0pl0mO (560)
Seat 3: _SKR (340)
*** ANTE/BLINDS ***
plata0pl0mO posts small blind 10
_SKR posts big blind 20
Dealt to _SKR [Ah Th]
*** PRE-FLOP *** 
plata0pl0mO folds
_SKR collected 30 from pot
*** SUMMARY ***
Total pot 30 | No rake
Seat 3: _SKR (big blind) won 30


Winamax Poker - Tournament "Expresso Nitro" buyIn: 0.93€ + 0.07€ level: 1 - HandId: #2717612750925725697-6-1676228913 - Holdem no limit (10/20) - 2023/02/12 19:08:33 UTC
Table: 'Expresso Nitro(632743526)#0' 3-max (real money) Seat #3 is the button
Seat 2: plata0pl0mO (550)
Seat 3: _SKR (350)
*** ANTE/BLINDS ***
_SKR posts small blind 10
plata0pl0mO posts big blind 20
Dealt to _SKR [Ah 6h]
*** PRE-FLOP *** 
_SKR raises 330 to 350 and is all-in
plata0pl0mO folds
_SKR collected 370 from pot
*** SUMMARY ***
Total pot 370 | No rake
Seat 3: _SKR (small blind) (button) won 370


Winamax Poker - Tournament "Expresso Nitro" buyIn: 0.93€ + 0.07€ level: 1 - HandId: #2717612750925725697-7-1676228921 - Holdem no limit (10/20) - 2023/02/12 19:08:41 UTC
Table: 'Expresso Nitro(632743526)#0' 3-max (real money) Seat #2 is the button
Seat 2: plata0pl0mO (530)
Seat 3: _SKR (370)
*** ANTE/BLINDS ***
plata0pl0mO posts small blind 10
_SKR posts big blind 20
Dealt to _SKR [9d 3d]
*** PRE-FLOP *** 
plata0pl0mO folds
_SKR collected 30 from pot
*** SUMMARY ***
Total pot 30 | No rake
Seat 3: _SKR (big blind) won 30


Winamax Poker - Tournament "Expresso Nitro" buyIn: 0.93€ + 0.07€ level: 1 - HandId: #2717612750925725697-8-1676228924 - Holdem no limit (10/20) - 2023/02/12 19:08:44 UTC
Table: 'Expresso Nitro(632743526)#0' 3-max (real money) Seat #3 is the button
Seat 2: plata0pl0mO (520)
Seat 3: _SKR (380)
*** ANTE/BLINDS ***
_SKR posts small blind 10
plata0pl0mO posts big blind 20
Dealt to _SKR [4c Tc]
*** PRE-FLOP *** 
_SKR folds
plata0pl0mO collected 30 from pot
*** SUMMARY ***
Total pot 30 | No rake
Seat 2: plata0pl0mO (big blind) won 30


Winamax Poker - Tournament "Expresso Nitro" buyIn: 0.93€ + 0.07€ level: 1 - HandId: #2717612750925725697-9-1676228932 - Holdem no limit (10/20) - 2023/02/12 19:08:52 UTC
Table: 'Expresso Nitro(632743526)#0' 3-max (real money) Seat #2 is the button
Seat 2: plata0pl0mO (530)
Seat 3: _SKR (370)
*** ANTE/BLINDS ***
plata0pl0mO posts small blind 10
_SKR posts big blind 20
Dealt to _SKR [9c 6d]
*** PRE-FLOP *** 
plata0pl0mO calls 10
_SKR checks
*** FLOP *** [9h Ac 7d]
_SKR checks
plata0pl0mO bets 40
_SKR calls 40
*** TURN *** [9h Ac 7d][As]
_SKR checks
plata0pl0mO bets 42
_SKR calls 42
*** RIVER *** [9h Ac 7d As][2s]
_SKR checks
plata0pl0mO bets 133
_SKR calls 133
*** SHOW DOWN ***
plata0pl0mO shows [9d 7s] (Two pairs : Aces and 9)
_SKR shows [9c 6d] (Two pairs : Aces and 9)
_SKR collected 235 from pot
plata0pl0mO collected 235 from pot
*** SUMMARY ***
Total pot 470 | No rake
Board: [9h Ac 7d As 2s]
Seat 2: plata0pl0mO (small blind) (button) showed [9d 7s] and won 235 with Two pairs : Aces and 9
Seat 3: _SKR (big blind) showed [9c 6d] and won 235 with Two pairs : Aces and 9


Winamax Poker - Tournament "Expresso Nitro" buyIn: 0.93€ + 0.07€ level: 2 - HandId: #2717612750925725697-10-1676228950 - Holdem no limit (15/30) - 2023/02/12 19:09:10 UTC
Table: 'Expresso Nitro(632743526)#0' 3-max (real money) Seat #3 is the button
Seat 2: plata0pl0mO (530)
Seat 3: _SKR (370)
*** ANTE/BLINDS ***
_SKR posts small blind 15
plata0pl0mO posts big blind 30
Dealt to _SKR [Js 9h]
*** PRE-FLOP *** 
_SKR raises 340 to 370 and is all-in
plata0pl0mO folds
_SKR collected 400 from pot
*** SUMMARY ***
Total pot 400 | No rake
Seat 3: _SKR (small blind) (button) won 400


Winamax Poker - Tournament "Expresso Nitro" buyIn: 0.93€ + 0.07€ level: 2 - HandId: #2717612750925725697-11-1676228955 - Holdem no limit (15/30) - 2023/02/12 19:09:15 UTC
Table: 'Expresso Nitro(632743526)#0' 3-max (real money) Seat #2 is the button
Seat 2: plata0pl0mO (500)
Seat 3: _SKR (400)
*** ANTE/BLINDS ***
plata0pl0mO posts small blind 15
_SKR posts big blind 30
Dealt to _SKR [2h 8d]
*** PRE-FLOP *** 
plata0pl0mO raises 30 to 60
_SKR folds
plata0pl0mO collected 90 from pot
*** SUMMARY ***
Total pot 90 | No rake
Seat 2: plata0pl0mO (small blind) (button) won 90


Winamax Poker - Tournament "Expresso Nitro" buyIn: 0.93€ + 0.07€ level: 2 - HandId: #2717612750925725697-12-1676228971 - Holdem no limit (15/30) - 2023/02/12 19:09:31 UTC
Table: 'Expresso Nitro(632743526)#0' 3-max (real money) Seat #3 is the button
Seat 2: plata0pl0mO (530)
Seat 3: _SKR (370)
*** ANTE/BLINDS ***
_SKR posts small blind 15
plata0pl0mO posts big blind 30
Dealt to _SKR [9d Qd]
*** PRE-FLOP *** 
_SKR raises 340 to 370 and is all-in
plata0pl0mO folds
_SKR collected 400 from pot
*** SUMMARY ***
Total pot 400 | No rake
Seat 3: _SKR (small blind) (button) won 400


Winamax Poker - Tournament "Expresso Nitro" buyIn: 0.93€ + 0.07€ level: 2 - HandId: #2717612750925725697-13-1676228976 - Holdem no limit (15/30) - 2023/02/12 19:09:36 UTC
Table: 'Expresso Nitro(632743526)#0' 3-max (real money) Seat #2 is the button
Seat 2: plata0pl0mO (500)
Seat 3: _SKR (400)
*** ANTE/BLINDS ***
plata0pl0mO posts small blind 15
_SKR posts big blind 30
Dealt to _SKR [7c As]
*** PRE-FLOP *** 
plata0pl0mO calls 15
_SKR raises 370 to 400 and is all-in
plata0pl0mO folds
_SKR collected 430 from pot
*** SUMMARY ***
Total pot 430 | No rake
Seat 3: _SKR (big blind) won 430


Winamax Poker - Tournament "Expresso Nitro" buyIn: 0.93€ + 0.07€ level: 2 - HandId: #2717612750925725697-14-1676228983 - Holdem no limit (15/30) - 2023/02/12 19:09:43 UTC
Table: 'Expresso Nitro(632743526)#0' 3-max (real money) Seat #3 is the button
Seat 2: plata0pl0mO (470)
Seat 3: _SKR (430)
*** ANTE/BLINDS ***
_SKR posts small blind 15
plata0pl0mO posts big blind 30
Dealt to _SKR [Js Qh]
*** PRE-FLOP *** 
_SKR raises 30 to 60
plata0pl0mO raises 410 to 470 and is all-in
_SKR folds
plata0pl0mO collected 530 from pot
*** SUMMARY ***
Total pot 530 | No rake
Seat 2: plata0pl0mO (big blind) won 530


Winamax Poker - Tournament "Expresso Nitro" buyIn: 0.93€ + 0.07€ level: 3 - HandId: #2717612750925725697-15-1676228997 - Holdem no limit (20/40) - 2023/02/12 19:09:57 UTC
Table: 'Expresso Nitro(632743526)#0' 3-max (real money) Seat #2 is the button
Seat 2: plata0pl0mO (530)
Seat 3: _SKR (370)
*** ANTE/BLINDS ***
plata0pl0mO posts small blind 20
_SKR posts big blind 40
Dealt to _SKR [Th 8d]
*** PRE-FLOP *** 
plata0pl0mO folds
_SKR collected 60 from pot
*** SUMMARY ***
Total pot 60 | No rake
Seat 3: _SKR (big blind) won 60


Winamax Poker - Tournament "Expresso Nitro" buyIn: 0.93€ + 0.07€ level: 3 - HandId: #2717612750925725697-16-1676229000 - Holdem no limit (20/40) - 2023/02/12 19:10:00 UTC
Table: 'Expresso Nitro(632743526)#0' 3-max (real money) Seat #3 is the button
Seat 2: plata0pl0mO (510)
Seat 3: _SKR (390)
*** ANTE/BLINDS ***
_SKR posts small blind 20
plata0pl0mO posts big blind 40
Dealt to _SKR [4d 5s]
*** PRE-FLOP *** 
_SKR folds
plata0pl0mO collected 60 from pot
*** SUMMARY ***
Total pot 60 | No rake
Seat 2: plata0pl0mO (big blind) won 60


Winamax Poker - Tournament "Expresso Nitro" buyIn: 0.93€ + 0.07€ level: 3 - HandId: #2717612750925725697-17-1676229006 - Holdem no limit (20/40) - 2023/02/12 19:10:06 UTC
Table: 'Expresso Nitro(632743526)#0' 3-max (real money) Seat #2 is the button
Seat 2: plata0pl0mO (530)
Seat 3: _SKR (370)
*** ANTE/BLINDS ***
plata0pl0mO posts small blind 20
_SKR posts big blind 40
Dealt to _SKR [2c Td]
*** PRE-FLOP *** 
plata0pl0mO raises 490 to 530 and is all-in
_SKR folds
plata0pl0mO collected 570 from pot
*** SUMMARY ***
Total pot 570 | No rake
Seat 2: plata0pl0mO (small blind) (button) won 570


Winamax Poker - Tournament "Expresso Nitro" buyIn: 0.93€ + 0.07€ level: 3 - HandId: #2717612750925725697-18-1676229011 - Holdem no limit (20/40) - 2023/02/12 19:10:11 UTC
Table: 'Expresso Nitro(632743526)#0' 3-max (real money) Seat #3 is the button
Seat 2: plata0pl0mO (570)
Seat 3: _SKR (330)
*** ANTE/BLINDS ***
_SKR posts small blind 20
plata0pl0mO posts big blind 40
Dealt to _SKR [2d Th]
*** PRE-FLOP *** 
_SKR folds
plata0pl0mO collected 60 from pot
*** SUMMARY ***
Total pot 60 | No rake
Seat 2: plata0pl0mO (big blind) won 60


Winamax Poker - Tournament "Expresso Nitro" buyIn: 0.93€ + 0.07€ level: 3 - HandId: #2717612750925725697-19-1676229015 - Holdem no limit (20/40) - 2023/02/12 19:10:15 UTC
Table: 'Expresso Nitro(632743526)#0' 3-max (real money) Seat #2 is the button
Seat 2: plata0pl0mO (590)
Seat 3: _SKR (310)
*** ANTE/BLINDS ***
plata0pl0mO posts small blind 20
_SKR posts big blind 40
Dealt to _SKR [7s 3h]
*** PRE-FLOP *** 
plata0pl0mO raises 550 to 590 and is all-in
_SKR folds
plata0pl0mO collected 630 from pot
*** SUMMARY ***
Total pot 630 | No rake
Seat 2: plata0pl0mO (small blind) (button) won 630


Winamax Poker - Tournament "Expresso Nitro" buyIn: 0.93€ + 0.07€ level: 3 - HandId: #2717612750925725697-20-1676229024 - Holdem no limit (20/40) - 2023/02/12 19:10:24 UTC
Table: 'Expresso Nitro(632743526)#0' 3-max (real money) Seat #3 is the button
Seat 2: plata0pl0mO (630)
Seat 3: _SKR (270)
*** ANTE/BLINDS ***
_SKR posts small blind 20
plata0pl0mO posts big blind 40
Dealt to _SKR [Kd 5c]
*** PRE-FLOP *** 
_SKR raises 230 to 270 and is all-in
plata0pl0mO calls 230
*** FLOP *** [3s 8d As]
*** TURN *** [3s 8d As][8h]
*** RIVER *** [3s 8d As 8h][Ah]
*** SHOW DOWN ***
plata0pl0mO shows [Kh Qs] (Two pairs : Aces and 8)
_SKR shows [Kd 5c] (Two pairs : Aces and 8)
_SKR collected 270 from pot
plata0pl0mO collected 270 from pot
*** SUMMARY ***
Total pot 540 | No rake
Board: [3s 8d As 8h Ah]
Seat 2: plata0pl0mO (big blind) showed [Kh Qs] and won 270 with Two pairs : Aces and 8
Seat 3: _SKR (small blind) (button) showed [Kd 5c] and won 270 with Two pairs : Aces and 8


Winamax Poker - Tournament "Expresso Nitro" buyIn: 0.93€ + 0.07€ level: 3 - HandId: #2717612750925725697-21-1676229034 - Holdem no limit (20/40) - 2023/02/12 19:10:34 UTC
Table: 'Expresso Nitro(632743526)#0' 3-max (real money) Seat #2 is the button
Seat 2: plata0pl0mO (630)
Seat 3: _SKR (270)
*** ANTE/BLINDS ***
plata0pl0mO posts small blind 20
_SKR posts big blind 40
Dealt to _SKR [2h Kc]
*** PRE-FLOP *** 
plata0pl0mO raises 80 to 120
_SKR raises 150 to 270 and is all-in
plata0pl0mO calls 150
*** FLOP *** [6h Ts 3h]
*** TURN *** [6h Ts 3h][8h]
*** RIVER *** [6h Ts 3h 8h][9s]
*** SHOW DOWN ***
_SKR shows [2h Kc] (High card : King)
plata0pl0mO shows [Qc Tc] (One pair : Tens)
plata0pl0mO collected 540 from pot
*** SUMMARY ***
Total pot 540 | No rake
Board: [6h Ts 3h 8h 9s]
Seat 2: plata0pl0mO (small blind) (button) showed [Qc Tc] and won 540 with One pair : Tens
Seat 3: _SKR (big blind) showed [2h Kc] and lost with High card : King


