Winamax Poker - Tournament "Expresso Nitro" buyIn: 1.86€ + 0.14€ level: 1 - HandId: #2696854740192460801-1-1675100760 - Holdem no limit (10/20) - 2023/01/30 17:46:00 UTC
Table: 'Expresso Nitro(627910425)#0' 3-max (real money) Seat #1 is the button
Seat 1: Kakawuet93 (300)
Seat 2: _SKR (300)
Seat 3: flamixx13 (300)
*** ANTE/BLINDS ***
_SKR posts small blind 10
flamixx13 posts big blind 20
Dealt to _SKR [4c Jc]
*** PRE-FLOP *** 
Kakawuet93 calls 20
_SKR folds
flamixx13 checks
*** FLOP *** [6s Js 6h]
flamixx13 checks
Kakawuet93 checks
*** TURN *** [6s Js 6h][7h]
flamixx13 checks
Kakawuet93 bets 280 and is all-in
flamixx13 folds
Kakawuet93 collected 330 from pot
*** SUMMARY ***
Total pot 330 | No rake
Board: [6s Js 6h 7h]
Seat 1: Kakawuet93 (button) won 330


Winamax Poker - Tournament "Expresso Nitro" buyIn: 1.86€ + 0.14€ level: 1 - HandId: #2696854740192460801-2-1675100800 - Holdem no limit (10/20) - 2023/01/30 17:46:40 UTC
Table: 'Expresso Nitro(627910425)#0' 3-max (real money) Seat #2 is the button
Seat 1: Kakawuet93 (330)
Seat 2: _SKR (290)
Seat 3: flamixx13 (280)
*** ANTE/BLINDS ***
flamixx13 posts small blind 10
Kakawuet93 posts big blind 20
Dealt to _SKR [8d 3h]
*** PRE-FLOP *** 
_SKR folds
flamixx13 raises 40 to 60
Kakawuet93 folds
flamixx13 collected 80 from pot
*** SUMMARY ***
Total pot 80 | No rake
Seat 3: flamixx13 (small blind) won 80


Winamax Poker - Tournament "Expresso Nitro" buyIn: 1.86€ + 0.14€ level: 1 - HandId: #2696854740192460801-3-1675100810 - Holdem no limit (10/20) - 2023/01/30 17:46:50 UTC
Table: 'Expresso Nitro(627910425)#0' 3-max (real money) Seat #3 is the button
Seat 1: Kakawuet93 (310)
Seat 2: _SKR (290)
Seat 3: flamixx13 (300)
*** ANTE/BLINDS ***
Kakawuet93 posts small blind 10
_SKR posts big blind 20
Dealt to _SKR [Kd 4h]
*** PRE-FLOP *** 
flamixx13 raises 20 to 40
Kakawuet93 folds
_SKR folds
flamixx13 collected 70 from pot
*** SUMMARY ***
Total pot 70 | No rake
Seat 3: flamixx13 (button) won 70


Winamax Poker - Tournament "Expresso Nitro" buyIn: 1.86€ + 0.14€ level: 2 - HandId: #2696854740192460801-4-1675100819 - Holdem no limit (15/30) - 2023/01/30 17:46:59 UTC
Table: 'Expresso Nitro(627910425)#0' 3-max (real money) Seat #1 is the button
Seat 1: Kakawuet93 (300)
Seat 2: _SKR (270)
Seat 3: flamixx13 (330)
*** ANTE/BLINDS ***
_SKR posts small blind 15
flamixx13 posts big blind 30
Dealt to _SKR [8d 2s]
*** PRE-FLOP *** 
Kakawuet93 raises 270 to 300 and is all-in
_SKR folds
flamixx13 folds
Kakawuet93 collected 345 from pot
*** SUMMARY ***
Total pot 345 | No rake
Seat 1: Kakawuet93 (button) won 345


Winamax Poker - Tournament "Expresso Nitro" buyIn: 1.86€ + 0.14€ level: 2 - HandId: #2696854740192460801-5-1675100829 - Holdem no limit (15/30) - 2023/01/30 17:47:09 UTC
Table: 'Expresso Nitro(627910425)#0' 3-max (real money) Seat #2 is the button
Seat 1: Kakawuet93 (345)
Seat 2: _SKR (255)
Seat 3: flamixx13 (300)
*** ANTE/BLINDS ***
flamixx13 posts small blind 15
Kakawuet93 posts big blind 30
Dealt to _SKR [6d 9c]
*** PRE-FLOP *** 
_SKR folds
flamixx13 folds
Kakawuet93 collected 45 from pot
*** SUMMARY ***
Total pot 45 | No rake
Seat 1: Kakawuet93 (big blind) won 45


Winamax Poker - Tournament "Expresso Nitro" buyIn: 1.86€ + 0.14€ level: 2 - HandId: #2696854740192460801-6-1675100835 - Holdem no limit (15/30) - 2023/01/30 17:47:15 UTC
Table: 'Expresso Nitro(627910425)#0' 3-max (real money) Seat #3 is the button
Seat 1: Kakawuet93 (360)
Seat 2: _SKR (255)
Seat 3: flamixx13 (285)
*** ANTE/BLINDS ***
Kakawuet93 posts small blind 15
_SKR posts big blind 30
Dealt to _SKR [3s 2c]
*** PRE-FLOP *** 
flamixx13 calls 30
Kakawuet93 calls 15
_SKR checks
*** FLOP *** [Ac Ah Qd]
Kakawuet93 checks
_SKR checks
flamixx13 bets 30
Kakawuet93 folds
_SKR folds
flamixx13 collected 120 from pot
*** SUMMARY ***
Total pot 120 | No rake
Board: [Ac Ah Qd]
Seat 3: flamixx13 (button) won 120


Winamax Poker - Tournament "Expresso Nitro" buyIn: 1.86€ + 0.14€ level: 2 - HandId: #2696854740192460801-7-1675100865 - Holdem no limit (15/30) - 2023/01/30 17:47:45 UTC
Table: 'Expresso Nitro(627910425)#0' 3-max (real money) Seat #1 is the button
Seat 1: Kakawuet93 (330)
Seat 2: _SKR (225)
Seat 3: flamixx13 (345)
*** ANTE/BLINDS ***
_SKR posts small blind 15
flamixx13 posts big blind 30
Dealt to _SKR [3c Qc]
*** PRE-FLOP *** 
Kakawuet93 folds
_SKR folds
flamixx13 collected 45 from pot
*** SUMMARY ***
Total pot 45 | No rake
Seat 3: flamixx13 (big blind) won 45


Winamax Poker - Tournament "Expresso Nitro" buyIn: 1.86€ + 0.14€ level: 3 - HandId: #2696854740192460801-8-1675100876 - Holdem no limit (20/40) - 2023/01/30 17:47:56 UTC
Table: 'Expresso Nitro(627910425)#0' 3-max (real money) Seat #2 is the button
Seat 1: Kakawuet93 (330)
Seat 2: _SKR (210)
Seat 3: flamixx13 (360)
*** ANTE/BLINDS ***
flamixx13 posts small blind 20
Kakawuet93 posts big blind 40
Dealt to _SKR [4s 4c]
*** PRE-FLOP *** 
_SKR raises 170 to 210 and is all-in
flamixx13 folds
Kakawuet93 folds
_SKR collected 270 from pot
*** SUMMARY ***
Total pot 270 | No rake
Seat 2: _SKR (button) won 270


Winamax Poker - Tournament "Expresso Nitro" buyIn: 1.86€ + 0.14€ level: 3 - HandId: #2696854740192460801-9-1675100886 - Holdem no limit (20/40) - 2023/01/30 17:48:06 UTC
Table: 'Expresso Nitro(627910425)#0' 3-max (real money) Seat #3 is the button
Seat 1: Kakawuet93 (290)
Seat 2: _SKR (270)
Seat 3: flamixx13 (340)
*** ANTE/BLINDS ***
Kakawuet93 posts small blind 20
_SKR posts big blind 40
Dealt to _SKR [As 9d]
*** PRE-FLOP *** 
flamixx13 folds
Kakawuet93 folds
_SKR collected 60 from pot
*** SUMMARY ***
Total pot 60 | No rake
Seat 2: _SKR (big blind) won 60


Winamax Poker - Tournament "Expresso Nitro" buyIn: 1.86€ + 0.14€ level: 3 - HandId: #2696854740192460801-10-1675100892 - Holdem no limit (20/40) - 2023/01/30 17:48:12 UTC
Table: 'Expresso Nitro(627910425)#0' 3-max (real money) Seat #1 is the button
Seat 1: Kakawuet93 (270)
Seat 2: _SKR (290)
Seat 3: flamixx13 (340)
*** ANTE/BLINDS ***
_SKR posts small blind 20
flamixx13 posts big blind 40
Dealt to _SKR [2d Th]
*** PRE-FLOP *** 
Kakawuet93 raises 230 to 270 and is all-in
_SKR folds
flamixx13 folds
Kakawuet93 collected 330 from pot
*** SUMMARY ***
Total pot 330 | No rake
Seat 1: Kakawuet93 (button) won 330


Winamax Poker - Tournament "Expresso Nitro" buyIn: 1.86€ + 0.14€ level: 3 - HandId: #2696854740192460801-11-1675100902 - Holdem no limit (20/40) - 2023/01/30 17:48:22 UTC
Table: 'Expresso Nitro(627910425)#0' 3-max (real money) Seat #2 is the button
Seat 1: Kakawuet93 (330)
Seat 2: _SKR (270)
Seat 3: flamixx13 (300)
*** ANTE/BLINDS ***
flamixx13 posts small blind 20
Kakawuet93 posts big blind 40
Dealt to _SKR [9h Qc]
*** PRE-FLOP *** 
_SKR folds
flamixx13 folds
Kakawuet93 collected 60 from pot
*** SUMMARY ***
Total pot 60 | No rake
Seat 1: Kakawuet93 (big blind) won 60


Winamax Poker - Tournament "Expresso Nitro" buyIn: 1.86€ + 0.14€ level: 3 - HandId: #2696854740192460801-12-1675100907 - Holdem no limit (20/40) - 2023/01/30 17:48:27 UTC
Table: 'Expresso Nitro(627910425)#0' 3-max (real money) Seat #3 is the button
Seat 1: Kakawuet93 (350)
Seat 2: _SKR (270)
Seat 3: flamixx13 (280)
*** ANTE/BLINDS ***
Kakawuet93 posts small blind 20
_SKR posts big blind 40
Dealt to _SKR [8d 8c]
*** PRE-FLOP *** 
flamixx13 folds
Kakawuet93 folds
_SKR collected 60 from pot
*** SUMMARY ***
Total pot 60 | No rake
Seat 2: _SKR (big blind) won 60


Winamax Poker - Tournament "Expresso Nitro" buyIn: 1.86€ + 0.14€ level: 3 - HandId: #2696854740192460801-13-1675100915 - Holdem no limit (20/40) - 2023/01/30 17:48:35 UTC
Table: 'Expresso Nitro(627910425)#0' 3-max (real money) Seat #1 is the button
Seat 1: Kakawuet93 (330)
Seat 2: _SKR (290)
Seat 3: flamixx13 (280)
*** ANTE/BLINDS ***
_SKR posts small blind 20
flamixx13 posts big blind 40
Dealt to _SKR [4s 7s]
*** PRE-FLOP *** 
Kakawuet93 calls 40
_SKR folds
flamixx13 checks
*** FLOP *** [6c 2c 6h]
flamixx13 checks
Kakawuet93 bets 290 and is all-in
flamixx13 calls 240 and is all-in
*** TURN *** [6c 2c 6h][5h]
*** RIVER *** [6c 2c 6h 5h][9d]
*** SHOW DOWN ***
Kakawuet93 shows [5c Kc] (Two pairs : 6 and 5)
flamixx13 shows [3d 6d] (Trips of 6)
flamixx13 collected 580 from main pot
Kakawuet93 collected 50 from side pot 1
*** SUMMARY ***
Total pot 630 | No rake
Board: [6c 2c 6h 5h 9d]
Seat 1: Kakawuet93 (button) showed [5c Kc] and won 50 with Two pairs : 6 and 5
Seat 3: flamixx13 (big blind) showed [3d 6d] and won 580 with Trips of 6


Winamax Poker - Tournament "Expresso Nitro" buyIn: 1.86€ + 0.14€ level: 4 - HandId: #2696854740192460801-14-1675100945 - Holdem no limit (30/60) - 2023/01/30 17:49:05 UTC
Table: 'Expresso Nitro(627910425)#0' 3-max (real money) Seat #2 is the button
Seat 1: Kakawuet93 (50)
Seat 2: _SKR (270)
Seat 3: flamixx13 (580)
*** ANTE/BLINDS ***
flamixx13 posts small blind 30
Kakawuet93 posts big blind 50 and is all-in
Dealt to _SKR [8h 4s]
*** PRE-FLOP *** 
_SKR folds
flamixx13 calls 30
*** FLOP *** [Kd 8d 6h]
*** TURN *** [Kd 8d 6h][9h]
*** RIVER *** [Kd 8d 6h 9h][4d]
*** SHOW DOWN ***
Kakawuet93 shows [3c Tc] (High card : King)
flamixx13 shows [7s Ts] (Straight Ten high)
flamixx13 collected 110 from pot
*** SUMMARY ***
Total pot 110 | No rake
Board: [Kd 8d 6h 9h 4d]
Seat 1: Kakawuet93 (big blind) showed [3c Tc] and lost with High card : King
Seat 3: flamixx13 (small blind) showed [7s Ts] and won 110 with Straight Ten high


Winamax Poker - Tournament "Expresso Nitro" buyIn: 1.86€ + 0.14€ level: 4 - HandId: #2696854740192460801-15-1675100959 - Holdem no limit (30/60) - 2023/01/30 17:49:19 UTC
Table: 'Expresso Nitro(627910425)#0' 3-max (real money) Seat #2 is the button
Seat 2: _SKR (270)
Seat 3: flamixx13 (630)
*** ANTE/BLINDS ***
_SKR posts small blind 30
flamixx13 posts big blind 60
Dealt to _SKR [Js Qd]
*** PRE-FLOP *** 
_SKR raises 210 to 270 and is all-in
flamixx13 calls 210
*** FLOP *** [3d 7s Ad]
*** TURN *** [3d 7s Ad][Tc]
*** RIVER *** [3d 7s Ad Tc][2s]
*** SHOW DOWN ***
_SKR shows [Js Qd] (High card : Ace)
flamixx13 shows [4d 4s] (One pair : 4)
flamixx13 collected 540 from pot
*** SUMMARY ***
Total pot 540 | No rake
Board: [3d 7s Ad Tc 2s]
Seat 2: _SKR (small blind) (button) showed [Js Qd] and lost with High card : Ace
Seat 3: flamixx13 (big blind) showed [4d 4s] and won 540 with One pair : 4


