Winamax Poker - Tournament "Expresso Nitro" buyIn: 1.86€ + 0.14€ level: 1 - HandId: #2697325992594112513-1-1675117718 - Holdem no limit (10/20) - 2023/01/30 22:28:38 UTC
Table: 'Expresso Nitro(628020147)#0' 3-max (real money) Seat #3 is the button
Seat 1: _SKR (300)
Seat 2: Eva Lovia (300)
Seat 3: motorsport31 (300)
*** ANTE/BLINDS ***
_SKR posts small blind 10
Eva Lovia posts big blind 20
Dealt to _SKR [Qd Ks]
*** PRE-FLOP *** 
motorsport31 calls 20
_SKR raises 280 to 300 and is all-in
Eva Lovia folds
motorsport31 folds
_SKR collected 340 from pot
*** SUMMARY ***
Total pot 340 | No rake
Seat 1: _SKR (small blind) won 340


Winamax Poker - Tournament "Expresso Nitro" buyIn: 1.86€ + 0.14€ level: 1 - HandId: #2697325992594112513-2-1675117733 - Holdem no limit (10/20) - 2023/01/30 22:28:53 UTC
Table: 'Expresso Nitro(628020147)#0' 3-max (real money) Seat #1 is the button
Seat 1: _SKR (340)
Seat 2: Eva Lovia (280)
Seat 3: motorsport31 (280)
*** ANTE/BLINDS ***
Eva Lovia posts small blind 10
motorsport31 posts big blind 20
Dealt to _SKR [4d Qc]
*** PRE-FLOP *** 
_SKR folds
Eva Lovia calls 10
motorsport31 checks
*** FLOP *** [2d As Qd]
Eva Lovia bets 20
motorsport31 raises 240 to 260 and is all-in
Eva Lovia folds
motorsport31 collected 320 from pot
*** SUMMARY ***
Total pot 320 | No rake
Board: [2d As Qd]
Seat 3: motorsport31 (big blind) won 320


Winamax Poker - Tournament "Expresso Nitro" buyIn: 1.86€ + 0.14€ level: 1 - HandId: #2697325992594112513-3-1675117746 - Holdem no limit (10/20) - 2023/01/30 22:29:06 UTC
Table: 'Expresso Nitro(628020147)#0' 3-max (real money) Seat #2 is the button
Seat 1: _SKR (340)
Seat 2: Eva Lovia (240)
Seat 3: motorsport31 (320)
*** ANTE/BLINDS ***
motorsport31 posts small blind 10
_SKR posts big blind 20
Dealt to _SKR [Td 8c]
*** PRE-FLOP *** 
Eva Lovia folds
motorsport31 calls 10
_SKR checks
*** FLOP *** [Jh 7s 7h]
motorsport31 checks
_SKR checks
*** TURN *** [Jh 7s 7h][4h]
motorsport31 checks
_SKR checks
*** RIVER *** [Jh 7s 7h 4h][2d]
motorsport31 bets 40
_SKR folds
motorsport31 collected 80 from pot
*** SUMMARY ***
Total pot 80 | No rake
Board: [Jh 7s 7h 4h 2d]
Seat 3: motorsport31 (small blind) won 80


Winamax Poker - Tournament "Expresso Nitro" buyIn: 1.86€ + 0.14€ level: 2 - HandId: #2697325992594112513-4-1675117812 - Holdem no limit (15/30) - 2023/01/30 22:30:12 UTC
Table: 'Expresso Nitro(628020147)#0' 3-max (real money) Seat #3 is the button
Seat 1: _SKR (320)
Seat 2: Eva Lovia (240)
Seat 3: motorsport31 (340)
*** ANTE/BLINDS ***
_SKR posts small blind 15
Eva Lovia posts big blind 30
Dealt to _SKR [3s 3c]
*** PRE-FLOP *** 
motorsport31 raises 310 to 340 and is all-in
_SKR folds
Eva Lovia folds
motorsport31 collected 385 from pot
*** SUMMARY ***
Total pot 385 | No rake
Seat 3: motorsport31 (button) won 385


Winamax Poker - Tournament "Expresso Nitro" buyIn: 1.86€ + 0.14€ level: 2 - HandId: #2697325992594112513-5-1675117823 - Holdem no limit (15/30) - 2023/01/30 22:30:23 UTC
Table: 'Expresso Nitro(628020147)#0' 3-max (real money) Seat #1 is the button
Seat 1: _SKR (305)
Seat 2: Eva Lovia (210)
Seat 3: motorsport31 (385)
*** ANTE/BLINDS ***
Eva Lovia posts small blind 15
motorsport31 posts big blind 30
Dealt to _SKR [Qs 9c]
*** PRE-FLOP *** 
_SKR folds
Eva Lovia raises 180 to 210 and is all-in
motorsport31 folds
Eva Lovia collected 240 from pot
*** SUMMARY ***
Total pot 240 | No rake
Seat 2: Eva Lovia (small blind) won 240


Winamax Poker - Tournament "Expresso Nitro" buyIn: 1.86€ + 0.14€ level: 3 - HandId: #2697325992594112513-6-1675117836 - Holdem no limit (20/40) - 2023/01/30 22:30:36 UTC
Table: 'Expresso Nitro(628020147)#0' 3-max (real money) Seat #2 is the button
Seat 1: _SKR (305)
Seat 2: Eva Lovia (240)
Seat 3: motorsport31 (355)
*** ANTE/BLINDS ***
motorsport31 posts small blind 20
_SKR posts big blind 40
Dealt to _SKR [8d Qs]
*** PRE-FLOP *** 
Eva Lovia folds
motorsport31 calls 20
_SKR raises 265 to 305 and is all-in
motorsport31 folds
_SKR collected 345 from pot
*** SUMMARY ***
Total pot 345 | No rake
Seat 1: _SKR (big blind) won 345


Winamax Poker - Tournament "Expresso Nitro" buyIn: 1.86€ + 0.14€ level: 3 - HandId: #2697325992594112513-7-1675117853 - Holdem no limit (20/40) - 2023/01/30 22:30:53 UTC
Table: 'Expresso Nitro(628020147)#0' 3-max (real money) Seat #3 is the button
Seat 1: _SKR (345)
Seat 2: Eva Lovia (240)
Seat 3: motorsport31 (315)
*** ANTE/BLINDS ***
_SKR posts small blind 20
Eva Lovia posts big blind 40
Dealt to _SKR [6c 2h]
*** PRE-FLOP *** 
motorsport31 raises 275 to 315 and is all-in
_SKR folds
Eva Lovia folds
motorsport31 collected 375 from pot
*** SUMMARY ***
Total pot 375 | No rake
Seat 3: motorsport31 (button) won 375


Winamax Poker - Tournament "Expresso Nitro" buyIn: 1.86€ + 0.14€ level: 3 - HandId: #2697325992594112513-8-1675117860 - Holdem no limit (20/40) - 2023/01/30 22:31:00 UTC
Table: 'Expresso Nitro(628020147)#0' 3-max (real money) Seat #1 is the button
Seat 1: _SKR (325)
Seat 2: Eva Lovia (200)
Seat 3: motorsport31 (375)
*** ANTE/BLINDS ***
Eva Lovia posts small blind 20
motorsport31 posts big blind 40
Dealt to _SKR [5h 7d]
*** PRE-FLOP *** 
_SKR folds
Eva Lovia folds
motorsport31 collected 60 from pot
*** SUMMARY ***
Total pot 60 | No rake
Seat 3: motorsport31 (big blind) won 60


Winamax Poker - Tournament "Expresso Nitro" buyIn: 1.86€ + 0.14€ level: 3 - HandId: #2697325992594112513-9-1675117868 - Holdem no limit (20/40) - 2023/01/30 22:31:08 UTC
Table: 'Expresso Nitro(628020147)#0' 3-max (real money) Seat #2 is the button
Seat 1: _SKR (325)
Seat 2: Eva Lovia (180)
Seat 3: motorsport31 (395)
*** ANTE/BLINDS ***
motorsport31 posts small blind 20
_SKR posts big blind 40
Dealt to _SKR [3h Ad]
*** PRE-FLOP *** 
Eva Lovia raises 140 to 180 and is all-in
motorsport31 folds
_SKR calls 140
*** FLOP *** [Jd 4s 9c]
*** TURN *** [Jd 4s 9c][Qc]
*** RIVER *** [Jd 4s 9c Qc][8h]
*** SHOW DOWN ***
_SKR shows [3h Ad] (High card : Ace)
Eva Lovia shows [6s 6c] (One pair : 6)
Eva Lovia collected 380 from pot
*** SUMMARY ***
Total pot 380 | No rake
Board: [Jd 4s 9c Qc 8h]
Seat 1: _SKR (big blind) showed [3h Ad] and lost with High card : Ace
Seat 2: Eva Lovia (button) showed [6s 6c] and won 380 with One pair : 6


Winamax Poker - Tournament "Expresso Nitro" buyIn: 1.86€ + 0.14€ level: 3 - HandId: #2697325992594112513-10-1675117887 - Holdem no limit (20/40) - 2023/01/30 22:31:27 UTC
Table: 'Expresso Nitro(628020147)#0' 3-max (real money) Seat #3 is the button
Seat 1: _SKR (145)
Seat 2: Eva Lovia (380)
Seat 3: motorsport31 (375)
*** ANTE/BLINDS ***
_SKR posts small blind 20
Eva Lovia posts big blind 40
Dealt to _SKR [Ad 8c]
*** PRE-FLOP *** 
motorsport31 calls 40
_SKR raises 105 to 145 and is all-in
Eva Lovia raises 235 to 380 and is all-in
motorsport31 folds
*** FLOP *** [5h 6h 4c]
*** TURN *** [5h 6h 4c][3h]
*** RIVER *** [5h 6h 4c 3h][8s]
*** SHOW DOWN ***
_SKR shows [Ad 8c] (One pair : 8)
Eva Lovia shows [As Qc] (High card : Ace)
Eva Lovia collected 235 from side pot 1
_SKR collected 330 from main pot
*** SUMMARY ***
Total pot 565 | No rake
Board: [5h 6h 4c 3h 8s]
Seat 1: _SKR (small blind) showed [Ad 8c] and won 330 with One pair : 8
Seat 2: Eva Lovia (big blind) showed [As Qc] and won 235 with High card : Ace


Winamax Poker - Tournament "Expresso Nitro" buyIn: 1.86€ + 0.14€ level: 4 - HandId: #2697325992594112513-11-1675117906 - Holdem no limit (30/60) - 2023/01/30 22:31:46 UTC
Table: 'Expresso Nitro(628020147)#0' 3-max (real money) Seat #1 is the button
Seat 1: _SKR (330)
Seat 2: Eva Lovia (235)
Seat 3: motorsport31 (335)
*** ANTE/BLINDS ***
Eva Lovia posts small blind 30
motorsport31 posts big blind 60
Dealt to _SKR [Ts 6c]
*** PRE-FLOP *** 
_SKR folds
Eva Lovia raises 175 to 235 and is all-in
motorsport31 folds
Eva Lovia collected 295 from pot
*** SUMMARY ***
Total pot 295 | No rake
Seat 2: Eva Lovia (small blind) won 295


Winamax Poker - Tournament "Expresso Nitro" buyIn: 1.86€ + 0.14€ level: 4 - HandId: #2697325992594112513-12-1675117913 - Holdem no limit (30/60) - 2023/01/30 22:31:53 UTC
Table: 'Expresso Nitro(628020147)#0' 3-max (real money) Seat #2 is the button
Seat 1: _SKR (330)
Seat 2: Eva Lovia (295)
Seat 3: motorsport31 (275)
*** ANTE/BLINDS ***
motorsport31 posts small blind 30
_SKR posts big blind 60
Dealt to _SKR [Ad 3c]
*** PRE-FLOP *** 
Eva Lovia folds
motorsport31 raises 60 to 120
_SKR raises 210 to 330 and is all-in
motorsport31 calls 155 and is all-in
*** FLOP *** [2s 3d Qs]
*** TURN *** [2s 3d Qs][8d]
*** RIVER *** [2s 3d Qs 8d][4d]
*** SHOW DOWN ***
motorsport31 shows [Kh Jh] (High card : King)
_SKR shows [Ad 3c] (One pair : 3)
_SKR collected 605 from pot
*** SUMMARY ***
Total pot 605 | No rake
Board: [2s 3d Qs 8d 4d]
Seat 1: _SKR (big blind) showed [Ad 3c] and won 605 with One pair : 3
Seat 3: motorsport31 (small blind) showed [Kh Jh] and lost with High card : King


Winamax Poker - Tournament "Expresso Nitro" buyIn: 1.86€ + 0.14€ level: 4 - HandId: #2697325992594112513-13-1675117933 - Holdem no limit (30/60) - 2023/01/30 22:32:13 UTC
Table: 'Expresso Nitro(628020147)#0' 3-max (real money) Seat #1 is the button
Seat 1: _SKR (605)
Seat 2: Eva Lovia (295)
*** ANTE/BLINDS ***
_SKR posts small blind 30
Eva Lovia posts big blind 60
Dealt to _SKR [9s Ad]
*** PRE-FLOP *** 
_SKR raises 545 to 605 and is all-in
Eva Lovia calls 235 and is all-in
*** FLOP *** [2d 7c 5s]
*** TURN *** [2d 7c 5s][4h]
*** RIVER *** [2d 7c 5s 4h][9c]
*** SHOW DOWN ***
_SKR shows [9s Ad] (One pair : 9)
Eva Lovia shows [6d 8s] (Straight 9 high)
Eva Lovia collected 590 from main pot
_SKR collected 310 from side pot 1
*** SUMMARY ***
Total pot 900 | No rake
Board: [2d 7c 5s 4h 9c]
Seat 1: _SKR (small blind) (button) showed [9s Ad] and won 310 with One pair : 9
Seat 2: Eva Lovia (big blind) showed [6d 8s] and won 590 with Straight 9 high


Winamax Poker - Tournament "Expresso Nitro" buyIn: 1.86€ + 0.14€ level: 4 - HandId: #2697325992594112513-14-1675117953 - Holdem no limit (30/60) - 2023/01/30 22:32:33 UTC
Table: 'Expresso Nitro(628020147)#0' 3-max (real money) Seat #2 is the button
Seat 1: _SKR (310)
Seat 2: Eva Lovia (590)
*** ANTE/BLINDS ***
Eva Lovia posts small blind 30
_SKR posts big blind 60
Dealt to _SKR [6s 6c]
*** PRE-FLOP *** 
Eva Lovia calls 30
_SKR raises 250 to 310 and is all-in
Eva Lovia folds
_SKR collected 370 from pot
*** SUMMARY ***
Total pot 370 | No rake
Seat 1: _SKR (big blind) won 370


Winamax Poker - Tournament "Expresso Nitro" buyIn: 1.86€ + 0.14€ level: 5 - HandId: #2697325992594112513-15-1675117961 - Holdem no limit (40/80) - 2023/01/30 22:32:41 UTC
Table: 'Expresso Nitro(628020147)#0' 3-max (real money) Seat #1 is the button
Seat 1: _SKR (370)
Seat 2: Eva Lovia (530)
*** ANTE/BLINDS ***
_SKR posts small blind 40
Eva Lovia posts big blind 80
Dealt to _SKR [6c 5d]
*** PRE-FLOP *** 
_SKR folds
Eva Lovia collected 120 from pot
*** SUMMARY ***
Total pot 120 | No rake
Seat 2: Eva Lovia (big blind) won 120


Winamax Poker - Tournament "Expresso Nitro" buyIn: 1.86€ + 0.14€ level: 5 - HandId: #2697325992594112513-16-1675117964 - Holdem no limit (40/80) - 2023/01/30 22:32:44 UTC
Table: 'Expresso Nitro(628020147)#0' 3-max (real money) Seat #2 is the button
Seat 1: _SKR (330)
Seat 2: Eva Lovia (570)
*** ANTE/BLINDS ***
Eva Lovia posts small blind 40
_SKR posts big blind 80
Dealt to _SKR [9c 5c]
*** PRE-FLOP *** 
Eva Lovia raises 490 to 570 and is all-in
_SKR folds
Eva Lovia collected 650 from pot
*** SUMMARY ***
Total pot 650 | No rake
Seat 2: Eva Lovia (small blind) (button) won 650


Winamax Poker - Tournament "Expresso Nitro" buyIn: 1.86€ + 0.14€ level: 5 - HandId: #2697325992594112513-17-1675117971 - Holdem no limit (40/80) - 2023/01/30 22:32:51 UTC
Table: 'Expresso Nitro(628020147)#0' 3-max (real money) Seat #1 is the button
Seat 1: _SKR (250)
Seat 2: Eva Lovia (650)
*** ANTE/BLINDS ***
_SKR posts small blind 40
Eva Lovia posts big blind 80
Dealt to _SKR [Ks Tc]
*** PRE-FLOP *** 
_SKR raises 170 to 250 and is all-in
Eva Lovia calls 170
*** FLOP *** [6d 4h 8c]
*** TURN *** [6d 4h 8c][9h]
*** RIVER *** [6d 4h 8c 9h][9s]
*** SHOW DOWN ***
_SKR shows [Ks Tc] (One pair : 9)
Eva Lovia shows [8h Kc] (Two pairs : 9 and 8)
Eva Lovia collected 500 from pot
*** SUMMARY ***
Total pot 500 | No rake
Board: [6d 4h 8c 9h 9s]
Seat 1: _SKR (small blind) (button) showed [Ks Tc] and lost with One pair : 9
Seat 2: Eva Lovia (big blind) showed [8h Kc] and won 500 with Two pairs : 9 and 8


