Winamax Poker - Tournament "Expresso Nitro" buyIn: 0.93€ + 0.07€ level: 1 - HandId: #2718680333766623233-1-1676295113 - Holdem no limit (10/20) - 2023/02/13 13:31:53 UTC
Table: 'Expresso Nitro(632992092)#0' 3-max (real money) Seat #3 is the button
Seat 1: Youchrikii i (300)
Seat 2: REDAAGAINWIN (300)
Seat 3: _SKR (300)
*** ANTE/BLINDS ***
Youchrikii i posts small blind 10
REDAAGAINWIN posts big blind 20
Dealt to _SKR [3h Td]
*** PRE-FLOP *** 
_SKR folds
Youchrikii i calls 10
REDAAGAINWIN checks
*** FLOP *** [5c 4s Qd]
Youchrikii i bets 26
REDAAGAINWIN calls 26
*** TURN *** [5c 4s Qd][4c]
Youchrikii i bets 60
REDAAGAINWIN calls 60
*** RIVER *** [5c 4s Qd 4c][Th]
Youchrikii i bets 20
REDAAGAINWIN calls 20
*** SHOW DOWN ***
Youchrikii i shows [2c Jc] (One pair : 4)
REDAAGAINWIN shows [Qh 2s] (Two pairs : Queens and 4)
REDAAGAINWIN collected 252 from pot
*** SUMMARY ***
Total pot 252 | No rake
Board: [5c 4s Qd 4c Th]
Seat 1: Youchrikii i (small blind) showed [2c Jc] and lost with One pair : 4
Seat 2: REDAAGAINWIN (big blind) showed [Qh 2s] and won 252 with Two pairs : Queens and 4


Winamax Poker - Tournament "Expresso Nitro" buyIn: 0.93€ + 0.07€ level: 1 - HandId: #2718680333766623233-2-1676295139 - Holdem no limit (10/20) - 2023/02/13 13:32:19 UTC
Table: 'Expresso Nitro(632992092)#0' 3-max (real money) Seat #1 is the button
Seat 1: Youchrikii i (174)
Seat 2: REDAAGAINWIN (426)
Seat 3: _SKR (300)
*** ANTE/BLINDS ***
REDAAGAINWIN posts small blind 10
_SKR posts big blind 20
Dealt to _SKR [Ac 8s]
*** PRE-FLOP *** 
Youchrikii i folds
REDAAGAINWIN calls 10
_SKR raises 280 to 300 and is all-in
REDAAGAINWIN folds
_SKR collected 320 from pot
*** SUMMARY ***
Total pot 320 | No rake
Seat 3: _SKR (big blind) won 320


Winamax Poker - Tournament "Expresso Nitro" buyIn: 0.93€ + 0.07€ level: 1 - HandId: #2718680333766623233-3-1676295151 - Holdem no limit (10/20) - 2023/02/13 13:32:31 UTC
Table: 'Expresso Nitro(632992092)#0' 3-max (real money) Seat #2 is the button
Seat 1: Youchrikii i (174)
Seat 2: REDAAGAINWIN (406)
Seat 3: _SKR (320)
*** ANTE/BLINDS ***
_SKR posts small blind 10
Youchrikii i posts big blind 20
Dealt to _SKR [5d Qs]
*** PRE-FLOP *** 
REDAAGAINWIN calls 20
_SKR folds
Youchrikii i checks
*** FLOP *** [Qh 4h 6h]
Youchrikii i checks
REDAAGAINWIN checks
*** TURN *** [Qh 4h 6h][2s]
Youchrikii i checks
REDAAGAINWIN checks
*** RIVER *** [Qh 4h 6h 2s][6d]
Youchrikii i checks
REDAAGAINWIN bets 20
Youchrikii i folds
REDAAGAINWIN collected 70 from pot
*** SUMMARY ***
Total pot 70 | No rake
Board: [Qh 4h 6h 2s 6d]
Seat 2: REDAAGAINWIN (button) won 70


Winamax Poker - Tournament "Expresso Nitro" buyIn: 0.93€ + 0.07€ level: 2 - HandId: #2718680333766623233-4-1676295170 - Holdem no limit (15/30) - 2023/02/13 13:32:50 UTC
Table: 'Expresso Nitro(632992092)#0' 3-max (real money) Seat #3 is the button
Seat 1: Youchrikii i (154)
Seat 2: REDAAGAINWIN (436)
Seat 3: _SKR (310)
*** ANTE/BLINDS ***
Youchrikii i posts small blind 15
REDAAGAINWIN posts big blind 30
Dealt to _SKR [Qh 5h]
*** PRE-FLOP *** 
_SKR folds
Youchrikii i raises 124 to 154 and is all-in
REDAAGAINWIN folds
Youchrikii i collected 184 from pot
*** SUMMARY ***
Total pot 184 | No rake
Seat 1: Youchrikii i (small blind) won 184


Winamax Poker - Tournament "Expresso Nitro" buyIn: 0.93€ + 0.07€ level: 2 - HandId: #2718680333766623233-5-1676295176 - Holdem no limit (15/30) - 2023/02/13 13:32:56 UTC
Table: 'Expresso Nitro(632992092)#0' 3-max (real money) Seat #1 is the button
Seat 1: Youchrikii i (184)
Seat 2: REDAAGAINWIN (406)
Seat 3: _SKR (310)
*** ANTE/BLINDS ***
REDAAGAINWIN posts small blind 15
_SKR posts big blind 30
Dealt to _SKR [8h 8d]
*** PRE-FLOP *** 
Youchrikii i raises 154 to 184 and is all-in
REDAAGAINWIN folds
_SKR calls 154
*** FLOP *** [7s 5c 6s]
*** TURN *** [7s 5c 6s][Ts]
*** RIVER *** [7s 5c 6s Ts][7h]
*** SHOW DOWN ***
Youchrikii i shows [2s 2c] (Two pairs : 7 and 2)
_SKR shows [8h 8d] (Two pairs : 8 and 7)
_SKR collected 383 from pot
*** SUMMARY ***
Total pot 383 | No rake
Board: [7s 5c 6s Ts 7h]
Seat 1: Youchrikii i (button) showed [2s 2c] and lost with Two pairs : 7 and 2
Seat 3: _SKR (big blind) showed [8h 8d] and won 383 with Two pairs : 8 and 7


Winamax Poker - Tournament "Expresso Nitro" buyIn: 0.93€ + 0.07€ level: 2 - HandId: #2718680333766623233-6-1676295190 - Holdem no limit (15/30) - 2023/02/13 13:33:10 UTC
Table: 'Expresso Nitro(632992092)#0' 3-max (real money) Seat #3 is the button
Seat 2: REDAAGAINWIN (391)
Seat 3: _SKR (509)
*** ANTE/BLINDS ***
_SKR posts small blind 15
REDAAGAINWIN posts big blind 30
Dealt to _SKR [Jc 6c]
*** PRE-FLOP *** 
_SKR raises 30 to 60
REDAAGAINWIN raises 331 to 391 and is all-in
_SKR folds
REDAAGAINWIN collected 451 from pot
*** SUMMARY ***
Total pot 451 | No rake
Seat 2: REDAAGAINWIN (big blind) won 451


Winamax Poker - Tournament "Expresso Nitro" buyIn: 0.93€ + 0.07€ level: 2 - HandId: #2718680333766623233-7-1676295197 - Holdem no limit (15/30) - 2023/02/13 13:33:17 UTC
Table: 'Expresso Nitro(632992092)#0' 3-max (real money) Seat #2 is the button
Seat 2: REDAAGAINWIN (451)
Seat 3: _SKR (449)
*** ANTE/BLINDS ***
REDAAGAINWIN posts small blind 15
_SKR posts big blind 30
Dealt to _SKR [3h 8s]
*** PRE-FLOP *** 
REDAAGAINWIN calls 15
_SKR checks
*** FLOP *** [5c Tc Kh]
_SKR checks
REDAAGAINWIN checks
*** TURN *** [5c Tc Kh][As]
_SKR checks
REDAAGAINWIN checks
*** RIVER *** [5c Tc Kh As][2d]
_SKR checks
REDAAGAINWIN bets 30
_SKR folds
REDAAGAINWIN collected 90 from pot
*** SUMMARY ***
Total pot 90 | No rake
Board: [5c Tc Kh As 2d]
Seat 2: REDAAGAINWIN (small blind) (button) won 90


Winamax Poker - Tournament "Expresso Nitro" buyIn: 0.93€ + 0.07€ level: 2 - HandId: #2718680333766623233-8-1676295212 - Holdem no limit (15/30) - 2023/02/13 13:33:32 UTC
Table: 'Expresso Nitro(632992092)#0' 3-max (real money) Seat #3 is the button
Seat 2: REDAAGAINWIN (481)
Seat 3: _SKR (419)
*** ANTE/BLINDS ***
_SKR posts small blind 15
REDAAGAINWIN posts big blind 30
Dealt to _SKR [7s 6d]
*** PRE-FLOP *** 
_SKR folds
REDAAGAINWIN collected 45 from pot
*** SUMMARY ***
Total pot 45 | No rake
Seat 2: REDAAGAINWIN (big blind) won 45


Winamax Poker - Tournament "Expresso Nitro" buyIn: 0.93€ + 0.07€ level: 2 - HandId: #2718680333766623233-9-1676295216 - Holdem no limit (15/30) - 2023/02/13 13:33:36 UTC
Table: 'Expresso Nitro(632992092)#0' 3-max (real money) Seat #2 is the button
Seat 2: REDAAGAINWIN (496)
Seat 3: _SKR (404)
*** ANTE/BLINDS ***
REDAAGAINWIN posts small blind 15
_SKR posts big blind 30
Dealt to _SKR [6d Js]
*** PRE-FLOP *** 
REDAAGAINWIN calls 15
_SKR checks
*** FLOP *** [Ks Jd 6h]
_SKR checks
REDAAGAINWIN checks
*** TURN *** [Ks Jd 6h][2c]
_SKR bets 39
REDAAGAINWIN folds
_SKR collected 99 from pot
*** SUMMARY ***
Total pot 99 | No rake
Board: [Ks Jd 6h 2c]
Seat 3: _SKR (big blind) won 99


Winamax Poker - Tournament "Expresso Nitro" buyIn: 0.93€ + 0.07€ level: 3 - HandId: #2718680333766623233-10-1676295230 - Holdem no limit (20/40) - 2023/02/13 13:33:50 UTC
Table: 'Expresso Nitro(632992092)#0' 3-max (real money) Seat #3 is the button
Seat 2: REDAAGAINWIN (466)
Seat 3: _SKR (434)
*** ANTE/BLINDS ***
_SKR posts small blind 20
REDAAGAINWIN posts big blind 40
Dealt to _SKR [8d 9s]
*** PRE-FLOP *** 
_SKR folds
REDAAGAINWIN collected 60 from pot
*** SUMMARY ***
Total pot 60 | No rake
Seat 2: REDAAGAINWIN (big blind) won 60


Winamax Poker - Tournament "Expresso Nitro" buyIn: 0.93€ + 0.07€ level: 3 - HandId: #2718680333766623233-11-1676295234 - Holdem no limit (20/40) - 2023/02/13 13:33:54 UTC
Table: 'Expresso Nitro(632992092)#0' 3-max (real money) Seat #2 is the button
Seat 2: REDAAGAINWIN (486)
Seat 3: _SKR (414)
*** ANTE/BLINDS ***
REDAAGAINWIN posts small blind 20
_SKR posts big blind 40
Dealt to _SKR [Ts Jh]
*** PRE-FLOP *** 
REDAAGAINWIN raises 446 to 486 and is all-in
_SKR folds
REDAAGAINWIN collected 526 from pot
*** SUMMARY ***
Total pot 526 | No rake
Seat 2: REDAAGAINWIN (small blind) (button) won 526


Winamax Poker - Tournament "Expresso Nitro" buyIn: 0.93€ + 0.07€ level: 3 - HandId: #2718680333766623233-12-1676295238 - Holdem no limit (20/40) - 2023/02/13 13:33:58 UTC
Table: 'Expresso Nitro(632992092)#0' 3-max (real money) Seat #3 is the button
Seat 2: REDAAGAINWIN (526)
Seat 3: _SKR (374)
*** ANTE/BLINDS ***
_SKR posts small blind 20
REDAAGAINWIN posts big blind 40
Dealt to _SKR [2d 2h]
*** PRE-FLOP *** 
_SKR raises 334 to 374 and is all-in
REDAAGAINWIN folds
_SKR collected 414 from pot
*** SUMMARY ***
Total pot 414 | No rake
Seat 3: _SKR (small blind) (button) won 414


Winamax Poker - Tournament "Expresso Nitro" buyIn: 0.93€ + 0.07€ level: 3 - HandId: #2718680333766623233-13-1676295244 - Holdem no limit (20/40) - 2023/02/13 13:34:04 UTC
Table: 'Expresso Nitro(632992092)#0' 3-max (real money) Seat #2 is the button
Seat 2: REDAAGAINWIN (486)
Seat 3: _SKR (414)
*** ANTE/BLINDS ***
REDAAGAINWIN posts small blind 20
_SKR posts big blind 40
Dealt to _SKR [7h 2d]
*** PRE-FLOP *** 
REDAAGAINWIN calls 20
_SKR checks
*** FLOP *** [2s 4h 2c]
_SKR checks
REDAAGAINWIN checks
*** TURN *** [2s 4h 2c][3h]
_SKR checks
REDAAGAINWIN checks
*** RIVER *** [2s 4h 2c 3h][Ac]
_SKR bets 64
REDAAGAINWIN raises 64 to 128
_SKR calls 64
*** SHOW DOWN ***
REDAAGAINWIN shows [Ad Qc] (Two pairs : Aces and 2)
_SKR shows [7h 2d] (Trips of 2)
_SKR collected 336 from pot
*** SUMMARY ***
Total pot 336 | No rake
Board: [2s 4h 2c 3h Ac]
Seat 2: REDAAGAINWIN (small blind) (button) showed [Ad Qc] and lost with Two pairs : Aces and 2
Seat 3: _SKR (big blind) showed [7h 2d] and won 336 with Trips of 2


Winamax Poker - Tournament "Expresso Nitro" buyIn: 0.93€ + 0.07€ level: 3 - HandId: #2718680333766623233-14-1676295262 - Holdem no limit (20/40) - 2023/02/13 13:34:22 UTC
Table: 'Expresso Nitro(632992092)#0' 3-max (real money) Seat #3 is the button
Seat 2: REDAAGAINWIN (318)
Seat 3: _SKR (582)
*** ANTE/BLINDS ***
_SKR posts small blind 20
REDAAGAINWIN posts big blind 40
Dealt to _SKR [Qh Th]
*** PRE-FLOP *** 
_SKR raises 542 to 582 and is all-in
REDAAGAINWIN folds
_SKR collected 622 from pot
*** SUMMARY ***
Total pot 622 | No rake
Seat 3: _SKR (small blind) (button) won 622


Winamax Poker - Tournament "Expresso Nitro" buyIn: 0.93€ + 0.07€ level: 3 - HandId: #2718680333766623233-15-1676295267 - Holdem no limit (20/40) - 2023/02/13 13:34:27 UTC
Table: 'Expresso Nitro(632992092)#0' 3-max (real money) Seat #2 is the button
Seat 2: REDAAGAINWIN (278)
Seat 3: _SKR (622)
*** ANTE/BLINDS ***
REDAAGAINWIN posts small blind 20
_SKR posts big blind 40
Dealt to _SKR [4d Td]
*** PRE-FLOP *** 
REDAAGAINWIN raises 238 to 278 and is all-in
_SKR folds
REDAAGAINWIN collected 318 from pot
*** SUMMARY ***
Total pot 318 | No rake
Seat 2: REDAAGAINWIN (small blind) (button) won 318


Winamax Poker - Tournament "Expresso Nitro" buyIn: 0.93€ + 0.07€ level: 3 - HandId: #2718680333766623233-16-1676295273 - Holdem no limit (20/40) - 2023/02/13 13:34:33 UTC
Table: 'Expresso Nitro(632992092)#0' 3-max (real money) Seat #3 is the button
Seat 2: REDAAGAINWIN (318)
Seat 3: _SKR (582)
*** ANTE/BLINDS ***
_SKR posts small blind 20
REDAAGAINWIN posts big blind 40
Dealt to _SKR [8s 7c]
*** PRE-FLOP *** 
_SKR folds
REDAAGAINWIN collected 60 from pot
*** SUMMARY ***
Total pot 60 | No rake
Seat 2: REDAAGAINWIN (big blind) won 60


Winamax Poker - Tournament "Expresso Nitro" buyIn: 0.93€ + 0.07€ level: 3 - HandId: #2718680333766623233-17-1676295277 - Holdem no limit (20/40) - 2023/02/13 13:34:37 UTC
Table: 'Expresso Nitro(632992092)#0' 3-max (real money) Seat #2 is the button
Seat 2: REDAAGAINWIN (338)
Seat 3: _SKR (562)
*** ANTE/BLINDS ***
REDAAGAINWIN posts small blind 20
_SKR posts big blind 40
Dealt to _SKR [Jh 4h]
*** PRE-FLOP *** 
REDAAGAINWIN folds
_SKR collected 60 from pot
*** SUMMARY ***
Total pot 60 | No rake
Seat 3: _SKR (big blind) won 60


Winamax Poker - Tournament "Expresso Nitro" buyIn: 0.93€ + 0.07€ level: 3 - HandId: #2718680333766623233-18-1676295280 - Holdem no limit (20/40) - 2023/02/13 13:34:40 UTC
Table: 'Expresso Nitro(632992092)#0' 3-max (real money) Seat #3 is the button
Seat 2: REDAAGAINWIN (318)
Seat 3: _SKR (582)
*** ANTE/BLINDS ***
_SKR posts small blind 20
REDAAGAINWIN posts big blind 40
Dealt to _SKR [Ah 3c]
*** PRE-FLOP *** 
_SKR raises 542 to 582 and is all-in
REDAAGAINWIN calls 278 and is all-in
*** FLOP *** [2h Ad 7d]
*** TURN *** [2h Ad 7d][Tc]
*** RIVER *** [2h Ad 7d Tc][5s]
*** SHOW DOWN ***
REDAAGAINWIN shows [7c Ks] (One pair : 7)
_SKR shows [Ah 3c] (One pair : Aces)
_SKR collected 900 from pot
*** SUMMARY ***
Total pot 900 | No rake
Board: [2h Ad 7d Tc 5s]
Seat 2: REDAAGAINWIN (big blind) showed [7c Ks] and lost with One pair : 7
Seat 3: _SKR (small blind) (button) showed [Ah 3c] and won 900 with One pair : Aces


