Winamax Poker - Tournament "Expresso Nitro" buyIn: 1.86€ + 0.14€ level: 1 - HandId: #2695282206636507137-1-1675004115 - Holdem no limit (10/20) - 2023/01/29 14:55:15 UTC
Table: 'Expresso Nitro(627544291)#0' 3-max (real money) Seat #1 is the button
Seat 1: Totor33550 (300)
Seat 2: Ducheese (300)
Seat 3: _SKR (300)
*** ANTE/BLINDS ***
Ducheese posts small blind 10
_SKR posts big blind 20
Dealt to _SKR [Qh 7d]
*** PRE-FLOP *** 
Totor33550 calls 20
Ducheese calls 10
_SKR checks
*** FLOP *** [3s 8c 7h]
Ducheese checks
_SKR checks
Totor33550 checks
*** TURN *** [3s 8c 7h][Qd]
Ducheese checks
_SKR bets 39
Totor33550 calls 39
Ducheese folds
*** RIVER *** [3s 8c 7h Qd][5c]
_SKR bets 90
Totor33550 calls 90
*** SHOW DOWN ***
Totor33550 shows [9s Qs] (One pair : Queens)
_SKR shows [Qh 7d] (Two pairs : Queens and 7)
_SKR collected 318 from pot
*** SUMMARY ***
Total pot 318 | No rake
Board: [3s 8c 7h Qd 5c]
Seat 1: Totor33550 (button) showed [9s Qs] and lost with One pair : Queens
Seat 3: _SKR (big blind) showed [Qh 7d] and won 318 with Two pairs : Queens and 7


Winamax Poker - Tournament "Expresso Nitro" buyIn: 1.86€ + 0.14€ level: 1 - HandId: #2695282206636507137-2-1675004156 - Holdem no limit (10/20) - 2023/01/29 14:55:56 UTC
Table: 'Expresso Nitro(627544291)#0' 3-max (real money) Seat #2 is the button
Seat 1: Totor33550 (151)
Seat 2: Ducheese (280)
Seat 3: _SKR (469)
*** ANTE/BLINDS ***
_SKR posts small blind 10
Totor33550 posts big blind 20
Dealt to _SKR [9d 3d]
*** PRE-FLOP *** 
Ducheese raises 20 to 40
_SKR folds
Totor33550 folds
Ducheese collected 70 from pot
*** SUMMARY ***
Total pot 70 | No rake
Seat 2: Ducheese (button) won 70


Winamax Poker - Tournament "Expresso Nitro" buyIn: 1.86€ + 0.14€ level: 1 - HandId: #2695282206636507137-3-1675004163 - Holdem no limit (10/20) - 2023/01/29 14:56:03 UTC
Table: 'Expresso Nitro(627544291)#0' 3-max (real money) Seat #3 is the button
Seat 1: Totor33550 (131)
Seat 2: Ducheese (310)
Seat 3: _SKR (459)
*** ANTE/BLINDS ***
Totor33550 posts small blind 10
Ducheese posts big blind 20
Dealt to _SKR [Ac 3s]
*** PRE-FLOP *** 
_SKR raises 439 to 459 and is all-in
Totor33550 folds
Ducheese folds
_SKR collected 489 from pot
*** SUMMARY ***
Total pot 489 | No rake
Seat 3: _SKR (button) won 489


Winamax Poker - Tournament "Expresso Nitro" buyIn: 1.86€ + 0.14€ level: 2 - HandId: #2695282206636507137-4-1675004175 - Holdem no limit (15/30) - 2023/01/29 14:56:15 UTC
Table: 'Expresso Nitro(627544291)#0' 3-max (real money) Seat #1 is the button
Seat 1: Totor33550 (121)
Seat 2: Ducheese (290)
Seat 3: _SKR (489)
*** ANTE/BLINDS ***
Ducheese posts small blind 15
_SKR posts big blind 30
Dealt to _SKR [5s 3c]
*** PRE-FLOP *** 
Totor33550 folds
Ducheese raises 30 to 60
_SKR folds
Ducheese collected 90 from pot
*** SUMMARY ***
Total pot 90 | No rake
Seat 2: Ducheese (small blind) won 90


Winamax Poker - Tournament "Expresso Nitro" buyIn: 1.86€ + 0.14€ level: 2 - HandId: #2695282206636507137-5-1675004190 - Holdem no limit (15/30) - 2023/01/29 14:56:30 UTC
Table: 'Expresso Nitro(627544291)#0' 3-max (real money) Seat #2 is the button
Seat 1: Totor33550 (121)
Seat 2: Ducheese (320)
Seat 3: _SKR (459)
*** ANTE/BLINDS ***
_SKR posts small blind 15
Totor33550 posts big blind 30
Dealt to _SKR [As 6c]
*** PRE-FLOP *** 
Ducheese folds
_SKR raises 429 to 459 and is all-in
Totor33550 calls 91 and is all-in
*** FLOP *** [Kd Qc Qs]
*** TURN *** [Kd Qc Qs][2s]
*** RIVER *** [Kd Qc Qs 2s][7h]
*** SHOW DOWN ***
Totor33550 shows [Ks 5c] (Two pairs : Kings and Queens)
_SKR shows [As 6c] (One pair : Queens)
_SKR collected 338 from side pot 1
Totor33550 collected 242 from main pot
*** SUMMARY ***
Total pot 580 | No rake
Board: [Kd Qc Qs 2s 7h]
Seat 1: Totor33550 (big blind) showed [Ks 5c] and won 242 with Two pairs : Kings and Queens
Seat 3: _SKR (small blind) showed [As 6c] and won 338 with One pair : Queens


Winamax Poker - Tournament "Expresso Nitro" buyIn: 1.86€ + 0.14€ level: 2 - HandId: #2695282206636507137-6-1675004203 - Holdem no limit (15/30) - 2023/01/29 14:56:43 UTC
Table: 'Expresso Nitro(627544291)#0' 3-max (real money) Seat #3 is the button
Seat 1: Totor33550 (242)
Seat 2: Ducheese (320)
Seat 3: _SKR (338)
*** ANTE/BLINDS ***
Totor33550 posts small blind 15
Ducheese posts big blind 30
Dealt to _SKR [Ac Kh]
*** PRE-FLOP *** 
_SKR raises 308 to 338 and is all-in
Totor33550 calls 227 and is all-in
Ducheese folds
*** FLOP *** [Ad Qd Jh]
*** TURN *** [Ad Qd Jh][3h]
*** RIVER *** [Ad Qd Jh 3h][4h]
*** SHOW DOWN ***
Totor33550 shows [Qc Kd] (One pair : Queens)
_SKR shows [Ac Kh] (One pair : Aces)
_SKR collected 610 from pot
*** SUMMARY ***
Total pot 610 | No rake
Board: [Ad Qd Jh 3h 4h]
Seat 1: Totor33550 (small blind) showed [Qc Kd] and lost with One pair : Queens
Seat 3: _SKR (button) showed [Ac Kh] and won 610 with One pair : Aces


Winamax Poker - Tournament "Expresso Nitro" buyIn: 1.86€ + 0.14€ level: 2 - HandId: #2695282206636507137-7-1675004227 - Holdem no limit (15/30) - 2023/01/29 14:57:07 UTC
Table: 'Expresso Nitro(627544291)#0' 3-max (real money) Seat #2 is the button
Seat 2: Ducheese (290)
Seat 3: _SKR (610)
*** ANTE/BLINDS ***
Ducheese posts small blind 15
_SKR posts big blind 30
Dealt to _SKR [7d 5h]
*** PRE-FLOP *** 
Ducheese folds
_SKR collected 45 from pot
*** SUMMARY ***
Total pot 45 | No rake
Seat 3: _SKR (big blind) won 45


Winamax Poker - Tournament "Expresso Nitro" buyIn: 1.86€ + 0.14€ level: 3 - HandId: #2695282206636507137-8-1675004231 - Holdem no limit (20/40) - 2023/01/29 14:57:11 UTC
Table: 'Expresso Nitro(627544291)#0' 3-max (real money) Seat #3 is the button
Seat 2: Ducheese (275)
Seat 3: _SKR (625)
*** ANTE/BLINDS ***
_SKR posts small blind 20
Ducheese posts big blind 40
Dealt to _SKR [3s Kd]
*** PRE-FLOP *** 
_SKR raises 585 to 625 and is all-in
Ducheese calls 235 and is all-in
*** FLOP *** [Ts 8d Ac]
*** TURN *** [Ts 8d Ac][7s]
*** RIVER *** [Ts 8d Ac 7s][Tc]
*** SHOW DOWN ***
Ducheese shows [9d Kc] (One pair : Tens)
_SKR shows [3s Kd] (One pair : Tens)
_SKR collected 350 from side pot 1
Ducheese collected 550 from main pot
*** SUMMARY ***
Total pot 900 | No rake
Board: [Ts 8d Ac 7s Tc]
Seat 2: Ducheese (big blind) showed [9d Kc] and won 550 with One pair : Tens
Seat 3: _SKR (small blind) (button) showed [3s Kd] and won 350 with One pair : Tens


Winamax Poker - Tournament "Expresso Nitro" buyIn: 1.86€ + 0.14€ level: 3 - HandId: #2695282206636507137-9-1675004246 - Holdem no limit (20/40) - 2023/01/29 14:57:26 UTC
Table: 'Expresso Nitro(627544291)#0' 3-max (real money) Seat #2 is the button
Seat 2: Ducheese (550)
Seat 3: _SKR (350)
*** ANTE/BLINDS ***
Ducheese posts small blind 20
_SKR posts big blind 40
Dealt to _SKR [6s Js]
*** PRE-FLOP *** 
Ducheese folds
_SKR collected 60 from pot
*** SUMMARY ***
Total pot 60 | No rake
Seat 3: _SKR (big blind) won 60


Winamax Poker - Tournament "Expresso Nitro" buyIn: 1.86€ + 0.14€ level: 3 - HandId: #2695282206636507137-10-1675004249 - Holdem no limit (20/40) - 2023/01/29 14:57:29 UTC
Table: 'Expresso Nitro(627544291)#0' 3-max (real money) Seat #3 is the button
Seat 2: Ducheese (530)
Seat 3: _SKR (370)
*** ANTE/BLINDS ***
_SKR posts small blind 20
Ducheese posts big blind 40
Dealt to _SKR [Kh 6d]
*** PRE-FLOP *** 
_SKR raises 330 to 370 and is all-in
Ducheese calls 330
*** FLOP *** [Jd 7h 8d]
*** TURN *** [Jd 7h 8d][Tc]
*** RIVER *** [Jd 7h 8d Tc][Ah]
*** SHOW DOWN ***
_SKR shows [Kh 6d] (High card : Ace)
Ducheese shows [Qd 8c] (One pair : 8)
Ducheese collected 740 from pot
*** SUMMARY ***
Total pot 740 | No rake
Board: [Jd 7h 8d Tc Ah]
Seat 2: Ducheese (big blind) showed [Qd 8c] and won 740 with One pair : 8
Seat 3: _SKR (small blind) (button) showed [Kh 6d] and lost with High card : Ace


