Winamax Poker - Tournament "Expresso Nitro" buyIn: 0.93€ + 0.07€ level: 1 - HandId: #2690572117866446849-1-1674686363 - Holdem no limit (10/20) - 2023/01/25 22:39:23 UTC
Table: 'Expresso Nitro(626447638)#0' 3-max (real money) Seat #2 is the button
Seat 1: _SKR (300)
Seat 2: Lakasito (300)
Seat 3: Saykod (300)
*** ANTE/BLINDS ***
Saykod posts small blind 10
_SKR posts big blind 20
Dealt to _SKR [6h Ks]
*** PRE-FLOP *** 
Lakasito folds
Saykod calls 10
_SKR checks
*** FLOP *** [4d Ac Jh]
Saykod checks
_SKR checks
*** TURN *** [4d Ac Jh][3d]
Saykod checks
_SKR checks
*** RIVER *** [4d Ac Jh 3d][2s]
Saykod checks
_SKR checks
*** SHOW DOWN ***
Saykod shows [9h Qc] (High card : Ace)
_SKR shows [6h Ks] (High card : Ace)
_SKR collected 40 from pot
*** SUMMARY ***
Total pot 40 | No rake
Board: [4d Ac Jh 3d 2s]
Seat 1: _SKR (big blind) showed [6h Ks] and won 40 with High card : Ace
Seat 3: Saykod (small blind) showed [9h Qc] and lost with High card : Ace


Winamax Poker - Tournament "Expresso Nitro" buyIn: 0.93€ + 0.07€ level: 1 - HandId: #2690572117866446849-2-1674686410 - Holdem no limit (10/20) - 2023/01/25 22:40:10 UTC
Table: 'Expresso Nitro(626447638)#0' 3-max (real money) Seat #3 is the button
Seat 1: _SKR (320)
Seat 2: Lakasito (300)
Seat 3: Saykod (280)
*** ANTE/BLINDS ***
_SKR posts small blind 10
Lakasito posts big blind 20
Dealt to _SKR [Js 7d]
*** PRE-FLOP *** 
Saykod raises 20 to 40
_SKR folds
Lakasito calls 20
*** FLOP *** [6d 5h 8s]
Lakasito checks
Saykod bets 45
Lakasito folds
Saykod collected 135 from pot
*** SUMMARY ***
Total pot 135 | No rake
Board: [6d 5h 8s]
Seat 3: Saykod (button) won 135


Winamax Poker - Tournament "Expresso Nitro" buyIn: 0.93€ + 0.07€ level: 2 - HandId: #2690572117866446849-3-1674686427 - Holdem no limit (15/30) - 2023/01/25 22:40:27 UTC
Table: 'Expresso Nitro(626447638)#0' 3-max (real money) Seat #1 is the button
Seat 1: _SKR (310)
Seat 2: Lakasito (260)
Seat 3: Saykod (330)
*** ANTE/BLINDS ***
Lakasito posts small blind 15
Saykod posts big blind 30
Dealt to _SKR [6s Qd]
*** PRE-FLOP *** 
_SKR folds
Lakasito raises 230 to 260 and is all-in
Saykod folds
Lakasito collected 290 from pot
*** SUMMARY ***
Total pot 290 | No rake
Seat 2: Lakasito (small blind) won 290


Winamax Poker - Tournament "Expresso Nitro" buyIn: 0.93€ + 0.07€ level: 2 - HandId: #2690572117866446849-4-1674686435 - Holdem no limit (15/30) - 2023/01/25 22:40:35 UTC
Table: 'Expresso Nitro(626447638)#0' 3-max (real money) Seat #2 is the button
Seat 1: _SKR (310)
Seat 2: Lakasito (290)
Seat 3: Saykod (300)
*** ANTE/BLINDS ***
Saykod posts small blind 15
_SKR posts big blind 30
Dealt to _SKR [Qc 6h]
*** PRE-FLOP *** 
Lakasito folds
Saykod folds
_SKR collected 45 from pot
*** SUMMARY ***
Total pot 45 | No rake
Seat 1: _SKR (big blind) won 45


Winamax Poker - Tournament "Expresso Nitro" buyIn: 0.93€ + 0.07€ level: 2 - HandId: #2690572117866446849-5-1674686441 - Holdem no limit (15/30) - 2023/01/25 22:40:41 UTC
Table: 'Expresso Nitro(626447638)#0' 3-max (real money) Seat #3 is the button
Seat 1: _SKR (325)
Seat 2: Lakasito (290)
Seat 3: Saykod (285)
*** ANTE/BLINDS ***
_SKR posts small blind 15
Lakasito posts big blind 30
Dealt to _SKR [3h 6c]
*** PRE-FLOP *** 
Saykod folds
_SKR folds
Lakasito collected 45 from pot
*** SUMMARY ***
Total pot 45 | No rake
Seat 2: Lakasito (big blind) won 45


Winamax Poker - Tournament "Expresso Nitro" buyIn: 0.93€ + 0.07€ level: 2 - HandId: #2690572117866446849-6-1674686448 - Holdem no limit (15/30) - 2023/01/25 22:40:48 UTC
Table: 'Expresso Nitro(626447638)#0' 3-max (real money) Seat #1 is the button
Seat 1: _SKR (310)
Seat 2: Lakasito (305)
Seat 3: Saykod (285)
*** ANTE/BLINDS ***
Lakasito posts small blind 15
Saykod posts big blind 30
Dealt to _SKR [2h 5h]
*** PRE-FLOP *** 
_SKR folds
Lakasito raises 275 to 305 and is all-in
Saykod folds
Lakasito collected 335 from pot
*** SUMMARY ***
Total pot 335 | No rake
Seat 2: Lakasito (small blind) won 335


Winamax Poker - Tournament "Expresso Nitro" buyIn: 0.93€ + 0.07€ level: 2 - HandId: #2690572117866446849-7-1674686456 - Holdem no limit (15/30) - 2023/01/25 22:40:56 UTC
Table: 'Expresso Nitro(626447638)#0' 3-max (real money) Seat #2 is the button
Seat 1: _SKR (310)
Seat 2: Lakasito (335)
Seat 3: Saykod (255)
*** ANTE/BLINDS ***
Saykod posts small blind 15
_SKR posts big blind 30
Dealt to _SKR [2d 8h]
*** PRE-FLOP *** 
Lakasito raises 30 to 60
Saykod raises 195 to 255 and is all-in
_SKR folds
Lakasito calls 195
*** FLOP *** [Jc 4d Qc]
*** TURN *** [Jc 4d Qc][3h]
*** RIVER *** [Jc 4d Qc 3h][Kc]
*** SHOW DOWN ***
Lakasito shows [6d 8d] (High card : King)
Saykod shows [7s Ad] (High card : Ace)
Saykod collected 540 from pot
*** SUMMARY ***
Total pot 540 | No rake
Board: [Jc 4d Qc 3h Kc]
Seat 2: Lakasito (button) showed [6d 8d] and lost with High card : King
Seat 3: Saykod (small blind) showed [7s Ad] and won 540 with High card : Ace


Winamax Poker - Tournament "Expresso Nitro" buyIn: 0.93€ + 0.07€ level: 2 - HandId: #2690572117866446849-8-1674686475 - Holdem no limit (15/30) - 2023/01/25 22:41:15 UTC
Table: 'Expresso Nitro(626447638)#0' 3-max (real money) Seat #3 is the button
Seat 1: _SKR (280)
Seat 2: Lakasito (80)
Seat 3: Saykod (540)
*** ANTE/BLINDS ***
_SKR posts small blind 15
Lakasito posts big blind 30
Dealt to _SKR [Js 8h]
*** PRE-FLOP *** 
Saykod raises 30 to 60
_SKR folds
Lakasito raises 20 to 80 and is all-in
Saykod calls 20
*** FLOP *** [Ah Qh Jd]
*** TURN *** [Ah Qh Jd][Th]
*** RIVER *** [Ah Qh Jd Th][Ts]
*** SHOW DOWN ***
Saykod shows [Qc 9c] (Two pairs : Queens and Tens)
Lakasito shows [9s Ks] (Straight Ace high)
Lakasito collected 175 from pot
*** SUMMARY ***
Total pot 175 | No rake
Board: [Ah Qh Jd Th Ts]
Seat 2: Lakasito (big blind) showed [9s Ks] and won 175 with Straight Ace high
Seat 3: Saykod (button) showed [Qc 9c] and lost with Two pairs : Queens and Tens


Winamax Poker - Tournament "Expresso Nitro" buyIn: 0.93€ + 0.07€ level: 3 - HandId: #2690572117866446849-9-1674686500 - Holdem no limit (20/40) - 2023/01/25 22:41:40 UTC
Table: 'Expresso Nitro(626447638)#0' 3-max (real money) Seat #1 is the button
Seat 1: _SKR (265)
Seat 2: Lakasito (175)
Seat 3: Saykod (460)
*** ANTE/BLINDS ***
Lakasito posts small blind 20
Saykod posts big blind 40
Dealt to _SKR [8h 7h]
*** PRE-FLOP *** 
_SKR folds
Lakasito raises 135 to 175 and is all-in
Saykod folds
Lakasito collected 215 from pot
*** SUMMARY ***
Total pot 215 | No rake
Seat 2: Lakasito (small blind) won 215


Winamax Poker - Tournament "Expresso Nitro" buyIn: 0.93€ + 0.07€ level: 3 - HandId: #2690572117866446849-10-1674686513 - Holdem no limit (20/40) - 2023/01/25 22:41:53 UTC
Table: 'Expresso Nitro(626447638)#0' 3-max (real money) Seat #2 is the button
Seat 1: _SKR (265)
Seat 2: Lakasito (215)
Seat 3: Saykod (420)
*** ANTE/BLINDS ***
Saykod posts small blind 20
_SKR posts big blind 40
Dealt to _SKR [2s 5c]
*** PRE-FLOP *** 
Lakasito folds
Saykod folds
_SKR collected 60 from pot
*** SUMMARY ***
Total pot 60 | No rake
Seat 1: _SKR (big blind) won 60


Winamax Poker - Tournament "Expresso Nitro" buyIn: 0.93€ + 0.07€ level: 3 - HandId: #2690572117866446849-11-1674686518 - Holdem no limit (20/40) - 2023/01/25 22:41:58 UTC
Table: 'Expresso Nitro(626447638)#0' 3-max (real money) Seat #3 is the button
Seat 1: _SKR (285)
Seat 2: Lakasito (215)
Seat 3: Saykod (400)
*** ANTE/BLINDS ***
_SKR posts small blind 20
Lakasito posts big blind 40
Dealt to _SKR [Js As]
*** PRE-FLOP *** 
Saykod folds
_SKR raises 245 to 285 and is all-in
Lakasito folds
_SKR collected 325 from pot
*** SUMMARY ***
Total pot 325 | No rake
Seat 1: _SKR (small blind) won 325


Winamax Poker - Tournament "Expresso Nitro" buyIn: 0.93€ + 0.07€ level: 3 - HandId: #2690572117866446849-12-1674686528 - Holdem no limit (20/40) - 2023/01/25 22:42:08 UTC
Table: 'Expresso Nitro(626447638)#0' 3-max (real money) Seat #1 is the button
Seat 1: _SKR (325)
Seat 2: Lakasito (175)
Seat 3: Saykod (400)
*** ANTE/BLINDS ***
Lakasito posts small blind 20
Saykod posts big blind 40
Dealt to _SKR [Td 4s]
*** PRE-FLOP *** 
_SKR folds
Lakasito folds
Saykod collected 60 from pot
*** SUMMARY ***
Total pot 60 | No rake
Seat 3: Saykod (big blind) won 60


Winamax Poker - Tournament "Expresso Nitro" buyIn: 0.93€ + 0.07€ level: 3 - HandId: #2690572117866446849-13-1674686532 - Holdem no limit (20/40) - 2023/01/25 22:42:12 UTC
Table: 'Expresso Nitro(626447638)#0' 3-max (real money) Seat #2 is the button
Seat 1: _SKR (325)
Seat 2: Lakasito (155)
Seat 3: Saykod (420)
*** ANTE/BLINDS ***
Saykod posts small blind 20
_SKR posts big blind 40
Dealt to _SKR [9d Ac]
*** PRE-FLOP *** 
Lakasito raises 115 to 155 and is all-in
Saykod raises 265 to 420 and is all-in
_SKR calls 285 and is all-in
*** FLOP *** [4s Jd Qd]
*** TURN *** [4s Jd Qd][Kd]
*** RIVER *** [4s Jd Qd Kd][Kc]
*** SHOW DOWN ***
_SKR shows [9d Ac] (One pair : Kings)
Lakasito shows [Jh 9h] (Two pairs : Kings and Jacks)
Saykod shows [Ks Qs] (Full of Kings and Queens)
Saykod collected 900 from pot
*** SUMMARY ***
Total pot 900 | No rake
Board: [4s Jd Qd Kd Kc]
Seat 1: _SKR (big blind) showed [9d Ac] and lost with One pair : Kings
Seat 2: Lakasito (button) showed [Jh 9h] and lost with Two pairs : Kings and Jacks
Seat 3: Saykod (small blind) showed [Ks Qs] and won 900 with Full of Kings and Queens


