Winamax Poker - Tournament "Expresso Nitro" buyIn: 0.93€ + 0.07€ level: 1 - HandId: #2729609062734888961-1-1676921802 - Holdem no limit (10/20) - 2023/02/20 19:36:42 UTC
Table: 'Expresso Nitro(635536635)#0' 3-max (real money) Seat #1 is the button
Seat 1: WINNNAXXXXX (300)
Seat 2: _SKR (300)
Seat 3: joke5522 (300)
*** ANTE/BLINDS ***
_SKR posts small blind 10
joke5522 posts big blind 20
Dealt to _SKR [5h 5c]
*** PRE-FLOP *** 
WINNNAXXXXX folds
_SKR raises 280 to 300 and is all-in
joke5522 folds
_SKR collected 320 from pot
*** SUMMARY ***
Total pot 320 | No rake
Seat 2: _SKR (small blind) won 320


Winamax Poker - Tournament "Expresso Nitro" buyIn: 0.93€ + 0.07€ level: 1 - HandId: #2729609062734888961-2-1676921817 - Holdem no limit (10/20) - 2023/02/20 19:36:57 UTC
Table: 'Expresso Nitro(635536635)#0' 3-max (real money) Seat #2 is the button
Seat 1: WINNNAXXXXX (300)
Seat 2: _SKR (320)
Seat 3: joke5522 (280)
*** ANTE/BLINDS ***
joke5522 posts small blind 10
WINNNAXXXXX posts big blind 20
Dealt to _SKR [9h Qs]
*** PRE-FLOP *** 
_SKR folds
joke5522 folds
WINNNAXXXXX collected 30 from pot
*** SUMMARY ***
Total pot 30 | No rake
Seat 1: WINNNAXXXXX (big blind) won 30


Winamax Poker - Tournament "Expresso Nitro" buyIn: 0.93€ + 0.07€ level: 1 - HandId: #2729609062734888961-3-1676921834 - Holdem no limit (10/20) - 2023/02/20 19:37:14 UTC
Table: 'Expresso Nitro(635536635)#0' 3-max (real money) Seat #3 is the button
Seat 1: WINNNAXXXXX (310)
Seat 2: _SKR (320)
Seat 3: joke5522 (270)
*** ANTE/BLINDS ***
WINNNAXXXXX posts small blind 10
_SKR posts big blind 20
Dealt to _SKR [Ad 4s]
*** PRE-FLOP *** 
joke5522 folds
WINNNAXXXXX raises 290 to 310 and is all-in
_SKR folds
WINNNAXXXXX collected 330 from pot
*** SUMMARY ***
Total pot 330 | No rake
Seat 1: WINNNAXXXXX (small blind) won 330


Winamax Poker - Tournament "Expresso Nitro" buyIn: 0.93€ + 0.07€ level: 1 - HandId: #2729609062734888961-4-1676921854 - Holdem no limit (10/20) - 2023/02/20 19:37:34 UTC
Table: 'Expresso Nitro(635536635)#0' 3-max (real money) Seat #1 is the button
Seat 1: WINNNAXXXXX (330)
Seat 2: _SKR (300)
Seat 3: joke5522 (270)
*** ANTE/BLINDS ***
_SKR posts small blind 10
joke5522 posts big blind 20
Dealt to _SKR [Tc 7c]
*** PRE-FLOP *** 
WINNNAXXXXX folds
_SKR folds
joke5522 collected 30 from pot
*** SUMMARY ***
Total pot 30 | No rake
Seat 3: joke5522 (big blind) won 30


Winamax Poker - Tournament "Expresso Nitro" buyIn: 0.93€ + 0.07€ level: 2 - HandId: #2729609062734888961-5-1676921863 - Holdem no limit (15/30) - 2023/02/20 19:37:43 UTC
Table: 'Expresso Nitro(635536635)#0' 3-max (real money) Seat #2 is the button
Seat 1: WINNNAXXXXX (330)
Seat 2: _SKR (290)
Seat 3: joke5522 (280)
*** ANTE/BLINDS ***
joke5522 posts small blind 15
WINNNAXXXXX posts big blind 30
Dealt to _SKR [8c Ac]
*** PRE-FLOP *** 
_SKR raises 260 to 290 and is all-in
joke5522 folds
WINNNAXXXXX folds
_SKR collected 335 from pot
*** SUMMARY ***
Total pot 335 | No rake
Seat 2: _SKR (button) won 335


Winamax Poker - Tournament "Expresso Nitro" buyIn: 0.93€ + 0.07€ level: 2 - HandId: #2729609062734888961-6-1676921878 - Holdem no limit (15/30) - 2023/02/20 19:37:58 UTC
Table: 'Expresso Nitro(635536635)#0' 3-max (real money) Seat #3 is the button
Seat 1: WINNNAXXXXX (300)
Seat 2: _SKR (335)
Seat 3: joke5522 (265)
*** ANTE/BLINDS ***
WINNNAXXXXX posts small blind 15
_SKR posts big blind 30
Dealt to _SKR [6s Jd]
*** PRE-FLOP *** 
joke5522 folds
WINNNAXXXXX raises 270 to 300 and is all-in
_SKR folds
WINNNAXXXXX collected 330 from pot
*** SUMMARY ***
Total pot 330 | No rake
Seat 1: WINNNAXXXXX (small blind) won 330


Winamax Poker - Tournament "Expresso Nitro" buyIn: 0.93€ + 0.07€ level: 2 - HandId: #2729609062734888961-7-1676921906 - Holdem no limit (15/30) - 2023/02/20 19:38:26 UTC
Table: 'Expresso Nitro(635536635)#0' 3-max (real money) Seat #1 is the button
Seat 1: WINNNAXXXXX (330)
Seat 2: _SKR (305)
Seat 3: joke5522 (265)
*** ANTE/BLINDS ***
_SKR posts small blind 15
joke5522 posts big blind 30
Dealt to _SKR [9s Ah]
*** PRE-FLOP *** 
WINNNAXXXXX raises 300 to 330 and is all-in
_SKR calls 290 and is all-in
joke5522 folds
*** FLOP *** [Ts 9d 7d]
*** TURN *** [Ts 9d 7d][Th]
*** RIVER *** [Ts 9d 7d Th][4d]
*** SHOW DOWN ***
WINNNAXXXXX shows [As 9c] (Two pairs : Tens and 9)
_SKR shows [9s Ah] (Two pairs : Tens and 9)
_SKR collected 320 from main pot
WINNNAXXXXX collected 345 from side pot 1
*** SUMMARY ***
Total pot 665 | No rake
Board: [Ts 9d 7d Th 4d]
Seat 1: WINNNAXXXXX (button) showed [As 9c] and won 345 with Two pairs : Tens and 9
Seat 2: _SKR (small blind) showed [9s Ah] and won 320 with Two pairs : Tens and 9


Winamax Poker - Tournament "Expresso Nitro" buyIn: 0.93€ + 0.07€ level: 3 - HandId: #2729609062734888961-8-1676921919 - Holdem no limit (20/40) - 2023/02/20 19:38:39 UTC
Table: 'Expresso Nitro(635536635)#0' 3-max (real money) Seat #2 is the button
Seat 1: WINNNAXXXXX (345)
Seat 2: _SKR (320)
Seat 3: joke5522 (235)
*** ANTE/BLINDS ***
joke5522 posts small blind 20
WINNNAXXXXX posts big blind 40
Dealt to _SKR [7d 6h]
*** PRE-FLOP *** 
_SKR folds
joke5522 raises 195 to 235 and is all-in
WINNNAXXXXX folds
joke5522 collected 275 from pot
*** SUMMARY ***
Total pot 275 | No rake
Seat 3: joke5522 (small blind) won 275


Winamax Poker - Tournament "Expresso Nitro" buyIn: 0.93€ + 0.07€ level: 3 - HandId: #2729609062734888961-9-1676921938 - Holdem no limit (20/40) - 2023/02/20 19:38:58 UTC
Table: 'Expresso Nitro(635536635)#0' 3-max (real money) Seat #3 is the button
Seat 1: WINNNAXXXXX (305)
Seat 2: _SKR (320)
Seat 3: joke5522 (275)
*** ANTE/BLINDS ***
WINNNAXXXXX posts small blind 20
_SKR posts big blind 40
Dealt to _SKR [3h 5c]
*** PRE-FLOP *** 
joke5522 raises 235 to 275 and is all-in
WINNNAXXXXX raises 30 to 305 and is all-in
_SKR folds
*** FLOP *** [Kh Qs 2c]
*** TURN *** [Kh Qs 2c][Th]
*** RIVER *** [Kh Qs 2c Th][2h]
*** SHOW DOWN ***
joke5522 shows [Td Qc] (Two pairs : Queens and Tens)
WINNNAXXXXX shows [Jc Kd] (Two pairs : Kings and 2)
WINNNAXXXXX collected 620 from pot
*** SUMMARY ***
Total pot 620 | No rake
Board: [Kh Qs 2c Th 2h]
Seat 1: WINNNAXXXXX (small blind) showed [Jc Kd] and won 620 with Two pairs : Kings and 2
Seat 3: joke5522 (button) showed [Td Qc] and lost with Two pairs : Queens and Tens


Winamax Poker - Tournament "Expresso Nitro" buyIn: 0.93€ + 0.07€ level: 4 - HandId: #2729609062734888961-10-1676921982 - Holdem no limit (30/60) - 2023/02/20 19:39:42 UTC
Table: 'Expresso Nitro(635536635)#0' 3-max (real money) Seat #2 is the button
Seat 1: WINNNAXXXXX (620)
Seat 2: _SKR (280)
*** ANTE/BLINDS ***
_SKR posts small blind 30
WINNNAXXXXX posts big blind 60
Dealt to _SKR [3h 3c]
*** PRE-FLOP *** 
_SKR raises 220 to 280 and is all-in
WINNNAXXXXX folds
_SKR collected 340 from pot
*** SUMMARY ***
Total pot 340 | No rake
Seat 2: _SKR (small blind) (button) won 340


Winamax Poker - Tournament "Expresso Nitro" buyIn: 0.93€ + 0.07€ level: 4 - HandId: #2729609062734888961-11-1676921988 - Holdem no limit (30/60) - 2023/02/20 19:39:48 UTC
Table: 'Expresso Nitro(635536635)#0' 3-max (real money) Seat #1 is the button
Seat 1: WINNNAXXXXX (560)
Seat 2: _SKR (340)
*** ANTE/BLINDS ***
WINNNAXXXXX posts small blind 30
_SKR posts big blind 60
Dealt to _SKR [8h 3h]
*** PRE-FLOP *** 
WINNNAXXXXX calls 30
_SKR checks
*** FLOP *** [9c 2h Kc]
_SKR checks
WINNNAXXXXX bets 120
_SKR folds
WINNNAXXXXX collected 240 from pot
*** SUMMARY ***
Total pot 240 | No rake
Board: [9c 2h Kc]
Seat 1: WINNNAXXXXX (small blind) (button) won 240


Winamax Poker - Tournament "Expresso Nitro" buyIn: 0.93€ + 0.07€ level: 4 - HandId: #2729609062734888961-12-1676922012 - Holdem no limit (30/60) - 2023/02/20 19:40:12 UTC
Table: 'Expresso Nitro(635536635)#0' 3-max (real money) Seat #2 is the button
Seat 1: WINNNAXXXXX (620)
Seat 2: _SKR (280)
*** ANTE/BLINDS ***
_SKR posts small blind 30
WINNNAXXXXX posts big blind 60
Dealt to _SKR [8c Kh]
*** PRE-FLOP *** 
_SKR raises 220 to 280 and is all-in
WINNNAXXXXX calls 220
*** FLOP *** [4d Qh Jc]
*** TURN *** [4d Qh Jc][9c]
*** RIVER *** [4d Qh Jc 9c][Qd]
*** SHOW DOWN ***
_SKR shows [8c Kh] (One pair : Queens)
WINNNAXXXXX shows [Jd 7d] (Two pairs : Queens and Jacks)
WINNNAXXXXX collected 560 from pot
*** SUMMARY ***
Total pot 560 | No rake
Board: [4d Qh Jc 9c Qd]
Seat 1: WINNNAXXXXX (big blind) showed [Jd 7d] and won 560 with Two pairs : Queens and Jacks
Seat 2: _SKR (small blind) (button) showed [8c Kh] and lost with One pair : Queens


