Winamax Poker - Tournament "Expresso Nitro" buyIn: 0.93€ + 0.07€ level: 1 - HandId: #2729545888060932097-1-1676919592 - Holdem no limit (10/20) - 2023/02/20 18:59:52 UTC
Table: 'Expresso Nitro(635521926)#0' 3-max (real money) Seat #3 is the button
Seat 1: The G-Spot (300)
Seat 2: Pack79430 (300)
Seat 3: _SKR (300)
*** ANTE/BLINDS ***
The G-Spot posts small blind 10
Pack79430 posts big blind 20
Dealt to _SKR [8s Td]
*** PRE-FLOP *** 
_SKR folds
The G-Spot folds
Pack79430 collected 30 from pot
*** SUMMARY ***
Total pot 30 | No rake
Seat 2: Pack79430 (big blind) won 30


Winamax Poker - Tournament "Expresso Nitro" buyIn: 0.93€ + 0.07€ level: 1 - HandId: #2729545888060932097-2-1676919600 - Holdem no limit (10/20) - 2023/02/20 19:00:00 UTC
Table: 'Expresso Nitro(635521926)#0' 3-max (real money) Seat #1 is the button
Seat 1: The G-Spot (290)
Seat 2: Pack79430 (310)
Seat 3: _SKR (300)
*** ANTE/BLINDS ***
Pack79430 posts small blind 10
_SKR posts big blind 20
Dealt to _SKR [Ts Jd]
*** PRE-FLOP *** 
The G-Spot folds
Pack79430 folds
_SKR collected 30 from pot
*** SUMMARY ***
Total pot 30 | No rake
Seat 3: _SKR (big blind) won 30


Winamax Poker - Tournament "Expresso Nitro" buyIn: 0.93€ + 0.07€ level: 1 - HandId: #2729545888060932097-3-1676919611 - Holdem no limit (10/20) - 2023/02/20 19:00:11 UTC
Table: 'Expresso Nitro(635521926)#0' 3-max (real money) Seat #2 is the button
Seat 1: The G-Spot (290)
Seat 2: Pack79430 (300)
Seat 3: _SKR (310)
*** ANTE/BLINDS ***
_SKR posts small blind 10
The G-Spot posts big blind 20
Dealt to _SKR [Jh 8d]
*** PRE-FLOP *** 
Pack79430 raises 20 to 40
_SKR folds
The G-Spot raises 80 to 120
Pack79430 raises 80 to 200
The G-Spot calls 80
*** FLOP *** [Ah Kh 7h]
The G-Spot bets 90 and is all-in
Pack79430 raises 10 to 100 and is all-in
*** TURN *** [Ah Kh 7h][7s]
*** RIVER *** [Ah Kh 7h 7s][Ac]
*** SHOW DOWN ***
The G-Spot shows [As Tc] (Full of Aces and 7)
Pack79430 shows [Qd Qh] (Two pairs : Aces and Queens)
Pack79430 collected 10 from side pot 1
The G-Spot collected 590 from main pot
*** SUMMARY ***
Total pot 600 | No rake
Board: [Ah Kh 7h 7s Ac]
Seat 1: The G-Spot (big blind) showed [As Tc] and won 590 with Full of Aces and 7
Seat 2: Pack79430 (button) showed [Qd Qh] and won 10 with Two pairs : Aces and Queens


Winamax Poker - Tournament "Expresso Nitro" buyIn: 0.93€ + 0.07€ level: 2 - HandId: #2729545888060932097-4-1676919656 - Holdem no limit (15/30) - 2023/02/20 19:00:56 UTC
Table: 'Expresso Nitro(635521926)#0' 3-max (real money) Seat #3 is the button
Seat 1: The G-Spot (590)
Seat 2: Pack79430 (10)
Seat 3: _SKR (300)
*** ANTE/BLINDS ***
The G-Spot posts small blind 15
Pack79430 posts big blind 10 and is all-in
Dealt to _SKR [8s Td]
*** PRE-FLOP *** 
_SKR folds
*** FLOP *** [7s 7h Kh]
*** TURN *** [7s 7h Kh][Qs]
*** RIVER *** [7s 7h Kh Qs][9c]
*** SHOW DOWN ***
The G-Spot shows [Jd 4c] (One pair : 7)
Pack79430 shows [Ks 5c] (Two pairs : Kings and 7)
Pack79430 collected 20 from main pot
The G-Spot collected 5 from side pot 1
*** SUMMARY ***
Total pot 25 | No rake
Board: [7s 7h Kh Qs 9c]
Seat 1: The G-Spot (small blind) showed [Jd 4c] and won 5 with One pair : 7
Seat 2: Pack79430 (big blind) showed [Ks 5c] and won 20 with Two pairs : Kings and 7


Winamax Poker - Tournament "Expresso Nitro" buyIn: 0.93€ + 0.07€ level: 2 - HandId: #2729545888060932097-5-1676919666 - Holdem no limit (15/30) - 2023/02/20 19:01:06 UTC
Table: 'Expresso Nitro(635521926)#0' 3-max (real money) Seat #1 is the button
Seat 1: The G-Spot (580)
Seat 2: Pack79430 (20)
Seat 3: _SKR (300)
*** ANTE/BLINDS ***
Pack79430 posts small blind 15
_SKR posts big blind 30
Dealt to _SKR [Ad 2d]
*** PRE-FLOP *** 
The G-Spot raises 30 to 60
Pack79430 calls 5 and is all-in
_SKR raises 240 to 300 and is all-in
The G-Spot calls 240
*** FLOP *** [7s 8d 5s]
*** TURN *** [7s 8d 5s][Kd]
*** RIVER *** [7s 8d 5s Kd][2c]
*** SHOW DOWN ***
Pack79430 shows [4s 9c] (High card : King)
_SKR shows [Ad 2d] (One pair : 2)
The G-Spot shows [3h Kh] (One pair : Kings)
The G-Spot collected 620 from pot
*** SUMMARY ***
Total pot 620 | No rake
Board: [7s 8d 5s Kd 2c]
Seat 1: The G-Spot (button) showed [3h Kh] and won 620 with One pair : Kings
Seat 2: Pack79430 (small blind) showed [4s 9c] and lost with High card : King
Seat 3: _SKR (big blind) showed [Ad 2d] and lost with One pair : 2


