Winamax Poker - Tournament "Expresso Nitro" buyIn: 0.93€ + 0.07€ level: 1 - HandId: #2661430300906618881-1-1673012878 - Holdem no limit (10/20) - 2023/01/06 13:47:58 UTC
Table: 'Expresso Nitro(619662530)#0' 3-max (real money) Seat #3 is the button
Seat 1: _SKR (300)
Seat 2: Cocas street (300)
Seat 3: Claude29 (300)
*** ANTE/BLINDS ***
_SKR posts small blind 10
Cocas street posts big blind 20
Dealt to _SKR [6h Ks]
*** PRE-FLOP *** 
Claude29 raises 20 to 40
_SKR folds
Cocas street folds
Claude29 collected 70 from pot
*** SUMMARY ***
Total pot 70 | No rake
Seat 3: Claude29 (button) won 70


Winamax Poker - Tournament "Expresso Nitro" buyIn: 0.93€ + 0.07€ level: 1 - HandId: #2661430300906618881-2-1673012899 - Holdem no limit (10/20) - 2023/01/06 13:48:19 UTC
Table: 'Expresso Nitro(619662530)#0' 3-max (real money) Seat #1 is the button
Seat 1: _SKR (290)
Seat 2: Cocas street (280)
Seat 3: Claude29 (330)
*** ANTE/BLINDS ***
Cocas street posts small blind 10
Claude29 posts big blind 20
Dealt to _SKR [As 2s]
*** PRE-FLOP *** 
_SKR raises 270 to 290 and is all-in
Cocas street folds
Claude29 folds
_SKR collected 320 from pot
*** SUMMARY ***
Total pot 320 | No rake
Seat 1: _SKR (button) won 320


Winamax Poker - Tournament "Expresso Nitro" buyIn: 0.93€ + 0.07€ level: 1 - HandId: #2661430300906618881-3-1673012913 - Holdem no limit (10/20) - 2023/01/06 13:48:33 UTC
Table: 'Expresso Nitro(619662530)#0' 3-max (real money) Seat #2 is the button
Seat 1: _SKR (320)
Seat 2: Cocas street (270)
Seat 3: Claude29 (310)
*** ANTE/BLINDS ***
Claude29 posts small blind 10
_SKR posts big blind 20
Dealt to _SKR [8s Jc]
*** PRE-FLOP *** 
Cocas street calls 20
Claude29 calls 10
_SKR checks
*** FLOP *** [2c 6d 7d]
Claude29 checks
_SKR checks
Cocas street bets 20
Claude29 calls 20
_SKR folds
*** TURN *** [2c 6d 7d][6c]
Claude29 checks
Cocas street bets 20
Claude29 calls 20
*** RIVER *** [2c 6d 7d 6c][Kd]
Claude29 checks
Cocas street bets 49
Claude29 raises 201 to 250 and is all-in
Cocas street folds
Claude29 collected 439 from pot
*** SUMMARY ***
Total pot 439 | No rake
Board: [2c 6d 7d 6c Kd]
Seat 3: Claude29 (small blind) won 439


Winamax Poker - Tournament "Expresso Nitro" buyIn: 0.93€ + 0.07€ level: 2 - HandId: #2661430300906618881-4-1673012952 - Holdem no limit (15/30) - 2023/01/06 13:49:12 UTC
Table: 'Expresso Nitro(619662530)#0' 3-max (real money) Seat #3 is the button
Seat 1: _SKR (300)
Seat 2: Cocas street (161)
Seat 3: Claude29 (439)
*** ANTE/BLINDS ***
_SKR posts small blind 15
Cocas street posts big blind 30
Dealt to _SKR [5d 6d]
*** PRE-FLOP *** 
Claude29 folds
_SKR calls 15
Cocas street raises 131 to 161 and is all-in
_SKR folds
Cocas street collected 191 from pot
*** SUMMARY ***
Total pot 191 | No rake
Seat 2: Cocas street (big blind) won 191


Winamax Poker - Tournament "Expresso Nitro" buyIn: 0.93€ + 0.07€ level: 2 - HandId: #2661430300906618881-5-1673012968 - Holdem no limit (15/30) - 2023/01/06 13:49:28 UTC
Table: 'Expresso Nitro(619662530)#0' 3-max (real money) Seat #1 is the button
Seat 1: _SKR (270)
Seat 2: Cocas street (191)
Seat 3: Claude29 (439)
*** ANTE/BLINDS ***
Cocas street posts small blind 15
Claude29 posts big blind 30
Dealt to _SKR [7h 2d]
*** PRE-FLOP *** 
_SKR folds
Cocas street folds
Claude29 collected 45 from pot
*** SUMMARY ***
Total pot 45 | No rake
Seat 3: Claude29 (big blind) won 45


Winamax Poker - Tournament "Expresso Nitro" buyIn: 0.93€ + 0.07€ level: 2 - HandId: #2661430300906618881-6-1673012972 - Holdem no limit (15/30) - 2023/01/06 13:49:32 UTC
Table: 'Expresso Nitro(619662530)#0' 3-max (real money) Seat #2 is the button
Seat 1: _SKR (270)
Seat 2: Cocas street (176)
Seat 3: Claude29 (454)
*** ANTE/BLINDS ***
Claude29 posts small blind 15
_SKR posts big blind 30
Dealt to _SKR [Qs 9d]
*** PRE-FLOP *** 
Cocas street folds
Claude29 raises 424 to 454 and is all-in
_SKR folds
Claude29 collected 484 from pot
*** SUMMARY ***
Total pot 484 | No rake
Seat 3: Claude29 (small blind) won 484


Winamax Poker - Tournament "Expresso Nitro" buyIn: 0.93€ + 0.07€ level: 2 - HandId: #2661430300906618881-7-1673012979 - Holdem no limit (15/30) - 2023/01/06 13:49:39 UTC
Table: 'Expresso Nitro(619662530)#0' 3-max (real money) Seat #3 is the button
Seat 1: _SKR (240)
Seat 2: Cocas street (176)
Seat 3: Claude29 (484)
*** ANTE/BLINDS ***
_SKR posts small blind 15
Cocas street posts big blind 30
Dealt to _SKR [5c 3h]
*** PRE-FLOP *** 
Claude29 folds
_SKR folds
Cocas street collected 45 from pot
*** SUMMARY ***
Total pot 45 | No rake
Seat 2: Cocas street (big blind) won 45


Winamax Poker - Tournament "Expresso Nitro" buyIn: 0.93€ + 0.07€ level: 2 - HandId: #2661430300906618881-8-1673012985 - Holdem no limit (15/30) - 2023/01/06 13:49:45 UTC
Table: 'Expresso Nitro(619662530)#0' 3-max (real money) Seat #1 is the button
Seat 1: _SKR (225)
Seat 2: Cocas street (191)
Seat 3: Claude29 (484)
*** ANTE/BLINDS ***
Cocas street posts small blind 15
Claude29 posts big blind 30
Dealt to _SKR [8h Ks]
*** PRE-FLOP *** 
_SKR raises 195 to 225 and is all-in
Cocas street folds
Claude29 folds
_SKR collected 270 from pot
*** SUMMARY ***
Total pot 270 | No rake
Seat 1: _SKR (button) won 270


Winamax Poker - Tournament "Expresso Nitro" buyIn: 0.93€ + 0.07€ level: 2 - HandId: #2661430300906618881-9-1673012993 - Holdem no limit (15/30) - 2023/01/06 13:49:53 UTC
Table: 'Expresso Nitro(619662530)#0' 3-max (real money) Seat #2 is the button
Seat 1: _SKR (270)
Seat 2: Cocas street (176)
Seat 3: Claude29 (454)
*** ANTE/BLINDS ***
Claude29 posts small blind 15
_SKR posts big blind 30
Dealt to _SKR [Ad 4s]
*** PRE-FLOP *** 
Cocas street raises 146 to 176 and is all-in
Claude29 raises 278 to 454 and is all-in
_SKR folds
*** FLOP *** [2c Ah 8s]
*** TURN *** [2c Ah 8s][Ts]
*** RIVER *** [2c Ah 8s Ts][Qh]
*** SHOW DOWN ***
Cocas street shows [Kd 9d] (High card : Ace)
Claude29 shows [Tc Qd] (Two pairs : Queens and Tens)
Claude29 collected 660 from pot
*** SUMMARY ***
Total pot 660 | No rake
Board: [2c Ah 8s Ts Qh]
Seat 2: Cocas street (button) showed [Kd 9d] and lost with High card : Ace
Seat 3: Claude29 (small blind) showed [Tc Qd] and won 660 with Two pairs : Queens and Tens


Winamax Poker - Tournament "Expresso Nitro" buyIn: 0.93€ + 0.07€ level: 3 - HandId: #2661430300906618881-10-1673013012 - Holdem no limit (20/40) - 2023/01/06 13:50:12 UTC
Table: 'Expresso Nitro(619662530)#0' 3-max (real money) Seat #1 is the button
Seat 1: _SKR (240)
Seat 3: Claude29 (660)
*** ANTE/BLINDS ***
_SKR posts small blind 20
Claude29 posts big blind 40
Dealt to _SKR [Qs 9h]
*** PRE-FLOP *** 
_SKR raises 200 to 240 and is all-in
Claude29 folds
_SKR collected 280 from pot
*** SUMMARY ***
Total pot 280 | No rake
Seat 1: _SKR (small blind) (button) won 280


Winamax Poker - Tournament "Expresso Nitro" buyIn: 0.93€ + 0.07€ level: 3 - HandId: #2661430300906618881-11-1673013024 - Holdem no limit (20/40) - 2023/01/06 13:50:24 UTC
Table: 'Expresso Nitro(619662530)#0' 3-max (real money) Seat #3 is the button
Seat 1: _SKR (280)
Seat 3: Claude29 (620)
*** ANTE/BLINDS ***
Claude29 posts small blind 20
_SKR posts big blind 40
Dealt to _SKR [Qs 7h]
*** PRE-FLOP *** 
Claude29 folds
_SKR collected 60 from pot
*** SUMMARY ***
Total pot 60 | No rake
Seat 1: _SKR (big blind) won 60


Winamax Poker - Tournament "Expresso Nitro" buyIn: 0.93€ + 0.07€ level: 3 - HandId: #2661430300906618881-12-1673013028 - Holdem no limit (20/40) - 2023/01/06 13:50:28 UTC
Table: 'Expresso Nitro(619662530)#0' 3-max (real money) Seat #1 is the button
Seat 1: _SKR (300)
Seat 3: Claude29 (600)
*** ANTE/BLINDS ***
_SKR posts small blind 20
Claude29 posts big blind 40
Dealt to _SKR [Jc Ad]
*** PRE-FLOP *** 
_SKR raises 260 to 300 and is all-in
Claude29 calls 260
*** FLOP *** [Qc 2s 5s]
*** TURN *** [Qc 2s 5s][Ah]
*** RIVER *** [Qc 2s 5s Ah][2h]
*** SHOW DOWN ***
Claude29 shows [Jd Ks] (One pair : 2)
_SKR shows [Jc Ad] (Two pairs : Aces and 2)
_SKR collected 600 from pot
*** SUMMARY ***
Total pot 600 | No rake
Board: [Qc 2s 5s Ah 2h]
Seat 1: _SKR (small blind) (button) showed [Jc Ad] and won 600 with Two pairs : Aces and 2
Seat 3: Claude29 (big blind) showed [Jd Ks] and lost with One pair : 2


Winamax Poker - Tournament "Expresso Nitro" buyIn: 0.93€ + 0.07€ level: 3 - HandId: #2661430300906618881-13-1673013044 - Holdem no limit (20/40) - 2023/01/06 13:50:44 UTC
Table: 'Expresso Nitro(619662530)#0' 3-max (real money) Seat #3 is the button
Seat 1: _SKR (600)
Seat 3: Claude29 (300)
*** ANTE/BLINDS ***
Claude29 posts small blind 20
_SKR posts big blind 40
Dealt to _SKR [5d Qs]
*** PRE-FLOP *** 
Claude29 raises 260 to 300 and is all-in
_SKR folds
Claude29 collected 340 from pot
*** SUMMARY ***
Total pot 340 | No rake
Seat 3: Claude29 (small blind) (button) won 340


Winamax Poker - Tournament "Expresso Nitro" buyIn: 0.93€ + 0.07€ level: 3 - HandId: #2661430300906618881-14-1673013050 - Holdem no limit (20/40) - 2023/01/06 13:50:50 UTC
Table: 'Expresso Nitro(619662530)#0' 3-max (real money) Seat #1 is the button
Seat 1: _SKR (560)
Seat 3: Claude29 (340)
*** ANTE/BLINDS ***
_SKR posts small blind 20
Claude29 posts big blind 40
Dealt to _SKR [7s 8c]
*** PRE-FLOP *** 
_SKR folds
Claude29 collected 60 from pot
*** SUMMARY ***
Total pot 60 | No rake
Seat 3: Claude29 (big blind) won 60


Winamax Poker - Tournament "Expresso Nitro" buyIn: 0.93€ + 0.07€ level: 3 - HandId: #2661430300906618881-15-1673013053 - Holdem no limit (20/40) - 2023/01/06 13:50:53 UTC
Table: 'Expresso Nitro(619662530)#0' 3-max (real money) Seat #3 is the button
Seat 1: _SKR (540)
Seat 3: Claude29 (360)
*** ANTE/BLINDS ***
Claude29 posts small blind 20
_SKR posts big blind 40
Dealt to _SKR [Ah 4d]
*** PRE-FLOP *** 
Claude29 folds
_SKR collected 60 from pot
*** SUMMARY ***
Total pot 60 | No rake
Seat 1: _SKR (big blind) won 60


Winamax Poker - Tournament "Expresso Nitro" buyIn: 0.93€ + 0.07€ level: 4 - HandId: #2661430300906618881-16-1673013059 - Holdem no limit (30/60) - 2023/01/06 13:50:59 UTC
Table: 'Expresso Nitro(619662530)#0' 3-max (real money) Seat #1 is the button
Seat 1: _SKR (560)
Seat 3: Claude29 (340)
*** ANTE/BLINDS ***
_SKR posts small blind 30
Claude29 posts big blind 60
Dealt to _SKR [7s Js]
*** PRE-FLOP *** 
_SKR raises 500 to 560 and is all-in
Claude29 calls 280 and is all-in
*** FLOP *** [Qc 3d 4c]
*** TURN *** [Qc 3d 4c][Qd]
*** RIVER *** [Qc 3d 4c Qd][9d]
*** SHOW DOWN ***
_SKR shows [7s Js] (One pair : Queens)
Claude29 shows [7c Jd] (One pair : Queens)
Claude29 collected 340 from main pot
_SKR collected 560 from side pot 1
*** SUMMARY ***
Total pot 900 | No rake
Board: [Qc 3d 4c Qd 9d]
Seat 1: _SKR (small blind) (button) showed [7s Js] and won 560 with One pair : Queens
Seat 3: Claude29 (big blind) showed [7c Jd] and won 340 with One pair : Queens


Winamax Poker - Tournament "Expresso Nitro" buyIn: 0.93€ + 0.07€ level: 4 - HandId: #2661430300906618881-17-1673013072 - Holdem no limit (30/60) - 2023/01/06 13:51:12 UTC
Table: 'Expresso Nitro(619662530)#0' 3-max (real money) Seat #3 is the button
Seat 1: _SKR (560)
Seat 3: Claude29 (340)
*** ANTE/BLINDS ***
Claude29 posts small blind 30
_SKR posts big blind 60
Dealt to _SKR [3c 2h]
*** PRE-FLOP *** 
Claude29 folds
_SKR collected 90 from pot
*** SUMMARY ***
Total pot 90 | No rake
Seat 1: _SKR (big blind) won 90


Winamax Poker - Tournament "Expresso Nitro" buyIn: 0.93€ + 0.07€ level: 4 - HandId: #2661430300906618881-18-1673013076 - Holdem no limit (30/60) - 2023/01/06 13:51:16 UTC
Table: 'Expresso Nitro(619662530)#0' 3-max (real money) Seat #1 is the button
Seat 1: _SKR (590)
Seat 3: Claude29 (310)
*** ANTE/BLINDS ***
_SKR posts small blind 30
Claude29 posts big blind 60
Dealt to _SKR [3d 2h]
*** PRE-FLOP *** 
_SKR folds
Claude29 collected 90 from pot
*** SUMMARY ***
Total pot 90 | No rake
Seat 3: Claude29 (big blind) won 90


Winamax Poker - Tournament "Expresso Nitro" buyIn: 0.93€ + 0.07€ level: 4 - HandId: #2661430300906618881-19-1673013080 - Holdem no limit (30/60) - 2023/01/06 13:51:20 UTC
Table: 'Expresso Nitro(619662530)#0' 3-max (real money) Seat #3 is the button
Seat 1: _SKR (560)
Seat 3: Claude29 (340)
*** ANTE/BLINDS ***
Claude29 posts small blind 30
_SKR posts big blind 60
Dealt to _SKR [As 8c]
*** PRE-FLOP *** 
Claude29 raises 280 to 340 and is all-in
_SKR raises 220 to 560 and is all-in
*** FLOP *** [7c 7d Tc]
*** TURN *** [7c 7d Tc][Qs]
*** RIVER *** [7c 7d Tc Qs][7h]
*** SHOW DOWN ***
_SKR shows [As 8c] (Trips of 7)
Claude29 shows [Jd Ad] (Trips of 7)
Claude29 collected 340 from main pot
_SKR collected 560 from side pot 1
*** SUMMARY ***
Total pot 900 | No rake
Board: [7c 7d Tc Qs 7h]
Seat 1: _SKR (big blind) showed [As 8c] and won 560 with Trips of 7
Seat 3: Claude29 (small blind) (button) showed [Jd Ad] and won 340 with Trips of 7


Winamax Poker - Tournament "Expresso Nitro" buyIn: 0.93€ + 0.07€ level: 4 - HandId: #2661430300906618881-20-1673013097 - Holdem no limit (30/60) - 2023/01/06 13:51:37 UTC
Table: 'Expresso Nitro(619662530)#0' 3-max (real money) Seat #1 is the button
Seat 1: _SKR (560)
Seat 3: Claude29 (340)
*** ANTE/BLINDS ***
_SKR posts small blind 30
Claude29 posts big blind 60
Dealt to _SKR [6c 8h]
*** PRE-FLOP *** 
_SKR folds
Claude29 collected 90 from pot
*** SUMMARY ***
Total pot 90 | No rake
Seat 3: Claude29 (big blind) won 90


Winamax Poker - Tournament "Expresso Nitro" buyIn: 0.93€ + 0.07€ level: 4 - HandId: #2661430300906618881-21-1673013101 - Holdem no limit (30/60) - 2023/01/06 13:51:41 UTC
Table: 'Expresso Nitro(619662530)#0' 3-max (real money) Seat #3 is the button
Seat 1: _SKR (530)
Seat 3: Claude29 (370)
*** ANTE/BLINDS ***
Claude29 posts small blind 30
_SKR posts big blind 60
Dealt to _SKR [Qd 4h]
*** PRE-FLOP *** 
Claude29 raises 310 to 370 and is all-in
_SKR folds
Claude29 collected 430 from pot
*** SUMMARY ***
Total pot 430 | No rake
Seat 3: Claude29 (small blind) (button) won 430


Winamax Poker - Tournament "Expresso Nitro" buyIn: 0.93€ + 0.07€ level: 5 - HandId: #2661430300906618881-22-1673013114 - Holdem no limit (40/80) - 2023/01/06 13:51:54 UTC
Table: 'Expresso Nitro(619662530)#0' 3-max (real money) Seat #1 is the button
Seat 1: _SKR (470)
Seat 3: Claude29 (430)
*** ANTE/BLINDS ***
_SKR posts small blind 40
Claude29 posts big blind 80
Dealt to _SKR [7s 5s]
*** PRE-FLOP *** 
_SKR folds
Claude29 collected 120 from pot
*** SUMMARY ***
Total pot 120 | No rake
Seat 3: Claude29 (big blind) won 120


Winamax Poker - Tournament "Expresso Nitro" buyIn: 0.93€ + 0.07€ level: 5 - HandId: #2661430300906618881-23-1673013119 - Holdem no limit (40/80) - 2023/01/06 13:51:59 UTC
Table: 'Expresso Nitro(619662530)#0' 3-max (real money) Seat #3 is the button
Seat 1: _SKR (430)
Seat 3: Claude29 (470)
*** ANTE/BLINDS ***
Claude29 posts small blind 40
_SKR posts big blind 80
Dealt to _SKR [Jh 9c]
*** PRE-FLOP *** 
Claude29 raises 390 to 470 and is all-in
_SKR folds
Claude29 collected 550 from pot
*** SUMMARY ***
Total pot 550 | No rake
Seat 3: Claude29 (small blind) (button) won 550


Winamax Poker - Tournament "Expresso Nitro" buyIn: 0.93€ + 0.07€ level: 5 - HandId: #2661430300906618881-24-1673013125 - Holdem no limit (40/80) - 2023/01/06 13:52:05 UTC
Table: 'Expresso Nitro(619662530)#0' 3-max (real money) Seat #1 is the button
Seat 1: _SKR (350)
Seat 3: Claude29 (550)
*** ANTE/BLINDS ***
_SKR posts small blind 40
Claude29 posts big blind 80
Dealt to _SKR [Ad Ah]
*** PRE-FLOP *** 
_SKR raises 270 to 350 and is all-in
Claude29 folds
_SKR collected 430 from pot
*** SUMMARY ***
Total pot 430 | No rake
Seat 1: _SKR (small blind) (button) won 430


Winamax Poker - Tournament "Expresso Nitro" buyIn: 0.93€ + 0.07€ level: 5 - HandId: #2661430300906618881-25-1673013132 - Holdem no limit (40/80) - 2023/01/06 13:52:12 UTC
Table: 'Expresso Nitro(619662530)#0' 3-max (real money) Seat #3 is the button
Seat 1: _SKR (430)
Seat 3: Claude29 (470)
*** ANTE/BLINDS ***
Claude29 posts small blind 40
_SKR posts big blind 80
Dealt to _SKR [Ah 9c]
*** PRE-FLOP *** 
Claude29 folds
_SKR collected 120 from pot
*** SUMMARY ***
Total pot 120 | No rake
Seat 1: _SKR (big blind) won 120


Winamax Poker - Tournament "Expresso Nitro" buyIn: 0.93€ + 0.07€ level: 5 - HandId: #2661430300906618881-26-1673013135 - Holdem no limit (40/80) - 2023/01/06 13:52:15 UTC
Table: 'Expresso Nitro(619662530)#0' 3-max (real money) Seat #1 is the button
Seat 1: _SKR (470)
Seat 3: Claude29 (430)
*** ANTE/BLINDS ***
_SKR posts small blind 40
Claude29 posts big blind 80
Dealt to _SKR [2h Ks]
*** PRE-FLOP *** 
_SKR raises 390 to 470 and is all-in
Claude29 calls 350 and is all-in
*** FLOP *** [Qc Tc 8d]
*** TURN *** [Qc Tc 8d][Jh]
*** RIVER *** [Qc Tc 8d Jh][Jd]
*** SHOW DOWN ***
_SKR shows [2h Ks] (One pair : Jacks)
Claude29 shows [Ad 7s] (One pair : Jacks)
Claude29 collected 860 from main pot
_SKR collected 40 from side pot 1
*** SUMMARY ***
Total pot 900 | No rake
Board: [Qc Tc 8d Jh Jd]
Seat 1: _SKR (small blind) (button) showed [2h Ks] and won 40 with One pair : Jacks
Seat 3: Claude29 (big blind) showed [Ad 7s] and won 860 with One pair : Jacks


Winamax Poker - Tournament "Expresso Nitro" buyIn: 0.93€ + 0.07€ level: 5 - HandId: #2661430300906618881-27-1673013150 - Holdem no limit (40/80) - 2023/01/06 13:52:30 UTC
Table: 'Expresso Nitro(619662530)#0' 3-max (real money) Seat #3 is the button
Seat 1: _SKR (40)
Seat 3: Claude29 (860)
*** ANTE/BLINDS ***
Claude29 posts small blind 40
_SKR posts big blind 40 and is all-in
Dealt to _SKR [9s Jh]
*** PRE-FLOP *** 
*** FLOP *** [8s 3d 9d]
*** TURN *** [8s 3d 9d][Kc]
*** RIVER *** [8s 3d 9d Kc][8d]
*** SHOW DOWN ***
Claude29 shows [2h Ts] (One pair : 8)
_SKR shows [9s Jh] (Two pairs : 9 and 8)
_SKR collected 80 from pot
*** SUMMARY ***
Total pot 80 | No rake
Board: [8s 3d 9d Kc 8d]
Seat 1: _SKR (big blind) showed [9s Jh] and won 80 with Two pairs : 9 and 8
Seat 3: Claude29 (small blind) (button) showed [2h Ts] and lost with One pair : 8


Winamax Poker - Tournament "Expresso Nitro" buyIn: 0.93€ + 0.07€ level: 5 - HandId: #2661430300906618881-28-1673013160 - Holdem no limit (40/80) - 2023/01/06 13:52:40 UTC
Table: 'Expresso Nitro(619662530)#0' 3-max (real money) Seat #1 is the button
Seat 1: _SKR (80)
Seat 3: Claude29 (820)
*** ANTE/BLINDS ***
_SKR posts small blind 40
Claude29 posts big blind 80
Dealt to _SKR [7h Qc]
*** PRE-FLOP *** 
_SKR calls 40 and is all-in
*** FLOP *** [8d 7c Qs]
*** TURN *** [8d 7c Qs][4d]
*** RIVER *** [8d 7c Qs 4d][5c]
*** SHOW DOWN ***
_SKR shows [7h Qc] (Two pairs : Queens and 7)
Claude29 shows [6d Td] (Straight 8 high)
Claude29 collected 160 from pot
*** SUMMARY ***
Total pot 160 | No rake
Board: [8d 7c Qs 4d 5c]
Seat 1: _SKR (small blind) (button) showed [7h Qc] and lost with Two pairs : Queens and 7
Seat 3: Claude29 (big blind) showed [6d Td] and won 160 with Straight 8 high


