Winamax Poker - Tournament "Expresso Nitro" buyIn: 1.86€ + 0.14€ level: 1 - HandId: #2694622186127228929-1-1674947735 - Holdem no limit (10/20) - 2023/01/28 23:15:35 UTC
Table: 'Expresso Nitro(627390618)#0' 3-max (real money) Seat #3 is the button
Seat 1: _SKR (300)
Seat 2: wmx-cyrftwz (300)
Seat 3: NaiPasPeurr (300)
*** ANTE/BLINDS ***
_SKR posts small blind 10
wmx-cyrftwz posts big blind 20
Dealt to _SKR [Js 2c]
*** PRE-FLOP *** 
NaiPasPeurr folds
_SKR folds
wmx-cyrftwz collected 30 from pot
*** SUMMARY ***
Total pot 30 | No rake
Seat 2: wmx-cyrftwz (big blind) won 30


Winamax Poker - Tournament "Expresso Nitro" buyIn: 1.86€ + 0.14€ level: 1 - HandId: #2694622186127228929-2-1674947749 - Holdem no limit (10/20) - 2023/01/28 23:15:49 UTC
Table: 'Expresso Nitro(627390618)#0' 3-max (real money) Seat #1 is the button
Seat 1: _SKR (290)
Seat 2: wmx-cyrftwz (310)
Seat 3: NaiPasPeurr (300)
*** ANTE/BLINDS ***
wmx-cyrftwz posts small blind 10
NaiPasPeurr posts big blind 20
Dealt to _SKR [2d 4d]
*** PRE-FLOP *** 
_SKR folds
wmx-cyrftwz raises 290 to 310 and is all-in
NaiPasPeurr folds
wmx-cyrftwz collected 330 from pot
*** SUMMARY ***
Total pot 330 | No rake
Seat 2: wmx-cyrftwz (small blind) won 330


Winamax Poker - Tournament "Expresso Nitro" buyIn: 1.86€ + 0.14€ level: 1 - HandId: #2694622186127228929-3-1674947756 - Holdem no limit (10/20) - 2023/01/28 23:15:56 UTC
Table: 'Expresso Nitro(627390618)#0' 3-max (real money) Seat #2 is the button
Seat 1: _SKR (290)
Seat 2: wmx-cyrftwz (330)
Seat 3: NaiPasPeurr (280)
*** ANTE/BLINDS ***
NaiPasPeurr posts small blind 10
_SKR posts big blind 20
Dealt to _SKR [2d Ad]
*** PRE-FLOP *** 
wmx-cyrftwz calls 20
NaiPasPeurr folds
_SKR raises 270 to 290 and is all-in
wmx-cyrftwz folds
_SKR collected 320 from pot
*** SUMMARY ***
Total pot 320 | No rake
Seat 1: _SKR (big blind) won 320


Winamax Poker - Tournament "Expresso Nitro" buyIn: 1.86€ + 0.14€ level: 1 - HandId: #2694622186127228929-4-1674947766 - Holdem no limit (10/20) - 2023/01/28 23:16:06 UTC
Table: 'Expresso Nitro(627390618)#0' 3-max (real money) Seat #3 is the button
Seat 1: _SKR (320)
Seat 2: wmx-cyrftwz (310)
Seat 3: NaiPasPeurr (270)
*** ANTE/BLINDS ***
_SKR posts small blind 10
wmx-cyrftwz posts big blind 20
Dealt to _SKR [Qc Th]
*** PRE-FLOP *** 
NaiPasPeurr calls 20
_SKR calls 10
wmx-cyrftwz checks
*** FLOP *** [Jc 7s 5h]
_SKR checks
wmx-cyrftwz checks
NaiPasPeurr bets 20
_SKR folds
wmx-cyrftwz folds
NaiPasPeurr collected 80 from pot
*** SUMMARY ***
Total pot 80 | No rake
Board: [Jc 7s 5h]
Seat 3: NaiPasPeurr (button) won 80


Winamax Poker - Tournament "Expresso Nitro" buyIn: 1.86€ + 0.14€ level: 2 - HandId: #2694622186127228929-5-1674947794 - Holdem no limit (15/30) - 2023/01/28 23:16:34 UTC
Table: 'Expresso Nitro(627390618)#0' 3-max (real money) Seat #1 is the button
Seat 1: _SKR (300)
Seat 2: wmx-cyrftwz (290)
Seat 3: NaiPasPeurr (310)
*** ANTE/BLINDS ***
wmx-cyrftwz posts small blind 15
NaiPasPeurr posts big blind 30
Dealt to _SKR [Kh 3s]
*** PRE-FLOP *** 
_SKR folds
wmx-cyrftwz raises 60 to 90
NaiPasPeurr folds
wmx-cyrftwz collected 120 from pot
*** SUMMARY ***
Total pot 120 | No rake
Seat 2: wmx-cyrftwz (small blind) won 120


Winamax Poker - Tournament "Expresso Nitro" buyIn: 1.86€ + 0.14€ level: 2 - HandId: #2694622186127228929-6-1674947808 - Holdem no limit (15/30) - 2023/01/28 23:16:48 UTC
Table: 'Expresso Nitro(627390618)#0' 3-max (real money) Seat #2 is the button
Seat 1: _SKR (300)
Seat 2: wmx-cyrftwz (320)
Seat 3: NaiPasPeurr (280)
*** ANTE/BLINDS ***
NaiPasPeurr posts small blind 15
_SKR posts big blind 30
Dealt to _SKR [Th 3c]
*** PRE-FLOP *** 
wmx-cyrftwz raises 45 to 75
NaiPasPeurr folds
_SKR folds
wmx-cyrftwz collected 120 from pot
*** SUMMARY ***
Total pot 120 | No rake
Seat 2: wmx-cyrftwz (button) won 120


Winamax Poker - Tournament "Expresso Nitro" buyIn: 1.86€ + 0.14€ level: 2 - HandId: #2694622186127228929-7-1674947817 - Holdem no limit (15/30) - 2023/01/28 23:16:57 UTC
Table: 'Expresso Nitro(627390618)#0' 3-max (real money) Seat #3 is the button
Seat 1: _SKR (270)
Seat 2: wmx-cyrftwz (365)
Seat 3: NaiPasPeurr (265)
*** ANTE/BLINDS ***
_SKR posts small blind 15
wmx-cyrftwz posts big blind 30
Dealt to _SKR [Kc 5c]
*** PRE-FLOP *** 
NaiPasPeurr folds
_SKR raises 225 to 255
wmx-cyrftwz folds
_SKR collected 285 from pot
*** SUMMARY ***
Total pot 285 | No rake
Seat 1: _SKR (small blind) won 285


Winamax Poker - Tournament "Expresso Nitro" buyIn: 1.86€ + 0.14€ level: 2 - HandId: #2694622186127228929-8-1674947825 - Holdem no limit (15/30) - 2023/01/28 23:17:05 UTC
Table: 'Expresso Nitro(627390618)#0' 3-max (real money) Seat #1 is the button
Seat 1: _SKR (300)
Seat 2: wmx-cyrftwz (335)
Seat 3: NaiPasPeurr (265)
*** ANTE/BLINDS ***
wmx-cyrftwz posts small blind 15
NaiPasPeurr posts big blind 30
Dealt to _SKR [4c Ad]
*** PRE-FLOP *** 
_SKR raises 270 to 300 and is all-in
wmx-cyrftwz folds
NaiPasPeurr folds
_SKR collected 345 from pot
*** SUMMARY ***
Total pot 345 | No rake
Seat 1: _SKR (button) won 345


Winamax Poker - Tournament "Expresso Nitro" buyIn: 1.86€ + 0.14€ level: 2 - HandId: #2694622186127228929-9-1674947837 - Holdem no limit (15/30) - 2023/01/28 23:17:17 UTC
Table: 'Expresso Nitro(627390618)#0' 3-max (real money) Seat #2 is the button
Seat 1: _SKR (345)
Seat 2: wmx-cyrftwz (320)
Seat 3: NaiPasPeurr (235)
*** ANTE/BLINDS ***
NaiPasPeurr posts small blind 15
_SKR posts big blind 30
Dealt to _SKR [7d Ah]
*** PRE-FLOP *** 
wmx-cyrftwz folds
NaiPasPeurr calls 15
_SKR raises 315 to 345 and is all-in
NaiPasPeurr folds
_SKR collected 375 from pot
*** SUMMARY ***
Total pot 375 | No rake
Seat 1: _SKR (big blind) won 375


Winamax Poker - Tournament "Expresso Nitro" buyIn: 1.86€ + 0.14€ level: 2 - HandId: #2694622186127228929-10-1674947849 - Holdem no limit (15/30) - 2023/01/28 23:17:29 UTC
Table: 'Expresso Nitro(627390618)#0' 3-max (real money) Seat #3 is the button
Seat 1: _SKR (375)
Seat 2: wmx-cyrftwz (320)
Seat 3: NaiPasPeurr (205)
*** ANTE/BLINDS ***
_SKR posts small blind 15
wmx-cyrftwz posts big blind 30
Dealt to _SKR [Ad 4s]
*** PRE-FLOP *** 
NaiPasPeurr folds
_SKR raises 345 to 375 and is all-in
wmx-cyrftwz calls 290 and is all-in
*** FLOP *** [Qs 8d Kh]
*** TURN *** [Qs 8d Kh][3d]
*** RIVER *** [Qs 8d Kh 3d][Qh]
*** SHOW DOWN ***
_SKR shows [Ad 4s] (One pair : Queens)
wmx-cyrftwz shows [Qc Jh] (Trips of Queens)
wmx-cyrftwz collected 640 from main pot
_SKR collected 55 from side pot 1
*** SUMMARY ***
Total pot 695 | No rake
Board: [Qs 8d Kh 3d Qh]
Seat 1: _SKR (small blind) showed [Ad 4s] and won 55 with One pair : Queens
Seat 2: wmx-cyrftwz (big blind) showed [Qc Jh] and won 640 with Trips of Queens


Winamax Poker - Tournament "Expresso Nitro" buyIn: 1.86€ + 0.14€ level: 3 - HandId: #2694622186127228929-11-1674947870 - Holdem no limit (20/40) - 2023/01/28 23:17:50 UTC
Table: 'Expresso Nitro(627390618)#0' 3-max (real money) Seat #1 is the button
Seat 1: _SKR (55)
Seat 2: wmx-cyrftwz (640)
Seat 3: NaiPasPeurr (205)
*** ANTE/BLINDS ***
wmx-cyrftwz posts small blind 20
NaiPasPeurr posts big blind 40
Dealt to _SKR [2h Jc]
*** PRE-FLOP *** 
_SKR raises 15 to 55 and is all-in
wmx-cyrftwz calls 35
NaiPasPeurr folds
*** FLOP *** [Td Qs 8d]
*** TURN *** [Td Qs 8d][3c]
*** RIVER *** [Td Qs 8d 3c][4d]
*** SHOW DOWN ***
_SKR shows [2h Jc] (High card : Queen)
wmx-cyrftwz shows [8c Kh] (One pair : 8)
wmx-cyrftwz collected 150 from pot
*** SUMMARY ***
Total pot 150 | No rake
Board: [Td Qs 8d 3c 4d]
Seat 1: _SKR (button) showed [2h Jc] and lost with High card : Queen
Seat 2: wmx-cyrftwz (small blind) showed [8c Kh] and won 150 with One pair : 8


