Winamax Poker - Tournament "Expresso Nitro" buyIn: 0.93€ + 0.07€ level: 1 - HandId: #2674154944679903233-1-1673703819 - Holdem no limit (10/20) - 2023/01/14 13:43:39 UTC
Table: 'Expresso Nitro(622625217)#0' 3-max (real money) Seat #3 is the button
Seat 1: 1Verre_Pas2 (300)
Seat 2: F. Fognini (300)
Seat 3: _SKR (300)
*** ANTE/BLINDS ***
1Verre_Pas2 posts small blind 10
F. Fognini posts big blind 20
Dealt to _SKR [6c Ac]
*** PRE-FLOP *** 
_SKR raises 20 to 40
1Verre_Pas2 folds
F. Fognini folds
_SKR collected 70 from pot
*** SUMMARY ***
Total pot 70 | No rake
Seat 3: _SKR (button) won 70


Winamax Poker - Tournament "Expresso Nitro" buyIn: 0.93€ + 0.07€ level: 1 - HandId: #2674154944679903233-2-1673703826 - Holdem no limit (10/20) - 2023/01/14 13:43:46 UTC
Table: 'Expresso Nitro(622625217)#0' 3-max (real money) Seat #1 is the button
Seat 1: 1Verre_Pas2 (290)
Seat 2: F. Fognini (280)
Seat 3: _SKR (330)
*** ANTE/BLINDS ***
F. Fognini posts small blind 10
_SKR posts big blind 20
Dealt to _SKR [Jh Jd]
*** PRE-FLOP *** 
1Verre_Pas2 folds
F. Fognini raises 30 to 50
_SKR raises 280 to 330 and is all-in
F. Fognini calls 230 and is all-in
*** FLOP *** [5d 8d Qh]
*** TURN *** [5d 8d Qh][2s]
*** RIVER *** [5d 8d Qh 2s][6s]
*** SHOW DOWN ***
F. Fognini shows [As Td] (High card : Ace)
_SKR shows [Jh Jd] (One pair : Jacks)
_SKR collected 610 from pot
*** SUMMARY ***
Total pot 610 | No rake
Board: [5d 8d Qh 2s 6s]
Seat 2: F. Fognini (small blind) showed [As Td] and lost with High card : Ace
Seat 3: _SKR (big blind) showed [Jh Jd] and won 610 with One pair : Jacks


Winamax Poker - Tournament "Expresso Nitro" buyIn: 0.93€ + 0.07€ level: 1 - HandId: #2674154944679903233-3-1673703847 - Holdem no limit (10/20) - 2023/01/14 13:44:07 UTC
Table: 'Expresso Nitro(622625217)#0' 3-max (real money) Seat #3 is the button
Seat 1: 1Verre_Pas2 (290)
Seat 3: _SKR (610)
*** ANTE/BLINDS ***
_SKR posts small blind 10
1Verre_Pas2 posts big blind 20
Dealt to _SKR [9d Ad]
*** PRE-FLOP *** 
_SKR raises 590 to 610 and is all-in
1Verre_Pas2 folds
_SKR collected 630 from pot
*** SUMMARY ***
Total pot 630 | No rake
Seat 3: _SKR (small blind) (button) won 630


Winamax Poker - Tournament "Expresso Nitro" buyIn: 0.93€ + 0.07€ level: 1 - HandId: #2674154944679903233-4-1673703867 - Holdem no limit (10/20) - 2023/01/14 13:44:27 UTC
Table: 'Expresso Nitro(622625217)#0' 3-max (real money) Seat #1 is the button
Seat 1: 1Verre_Pas2 (270)
Seat 3: _SKR (630)
*** ANTE/BLINDS ***
1Verre_Pas2 posts small blind 10
_SKR posts big blind 20
Dealt to _SKR [Qs 8s]
*** PRE-FLOP *** 
1Verre_Pas2 folds
_SKR collected 30 from pot
*** SUMMARY ***
Total pot 30 | No rake
Seat 3: _SKR (big blind) won 30


Winamax Poker - Tournament "Expresso Nitro" buyIn: 0.93€ + 0.07€ level: 2 - HandId: #2674154944679903233-5-1673703878 - Holdem no limit (15/30) - 2023/01/14 13:44:38 UTC
Table: 'Expresso Nitro(622625217)#0' 3-max (real money) Seat #3 is the button
Seat 1: 1Verre_Pas2 (260)
Seat 3: _SKR (640)
*** ANTE/BLINDS ***
_SKR posts small blind 15
1Verre_Pas2 posts big blind 30
Dealt to _SKR [2c Qd]
*** PRE-FLOP *** 
_SKR folds
1Verre_Pas2 collected 45 from pot
*** SUMMARY ***
Total pot 45 | No rake
Seat 1: 1Verre_Pas2 (big blind) won 45


Winamax Poker - Tournament "Expresso Nitro" buyIn: 0.93€ + 0.07€ level: 2 - HandId: #2674154944679903233-6-1673703882 - Holdem no limit (15/30) - 2023/01/14 13:44:42 UTC
Table: 'Expresso Nitro(622625217)#0' 3-max (real money) Seat #1 is the button
Seat 1: 1Verre_Pas2 (275)
Seat 3: _SKR (625)
*** ANTE/BLINDS ***
1Verre_Pas2 posts small blind 15
_SKR posts big blind 30
Dealt to _SKR [8s 7s]
*** PRE-FLOP *** 
1Verre_Pas2 folds
_SKR collected 45 from pot
*** SUMMARY ***
Total pot 45 | No rake
Seat 3: _SKR (big blind) won 45


Winamax Poker - Tournament "Expresso Nitro" buyIn: 0.93€ + 0.07€ level: 2 - HandId: #2674154944679903233-7-1673703887 - Holdem no limit (15/30) - 2023/01/14 13:44:47 UTC
Table: 'Expresso Nitro(622625217)#0' 3-max (real money) Seat #3 is the button
Seat 1: 1Verre_Pas2 (260)
Seat 3: _SKR (640)
*** ANTE/BLINDS ***
_SKR posts small blind 15
1Verre_Pas2 posts big blind 30
Dealt to _SKR [3c 9d]
*** PRE-FLOP *** 
_SKR folds
1Verre_Pas2 collected 45 from pot
*** SUMMARY ***
Total pot 45 | No rake
Seat 1: 1Verre_Pas2 (big blind) won 45


Winamax Poker - Tournament "Expresso Nitro" buyIn: 0.93€ + 0.07€ level: 2 - HandId: #2674154944679903233-8-1673703890 - Holdem no limit (15/30) - 2023/01/14 13:44:50 UTC
Table: 'Expresso Nitro(622625217)#0' 3-max (real money) Seat #1 is the button
Seat 1: 1Verre_Pas2 (275)
Seat 3: _SKR (625)
*** ANTE/BLINDS ***
1Verre_Pas2 posts small blind 15
_SKR posts big blind 30
Dealt to _SKR [Ts 6c]
*** PRE-FLOP *** 
1Verre_Pas2 folds
_SKR collected 45 from pot
*** SUMMARY ***
Total pot 45 | No rake
Seat 3: _SKR (big blind) won 45


Winamax Poker - Tournament "Expresso Nitro" buyIn: 0.93€ + 0.07€ level: 2 - HandId: #2674154944679903233-9-1673703898 - Holdem no limit (15/30) - 2023/01/14 13:44:58 UTC
Table: 'Expresso Nitro(622625217)#0' 3-max (real money) Seat #3 is the button
Seat 1: 1Verre_Pas2 (260)
Seat 3: _SKR (640)
*** ANTE/BLINDS ***
_SKR posts small blind 15
1Verre_Pas2 posts big blind 30
Dealt to _SKR [5c Jc]
*** PRE-FLOP *** 
_SKR raises 610 to 640 and is all-in
1Verre_Pas2 folds
_SKR collected 670 from pot
*** SUMMARY ***
Total pot 670 | No rake
Seat 3: _SKR (small blind) (button) won 670


Winamax Poker - Tournament "Expresso Nitro" buyIn: 0.93€ + 0.07€ level: 2 - HandId: #2674154944679903233-10-1673703912 - Holdem no limit (15/30) - 2023/01/14 13:45:12 UTC
Table: 'Expresso Nitro(622625217)#0' 3-max (real money) Seat #1 is the button
Seat 1: 1Verre_Pas2 (230)
Seat 3: _SKR (670)
*** ANTE/BLINDS ***
1Verre_Pas2 posts small blind 15
_SKR posts big blind 30
Dealt to _SKR [8c 4s]
*** PRE-FLOP *** 
1Verre_Pas2 raises 200 to 230 and is all-in
_SKR folds
1Verre_Pas2 collected 260 from pot
*** SUMMARY ***
Total pot 260 | No rake
Seat 1: 1Verre_Pas2 (small blind) (button) won 260


Winamax Poker - Tournament "Expresso Nitro" buyIn: 0.93€ + 0.07€ level: 2 - HandId: #2674154944679903233-11-1673703929 - Holdem no limit (15/30) - 2023/01/14 13:45:29 UTC
Table: 'Expresso Nitro(622625217)#0' 3-max (real money) Seat #3 is the button
Seat 1: 1Verre_Pas2 (260)
Seat 3: _SKR (640)
*** ANTE/BLINDS ***
_SKR posts small blind 15
1Verre_Pas2 posts big blind 30
Dealt to _SKR [Ad 6c]
*** PRE-FLOP *** 
_SKR raises 610 to 640 and is all-in
1Verre_Pas2 folds
_SKR collected 670 from pot
*** SUMMARY ***
Total pot 670 | No rake
Seat 3: _SKR (small blind) (button) won 670


Winamax Poker - Tournament "Expresso Nitro" buyIn: 0.93€ + 0.07€ level: 3 - HandId: #2674154944679903233-12-1673703937 - Holdem no limit (20/40) - 2023/01/14 13:45:37 UTC
Table: 'Expresso Nitro(622625217)#0' 3-max (real money) Seat #1 is the button
Seat 1: 1Verre_Pas2 (230)
Seat 3: _SKR (670)
*** ANTE/BLINDS ***
1Verre_Pas2 posts small blind 20
_SKR posts big blind 40
Dealt to _SKR [2c Tc]
*** PRE-FLOP *** 
1Verre_Pas2 raises 190 to 230 and is all-in
_SKR folds
1Verre_Pas2 collected 270 from pot
*** SUMMARY ***
Total pot 270 | No rake
Seat 1: 1Verre_Pas2 (small blind) (button) won 270


Winamax Poker - Tournament "Expresso Nitro" buyIn: 0.93€ + 0.07€ level: 3 - HandId: #2674154944679903233-13-1673703944 - Holdem no limit (20/40) - 2023/01/14 13:45:44 UTC
Table: 'Expresso Nitro(622625217)#0' 3-max (real money) Seat #3 is the button
Seat 1: 1Verre_Pas2 (270)
Seat 3: _SKR (630)
*** ANTE/BLINDS ***
_SKR posts small blind 20
1Verre_Pas2 posts big blind 40
Dealt to _SKR [Ks 7d]
*** PRE-FLOP *** 
_SKR raises 590 to 630 and is all-in
1Verre_Pas2 folds
_SKR collected 670 from pot
*** SUMMARY ***
Total pot 670 | No rake
Seat 3: _SKR (small blind) (button) won 670


Winamax Poker - Tournament "Expresso Nitro" buyIn: 0.93€ + 0.07€ level: 3 - HandId: #2674154944679903233-14-1673703952 - Holdem no limit (20/40) - 2023/01/14 13:45:52 UTC
Table: 'Expresso Nitro(622625217)#0' 3-max (real money) Seat #1 is the button
Seat 1: 1Verre_Pas2 (230)
Seat 3: _SKR (670)
*** ANTE/BLINDS ***
1Verre_Pas2 posts small blind 20
_SKR posts big blind 40
Dealt to _SKR [3d Th]
*** PRE-FLOP *** 
1Verre_Pas2 folds
_SKR collected 60 from pot
*** SUMMARY ***
Total pot 60 | No rake
Seat 3: _SKR (big blind) won 60


Winamax Poker - Tournament "Expresso Nitro" buyIn: 0.93€ + 0.07€ level: 3 - HandId: #2674154944679903233-15-1673703955 - Holdem no limit (20/40) - 2023/01/14 13:45:55 UTC
Table: 'Expresso Nitro(622625217)#0' 3-max (real money) Seat #3 is the button
Seat 1: 1Verre_Pas2 (210)
Seat 3: _SKR (690)
*** ANTE/BLINDS ***
_SKR posts small blind 20
1Verre_Pas2 posts big blind 40
Dealt to _SKR [Js Ah]
*** PRE-FLOP *** 
_SKR raises 650 to 690 and is all-in
1Verre_Pas2 folds
_SKR collected 730 from pot
*** SUMMARY ***
Total pot 730 | No rake
Seat 3: _SKR (small blind) (button) won 730


Winamax Poker - Tournament "Expresso Nitro" buyIn: 0.93€ + 0.07€ level: 3 - HandId: #2674154944679903233-16-1673703962 - Holdem no limit (20/40) - 2023/01/14 13:46:02 UTC
Table: 'Expresso Nitro(622625217)#0' 3-max (real money) Seat #1 is the button
Seat 1: 1Verre_Pas2 (170)
Seat 3: _SKR (730)
*** ANTE/BLINDS ***
1Verre_Pas2 posts small blind 20
_SKR posts big blind 40
Dealt to _SKR [7d 5s]
*** PRE-FLOP *** 
1Verre_Pas2 folds
_SKR collected 60 from pot
*** SUMMARY ***
Total pot 60 | No rake
Seat 3: _SKR (big blind) won 60


Winamax Poker - Tournament "Expresso Nitro" buyIn: 0.93€ + 0.07€ level: 3 - HandId: #2674154944679903233-17-1673703966 - Holdem no limit (20/40) - 2023/01/14 13:46:06 UTC
Table: 'Expresso Nitro(622625217)#0' 3-max (real money) Seat #3 is the button
Seat 1: 1Verre_Pas2 (150)
Seat 3: _SKR (750)
*** ANTE/BLINDS ***
_SKR posts small blind 20
1Verre_Pas2 posts big blind 40
Dealt to _SKR [7h Ks]
*** PRE-FLOP *** 
_SKR raises 710 to 750 and is all-in
1Verre_Pas2 folds
_SKR collected 790 from pot
*** SUMMARY ***
Total pot 790 | No rake
Seat 3: _SKR (small blind) (button) won 790


Winamax Poker - Tournament "Expresso Nitro" buyIn: 0.93€ + 0.07€ level: 3 - HandId: #2674154944679903233-18-1673703972 - Holdem no limit (20/40) - 2023/01/14 13:46:12 UTC
Table: 'Expresso Nitro(622625217)#0' 3-max (real money) Seat #1 is the button
Seat 1: 1Verre_Pas2 (110)
Seat 3: _SKR (790)
*** ANTE/BLINDS ***
1Verre_Pas2 posts small blind 20
_SKR posts big blind 40
Dealt to _SKR [Ah Td]
*** PRE-FLOP *** 
1Verre_Pas2 raises 70 to 110 and is all-in
_SKR calls 70
*** FLOP *** [7s 2s 4c]
*** TURN *** [7s 2s 4c][9d]
*** RIVER *** [7s 2s 4c 9d][Kc]
*** SHOW DOWN ***
_SKR shows [Ah Td] (High card : Ace)
1Verre_Pas2 shows [Jh 9s] (One pair : 9)
1Verre_Pas2 collected 220 from pot
*** SUMMARY ***
Total pot 220 | No rake
Board: [7s 2s 4c 9d Kc]
Seat 1: 1Verre_Pas2 (small blind) (button) showed [Jh 9s] and won 220 with One pair : 9
Seat 3: _SKR (big blind) showed [Ah Td] and lost with High card : Ace


Winamax Poker - Tournament "Expresso Nitro" buyIn: 0.93€ + 0.07€ level: 3 - HandId: #2674154944679903233-19-1673703987 - Holdem no limit (20/40) - 2023/01/14 13:46:27 UTC
Table: 'Expresso Nitro(622625217)#0' 3-max (real money) Seat #3 is the button
Seat 1: 1Verre_Pas2 (220)
Seat 3: _SKR (680)
*** ANTE/BLINDS ***
_SKR posts small blind 20
1Verre_Pas2 posts big blind 40
Dealt to _SKR [2c 2s]
*** PRE-FLOP *** 
_SKR raises 640 to 680 and is all-in
1Verre_Pas2 folds
_SKR collected 720 from pot
*** SUMMARY ***
Total pot 720 | No rake
Seat 3: _SKR (small blind) (button) won 720


Winamax Poker - Tournament "Expresso Nitro" buyIn: 0.93€ + 0.07€ level: 3 - HandId: #2674154944679903233-20-1673703995 - Holdem no limit (20/40) - 2023/01/14 13:46:35 UTC
Table: 'Expresso Nitro(622625217)#0' 3-max (real money) Seat #1 is the button
Seat 1: 1Verre_Pas2 (180)
Seat 3: _SKR (720)
*** ANTE/BLINDS ***
1Verre_Pas2 posts small blind 20
_SKR posts big blind 40
Dealt to _SKR [8c As]
*** PRE-FLOP *** 
1Verre_Pas2 raises 140 to 180 and is all-in
_SKR calls 140
*** FLOP *** [2c Ts Kd]
*** TURN *** [2c Ts Kd][2s]
*** RIVER *** [2c Ts Kd 2s][Qc]
*** SHOW DOWN ***
1Verre_Pas2 shows [Ah 4h] (One pair : 2)
_SKR shows [8c As] (One pair : 2)
_SKR collected 180 from pot
1Verre_Pas2 collected 180 from pot
*** SUMMARY ***
Total pot 360 | No rake
Board: [2c Ts Kd 2s Qc]
Seat 1: 1Verre_Pas2 (small blind) (button) showed [Ah 4h] and won 180 with One pair : 2
Seat 3: _SKR (big blind) showed [8c As] and won 180 with One pair : 2


Winamax Poker - Tournament "Expresso Nitro" buyIn: 0.93€ + 0.07€ level: 4 - HandId: #2674154944679903233-21-1673704009 - Holdem no limit (30/60) - 2023/01/14 13:46:49 UTC
Table: 'Expresso Nitro(622625217)#0' 3-max (real money) Seat #3 is the button
Seat 1: 1Verre_Pas2 (180)
Seat 3: _SKR (720)
*** ANTE/BLINDS ***
_SKR posts small blind 30
1Verre_Pas2 posts big blind 60
Dealt to _SKR [8h Kc]
*** PRE-FLOP *** 
_SKR raises 660 to 720 and is all-in
1Verre_Pas2 calls 120 and is all-in
*** FLOP *** [4s 8s Qs]
*** TURN *** [4s 8s Qs][6s]
*** RIVER *** [4s 8s Qs 6s][2c]
*** SHOW DOWN ***
1Verre_Pas2 shows [7s 7h] (Flush Queen high)
_SKR shows [8h Kc] (One pair : 8)
_SKR collected 540 from side pot 1
1Verre_Pas2 collected 360 from main pot
*** SUMMARY ***
Total pot 900 | No rake
Board: [4s 8s Qs 6s 2c]
Seat 1: 1Verre_Pas2 (big blind) showed [7s 7h] and won 360 with Flush Queen high
Seat 3: _SKR (small blind) (button) showed [8h Kc] and won 540 with One pair : 8


Winamax Poker - Tournament "Expresso Nitro" buyIn: 0.93€ + 0.07€ level: 4 - HandId: #2674154944679903233-22-1673704020 - Holdem no limit (30/60) - 2023/01/14 13:47:00 UTC
Table: 'Expresso Nitro(622625217)#0' 3-max (real money) Seat #1 is the button
Seat 1: 1Verre_Pas2 (360)
Seat 3: _SKR (540)
*** ANTE/BLINDS ***
1Verre_Pas2 posts small blind 30
_SKR posts big blind 60
Dealt to _SKR [5c 9c]
*** PRE-FLOP *** 
1Verre_Pas2 raises 300 to 360 and is all-in
_SKR raises 180 to 540 and is all-in
*** FLOP *** [6c 3c 6s]
*** TURN *** [6c 3c 6s][Kd]
*** RIVER *** [6c 3c 6s Kd][7s]
*** SHOW DOWN ***
1Verre_Pas2 shows [Tc Kh] (Two pairs : Kings and 6)
_SKR shows [5c 9c] (One pair : 6)
_SKR collected 180 from side pot 1
1Verre_Pas2 collected 720 from main pot
*** SUMMARY ***
Total pot 900 | No rake
Board: [6c 3c 6s Kd 7s]
Seat 1: 1Verre_Pas2 (small blind) (button) showed [Tc Kh] and won 720 with Two pairs : Kings and 6
Seat 3: _SKR (big blind) showed [5c 9c] and won 180 with One pair : 6


Winamax Poker - Tournament "Expresso Nitro" buyIn: 0.93€ + 0.07€ level: 4 - HandId: #2674154944679903233-23-1673704036 - Holdem no limit (30/60) - 2023/01/14 13:47:16 UTC
Table: 'Expresso Nitro(622625217)#0' 3-max (real money) Seat #3 is the button
Seat 1: 1Verre_Pas2 (720)
Seat 3: _SKR (180)
*** ANTE/BLINDS ***
_SKR posts small blind 30
1Verre_Pas2 posts big blind 60
Dealt to _SKR [Ac Ks]
*** PRE-FLOP *** 
_SKR raises 120 to 180 and is all-in
1Verre_Pas2 folds
_SKR collected 240 from pot
*** SUMMARY ***
Total pot 240 | No rake
Seat 3: _SKR (small blind) (button) won 240


Winamax Poker - Tournament "Expresso Nitro" buyIn: 0.93€ + 0.07€ level: 4 - HandId: #2674154944679903233-24-1673704041 - Holdem no limit (30/60) - 2023/01/14 13:47:21 UTC
Table: 'Expresso Nitro(622625217)#0' 3-max (real money) Seat #1 is the button
Seat 1: 1Verre_Pas2 (660)
Seat 3: _SKR (240)
*** ANTE/BLINDS ***
1Verre_Pas2 posts small blind 30
_SKR posts big blind 60
Dealt to _SKR [2s 8h]
*** PRE-FLOP *** 
1Verre_Pas2 raises 600 to 660 and is all-in
_SKR folds
1Verre_Pas2 collected 720 from pot
*** SUMMARY ***
Total pot 720 | No rake
Seat 1: 1Verre_Pas2 (small blind) (button) won 720


Winamax Poker - Tournament "Expresso Nitro" buyIn: 0.93€ + 0.07€ level: 4 - HandId: #2674154944679903233-25-1673704045 - Holdem no limit (30/60) - 2023/01/14 13:47:25 UTC
Table: 'Expresso Nitro(622625217)#0' 3-max (real money) Seat #3 is the button
Seat 1: 1Verre_Pas2 (720)
Seat 3: _SKR (180)
*** ANTE/BLINDS ***
_SKR posts small blind 30
1Verre_Pas2 posts big blind 60
Dealt to _SKR [4c 7c]
*** PRE-FLOP *** 
_SKR folds
1Verre_Pas2 collected 90 from pot
*** SUMMARY ***
Total pot 90 | No rake
Seat 1: 1Verre_Pas2 (big blind) won 90


Winamax Poker - Tournament "Expresso Nitro" buyIn: 0.93€ + 0.07€ level: 4 - HandId: #2674154944679903233-26-1673704049 - Holdem no limit (30/60) - 2023/01/14 13:47:29 UTC
Table: 'Expresso Nitro(622625217)#0' 3-max (real money) Seat #1 is the button
Seat 1: 1Verre_Pas2 (750)
Seat 3: _SKR (150)
*** ANTE/BLINDS ***
1Verre_Pas2 posts small blind 30
_SKR posts big blind 60
Dealt to _SKR [2s Js]
*** PRE-FLOP *** 
1Verre_Pas2 raises 690 to 750 and is all-in
_SKR calls 90 and is all-in
*** FLOP *** [Ac 2c Td]
*** TURN *** [Ac 2c Td][3d]
*** RIVER *** [Ac 2c Td 3d][6s]
*** SHOW DOWN ***
1Verre_Pas2 shows [5h 9h] (High card : Ace)
_SKR shows [2s Js] (One pair : 2)
_SKR collected 300 from main pot
1Verre_Pas2 collected 600 from side pot 1
*** SUMMARY ***
Total pot 900 | No rake
Board: [Ac 2c Td 3d 6s]
Seat 1: 1Verre_Pas2 (small blind) (button) showed [5h 9h] and won 600 with High card : Ace
Seat 3: _SKR (big blind) showed [2s Js] and won 300 with One pair : 2


Winamax Poker - Tournament "Expresso Nitro" buyIn: 0.93€ + 0.07€ level: 5 - HandId: #2674154944679903233-27-1673704065 - Holdem no limit (40/80) - 2023/01/14 13:47:45 UTC
Table: 'Expresso Nitro(622625217)#0' 3-max (real money) Seat #3 is the button
Seat 1: 1Verre_Pas2 (600)
Seat 3: _SKR (300)
*** ANTE/BLINDS ***
_SKR posts small blind 40
1Verre_Pas2 posts big blind 80
Dealt to _SKR [8h Ts]
*** PRE-FLOP *** 
_SKR raises 220 to 300 and is all-in
1Verre_Pas2 raises 220 to 520
*** FLOP *** [9c 7c Th]
*** TURN *** [9c 7c Th][As]
*** RIVER *** [9c 7c Th As][8c]
*** SHOW DOWN ***
1Verre_Pas2 shows [7h Kd] (One pair : 7)
_SKR shows [8h Ts] (Two pairs : Tens and 8)
_SKR collected 600 from main pot
1Verre_Pas2 collected 220 from side pot 1
*** SUMMARY ***
Total pot 820 | No rake
Board: [9c 7c Th As 8c]
Seat 1: 1Verre_Pas2 (big blind) showed [7h Kd] and won 220 with One pair : 7
Seat 3: _SKR (small blind) (button) showed [8h Ts] and won 600 with Two pairs : Tens and 8


Winamax Poker - Tournament "Expresso Nitro" buyIn: 0.93€ + 0.07€ level: 5 - HandId: #2674154944679903233-28-1673704076 - Holdem no limit (40/80) - 2023/01/14 13:47:56 UTC
Table: 'Expresso Nitro(622625217)#0' 3-max (real money) Seat #1 is the button
Seat 1: 1Verre_Pas2 (300)
Seat 3: _SKR (600)
*** ANTE/BLINDS ***
1Verre_Pas2 posts small blind 40
_SKR posts big blind 80
Dealt to _SKR [4d Ac]
*** PRE-FLOP *** 
1Verre_Pas2 raises 220 to 300 and is all-in
_SKR calls 220
*** FLOP *** [6s 6h 6c]
*** TURN *** [6s 6h 6c][Kc]
*** RIVER *** [6s 6h 6c Kc][Qs]
*** SHOW DOWN ***
_SKR shows [4d Ac] (Trips of 6)
1Verre_Pas2 shows [7d Kd] (Full of 6 and Kings)
1Verre_Pas2 collected 600 from pot
*** SUMMARY ***
Total pot 600 | No rake
Board: [6s 6h 6c Kc Qs]
Seat 1: 1Verre_Pas2 (small blind) (button) showed [7d Kd] and won 600 with Full of 6 and Kings
Seat 3: _SKR (big blind) showed [4d Ac] and lost with Trips of 6


Winamax Poker - Tournament "Expresso Nitro" buyIn: 0.93€ + 0.07€ level: 5 - HandId: #2674154944679903233-29-1673704088 - Holdem no limit (40/80) - 2023/01/14 13:48:08 UTC
Table: 'Expresso Nitro(622625217)#0' 3-max (real money) Seat #3 is the button
Seat 1: 1Verre_Pas2 (600)
Seat 3: _SKR (300)
*** ANTE/BLINDS ***
_SKR posts small blind 40
1Verre_Pas2 posts big blind 80
Dealt to _SKR [9c Jd]
*** PRE-FLOP *** 
_SKR raises 220 to 300 and is all-in
1Verre_Pas2 raises 220 to 520
*** FLOP *** [Qs 2c Qh]
*** TURN *** [Qs 2c Qh][Kc]
*** RIVER *** [Qs 2c Qh Kc][3d]
*** SHOW DOWN ***
_SKR shows [9c Jd] (One pair : Queens)
1Verre_Pas2 shows [Ah 2s] (Two pairs : Queens and 2)
1Verre_Pas2 collected 820 from pot
*** SUMMARY ***
Total pot 820 | No rake
Board: [Qs 2c Qh Kc 3d]
Seat 1: 1Verre_Pas2 (big blind) showed [Ah 2s] and won 820 with Two pairs : Queens and 2
Seat 3: _SKR (small blind) (button) showed [9c Jd] and lost with One pair : Queens


