Winamax Poker - Tournament "Expresso Nitro" buyIn: 1.86€ + 0.14€ level: 1 - HandId: #2698268750800486401-1-1675188168 - Holdem no limit (10/20) - 2023/01/31 18:02:48 UTC
Table: 'Expresso Nitro(628239650)#0' 3-max (real money) Seat #2 is the button
Seat 1: Winemil (300)
Seat 2: AbsoNok97 (300)
Seat 3: _SKR (300)
*** ANTE/BLINDS ***
_SKR posts small blind 10
Winemil posts big blind 20
Dealt to _SKR [6h 8c]
*** PRE-FLOP *** 
AbsoNok97 folds
_SKR folds
Winemil collected 30 from pot
*** SUMMARY ***
Total pot 30 | No rake
Seat 1: Winemil (big blind) won 30


Winamax Poker - Tournament "Expresso Nitro" buyIn: 1.86€ + 0.14€ level: 1 - HandId: #2698268750800486401-2-1675188177 - Holdem no limit (10/20) - 2023/01/31 18:02:57 UTC
Table: 'Expresso Nitro(628239650)#0' 3-max (real money) Seat #3 is the button
Seat 1: Winemil (310)
Seat 2: AbsoNok97 (300)
Seat 3: _SKR (290)
*** ANTE/BLINDS ***
Winemil posts small blind 10
AbsoNok97 posts big blind 20
Dealt to _SKR [9h 8c]
*** PRE-FLOP *** 
_SKR folds
Winemil folds
AbsoNok97 collected 30 from pot
*** SUMMARY ***
Total pot 30 | No rake
Seat 2: AbsoNok97 (big blind) won 30


Winamax Poker - Tournament "Expresso Nitro" buyIn: 1.86€ + 0.14€ level: 1 - HandId: #2698268750800486401-3-1675188183 - Holdem no limit (10/20) - 2023/01/31 18:03:03 UTC
Table: 'Expresso Nitro(628239650)#0' 3-max (real money) Seat #1 is the button
Seat 1: Winemil (300)
Seat 2: AbsoNok97 (310)
Seat 3: _SKR (290)
*** ANTE/BLINDS ***
AbsoNok97 posts small blind 10
_SKR posts big blind 20
Dealt to _SKR [3c 2c]
*** PRE-FLOP *** 
Winemil raises 280 to 300 and is all-in
AbsoNok97 folds
_SKR folds
Winemil collected 330 from pot
*** SUMMARY ***
Total pot 330 | No rake
Seat 1: Winemil (button) won 330


Winamax Poker - Tournament "Expresso Nitro" buyIn: 1.86€ + 0.14€ level: 1 - HandId: #2698268750800486401-4-1675188194 - Holdem no limit (10/20) - 2023/01/31 18:03:14 UTC
Table: 'Expresso Nitro(628239650)#0' 3-max (real money) Seat #2 is the button
Seat 1: Winemil (330)
Seat 2: AbsoNok97 (300)
Seat 3: _SKR (270)
*** ANTE/BLINDS ***
_SKR posts small blind 10
Winemil posts big blind 20
Dealt to _SKR [Qh 2h]
*** PRE-FLOP *** 
AbsoNok97 calls 20
_SKR folds
Winemil checks
*** FLOP *** [7d 7h Ac]
Winemil checks
AbsoNok97 checks
*** TURN *** [7d 7h Ac][4c]
Winemil checks
AbsoNok97 bets 50
Winemil folds
AbsoNok97 collected 100 from pot
*** SUMMARY ***
Total pot 100 | No rake
Board: [7d 7h Ac 4c]
Seat 2: AbsoNok97 (button) won 100


Winamax Poker - Tournament "Expresso Nitro" buyIn: 1.86€ + 0.14€ level: 1 - HandId: #2698268750800486401-5-1675188223 - Holdem no limit (10/20) - 2023/01/31 18:03:43 UTC
Table: 'Expresso Nitro(628239650)#0' 3-max (real money) Seat #3 is the button
Seat 1: Winemil (310)
Seat 2: AbsoNok97 (330)
Seat 3: _SKR (260)
*** ANTE/BLINDS ***
Winemil posts small blind 10
AbsoNok97 posts big blind 20
Dealt to _SKR [7h 4h]
*** PRE-FLOP *** 
_SKR folds
Winemil calls 10
AbsoNok97 raises 40 to 60
Winemil folds
AbsoNok97 collected 80 from pot
*** SUMMARY ***
Total pot 80 | No rake
Seat 2: AbsoNok97 (big blind) won 80


Winamax Poker - Tournament "Expresso Nitro" buyIn: 1.86€ + 0.14€ level: 2 - HandId: #2698268750800486401-6-1675188247 - Holdem no limit (15/30) - 2023/01/31 18:04:07 UTC
Table: 'Expresso Nitro(628239650)#0' 3-max (real money) Seat #1 is the button
Seat 1: Winemil (290)
Seat 2: AbsoNok97 (350)
Seat 3: _SKR (260)
*** ANTE/BLINDS ***
AbsoNok97 posts small blind 15
_SKR posts big blind 30
Dealt to _SKR [Ah 8c]
*** PRE-FLOP *** 
Winemil calls 30
AbsoNok97 folds
_SKR raises 230 to 260 and is all-in
Winemil folds
_SKR collected 305 from pot
*** SUMMARY ***
Total pot 305 | No rake
Seat 3: _SKR (big blind) won 305


Winamax Poker - Tournament "Expresso Nitro" buyIn: 1.86€ + 0.14€ level: 2 - HandId: #2698268750800486401-7-1675188271 - Holdem no limit (15/30) - 2023/01/31 18:04:31 UTC
Table: 'Expresso Nitro(628239650)#0' 3-max (real money) Seat #2 is the button
Seat 1: Winemil (260)
Seat 2: AbsoNok97 (335)
Seat 3: _SKR (305)
*** ANTE/BLINDS ***
_SKR posts small blind 15
Winemil posts big blind 30
Dealt to _SKR [3h Js]
*** PRE-FLOP *** 
AbsoNok97 calls 30
_SKR folds
Winemil checks
*** FLOP *** [4d 5d 5h]
Winemil checks
AbsoNok97 checks
*** TURN *** [4d 5d 5h][2c]
Winemil checks
AbsoNok97 bets 75
Winemil folds
AbsoNok97 collected 150 from pot
*** SUMMARY ***
Total pot 150 | No rake
Board: [4d 5d 5h 2c]
Seat 2: AbsoNok97 (button) won 150


Winamax Poker - Tournament "Expresso Nitro" buyIn: 1.86€ + 0.14€ level: 3 - HandId: #2698268750800486401-8-1675188336 - Holdem no limit (20/40) - 2023/01/31 18:05:36 UTC
Table: 'Expresso Nitro(628239650)#0' 3-max (real money) Seat #3 is the button
Seat 1: Winemil (230)
Seat 2: AbsoNok97 (380)
Seat 3: _SKR (290)
*** ANTE/BLINDS ***
Winemil posts small blind 20
AbsoNok97 posts big blind 40
Dealt to _SKR [8s 3s]
*** PRE-FLOP *** 
_SKR folds
Winemil calls 20
AbsoNok97 checks
*** FLOP *** [4d Ks Js]
Winemil bets 80
AbsoNok97 folds
Winemil collected 160 from pot
*** SUMMARY ***
Total pot 160 | No rake
Board: [4d Ks Js]
Seat 1: Winemil (small blind) won 160


Winamax Poker - Tournament "Expresso Nitro" buyIn: 1.86€ + 0.14€ level: 4 - HandId: #2698268750800486401-9-1675188358 - Holdem no limit (30/60) - 2023/01/31 18:05:58 UTC
Table: 'Expresso Nitro(628239650)#0' 3-max (real money) Seat #1 is the button
Seat 1: Winemil (270)
Seat 2: AbsoNok97 (340)
Seat 3: _SKR (290)
*** ANTE/BLINDS ***
AbsoNok97 posts small blind 30
_SKR posts big blind 60
Dealt to _SKR [8d 3s]
*** PRE-FLOP *** 
Winemil raises 210 to 270 and is all-in
AbsoNok97 folds
_SKR folds
Winemil collected 360 from pot
*** SUMMARY ***
Total pot 360 | No rake
Seat 1: Winemil (button) won 360


Winamax Poker - Tournament "Expresso Nitro" buyIn: 1.86€ + 0.14€ level: 4 - HandId: #2698268750800486401-10-1675188375 - Holdem no limit (30/60) - 2023/01/31 18:06:15 UTC
Table: 'Expresso Nitro(628239650)#0' 3-max (real money) Seat #2 is the button
Seat 1: Winemil (360)
Seat 2: AbsoNok97 (310)
Seat 3: _SKR (230)
*** ANTE/BLINDS ***
_SKR posts small blind 30
Winemil posts big blind 60
Dealt to _SKR [Jh 9s]
*** PRE-FLOP *** 
AbsoNok97 raises 90 to 150
_SKR folds
Winemil folds
AbsoNok97 collected 240 from pot
*** SUMMARY ***
Total pot 240 | No rake
Seat 2: AbsoNok97 (button) won 240


Winamax Poker - Tournament "Expresso Nitro" buyIn: 1.86€ + 0.14€ level: 4 - HandId: #2698268750800486401-11-1675188390 - Holdem no limit (30/60) - 2023/01/31 18:06:30 UTC
Table: 'Expresso Nitro(628239650)#0' 3-max (real money) Seat #3 is the button
Seat 1: Winemil (300)
Seat 2: AbsoNok97 (400)
Seat 3: _SKR (200)
*** ANTE/BLINDS ***
Winemil posts small blind 30
AbsoNok97 posts big blind 60
Dealt to _SKR [Ks 4c]
*** PRE-FLOP *** 
_SKR raises 140 to 200 and is all-in
Winemil calls 170
AbsoNok97 folds
*** FLOP *** [Jh Ah Qd]
*** TURN *** [Jh Ah Qd][3c]
*** RIVER *** [Jh Ah Qd 3c][4h]
*** SHOW DOWN ***
_SKR shows [Ks 4c] (One pair : 4)
Winemil shows [Th Kh] (Flush Ace high)
Winemil collected 460 from pot
*** SUMMARY ***
Total pot 460 | No rake
Board: [Jh Ah Qd 3c 4h]
Seat 1: Winemil (small blind) showed [Th Kh] and won 460 with Flush Ace high
Seat 3: _SKR (button) showed [Ks 4c] and lost with One pair : 4


