Winamax Poker - Tournament "Expresso Nitro" buyIn: 0.93€ + 0.07€ level: 1 - HandId: #2717220023411146753-1-1676212491 - Holdem no limit (10/20) - 2023/02/12 14:34:51 UTC
Table: 'Expresso Nitro(632652087)#0' 3-max (real money) Seat #1 is the button
Seat 1: Tony.001414 (300)
Seat 2: GuiflloodBzH (300)
Seat 3: _SKR (300)
*** ANTE/BLINDS ***
GuiflloodBzH posts small blind 10
_SKR posts big blind 20
Dealt to _SKR [4c Kd]
*** PRE-FLOP *** 
Tony.001414 calls 20
GuiflloodBzH calls 10
_SKR checks
*** FLOP *** [Jd 2s Tc]
GuiflloodBzH checks
_SKR checks
Tony.001414 checks
*** TURN *** [Jd 2s Tc][7s]
GuiflloodBzH bets 39
_SKR folds
Tony.001414 calls 39
*** RIVER *** [Jd 2s Tc 7s][4h]
GuiflloodBzH bets 48
Tony.001414 folds
GuiflloodBzH collected 186 from pot
*** SUMMARY ***
Total pot 186 | No rake
Board: [Jd 2s Tc 7s 4h]
Seat 2: GuiflloodBzH (small blind) won 186


Winamax Poker - Tournament "Expresso Nitro" buyIn: 0.93€ + 0.07€ level: 1 - HandId: #2717220023411146753-2-1676212524 - Holdem no limit (10/20) - 2023/02/12 14:35:24 UTC
Table: 'Expresso Nitro(632652087)#0' 3-max (real money) Seat #2 is the button
Seat 1: Tony.001414 (241)
Seat 2: GuiflloodBzH (379)
Seat 3: _SKR (280)
*** ANTE/BLINDS ***
_SKR posts small blind 10
Tony.001414 posts big blind 20
Dealt to _SKR [3c 6d]
*** PRE-FLOP *** 
GuiflloodBzH calls 20
_SKR folds
Tony.001414 checks
*** FLOP *** [4c 8d 8s]
Tony.001414 checks
GuiflloodBzH bets 20
Tony.001414 folds
GuiflloodBzH collected 70 from pot
*** SUMMARY ***
Total pot 70 | No rake
Board: [4c 8d 8s]
Seat 2: GuiflloodBzH (button) won 70


Winamax Poker - Tournament "Expresso Nitro" buyIn: 0.93€ + 0.07€ level: 1 - HandId: #2717220023411146753-3-1676212536 - Holdem no limit (10/20) - 2023/02/12 14:35:36 UTC
Table: 'Expresso Nitro(632652087)#0' 3-max (real money) Seat #3 is the button
Seat 1: Tony.001414 (221)
Seat 2: GuiflloodBzH (409)
Seat 3: _SKR (270)
*** ANTE/BLINDS ***
Tony.001414 posts small blind 10
GuiflloodBzH posts big blind 20
Dealt to _SKR [5h 4h]
*** PRE-FLOP *** 
_SKR folds
Tony.001414 calls 10
GuiflloodBzH raises 20 to 40
Tony.001414 calls 20
*** FLOP *** [3c Qd 7c]
Tony.001414 checks
GuiflloodBzH bets 80
Tony.001414 calls 80
*** TURN *** [3c Qd 7c][Ad]
Tony.001414 checks
GuiflloodBzH bets 289 and is all-in
Tony.001414 calls 101 and is all-in
*** RIVER *** [3c Qd 7c Ad][6s]
*** SHOW DOWN ***
Tony.001414 shows [9d Ac] (One pair : Aces)
GuiflloodBzH shows [Ks 8c] (High card : Ace)
GuiflloodBzH collected 188 from side pot 1
Tony.001414 collected 442 from main pot
*** SUMMARY ***
Total pot 630 | No rake
Board: [3c Qd 7c Ad 6s]
Seat 1: Tony.001414 (small blind) showed [9d Ac] and won 442 with One pair : Aces
Seat 2: GuiflloodBzH (big blind) showed [Ks 8c] and won 188 with High card : Ace


Winamax Poker - Tournament "Expresso Nitro" buyIn: 0.93€ + 0.07€ level: 2 - HandId: #2717220023411146753-4-1676212566 - Holdem no limit (15/30) - 2023/02/12 14:36:06 UTC
Table: 'Expresso Nitro(632652087)#0' 3-max (real money) Seat #1 is the button
Seat 1: Tony.001414 (442)
Seat 2: GuiflloodBzH (188)
Seat 3: _SKR (270)
*** ANTE/BLINDS ***
GuiflloodBzH posts small blind 15
_SKR posts big blind 30
Dealt to _SKR [7d 9s]
*** PRE-FLOP *** 
Tony.001414 raises 30 to 60
GuiflloodBzH folds
_SKR folds
Tony.001414 collected 105 from pot
*** SUMMARY ***
Total pot 105 | No rake
Seat 1: Tony.001414 (button) won 105


Winamax Poker - Tournament "Expresso Nitro" buyIn: 0.93€ + 0.07€ level: 2 - HandId: #2717220023411146753-5-1676212575 - Holdem no limit (15/30) - 2023/02/12 14:36:15 UTC
Table: 'Expresso Nitro(632652087)#0' 3-max (real money) Seat #2 is the button
Seat 1: Tony.001414 (487)
Seat 2: GuiflloodBzH (173)
Seat 3: _SKR (240)
*** ANTE/BLINDS ***
_SKR posts small blind 15
Tony.001414 posts big blind 30
Dealt to _SKR [6c 6d]
*** PRE-FLOP *** 
GuiflloodBzH raises 143 to 173 and is all-in
_SKR calls 158
Tony.001414 calls 143
*** FLOP *** [Qh Kc 7c]
_SKR checks
Tony.001414 bets 30
_SKR calls 30
*** TURN *** [Qh Kc 7c][8h]
_SKR checks
Tony.001414 checks
*** RIVER *** [Qh Kc 7c 8h][5c]
_SKR checks
Tony.001414 checks
*** SHOW DOWN ***
Tony.001414 shows [Td 4d] (High card : King)
GuiflloodBzH shows [Js Tc] (High card : King)
_SKR shows [6c 6d] (One pair : 6)
_SKR collected 579 from pot
*** SUMMARY ***
Total pot 579 | No rake
Board: [Qh Kc 7c 8h 5c]
Seat 1: Tony.001414 (big blind) showed [Td 4d] and lost with High card : King
Seat 2: GuiflloodBzH (button) showed [Js Tc] and lost with High card : King
Seat 3: _SKR (small blind) showed [6c 6d] and won 579 with One pair : 6


Winamax Poker - Tournament "Expresso Nitro" buyIn: 0.93€ + 0.07€ level: 3 - HandId: #2717220023411146753-6-1676212618 - Holdem no limit (20/40) - 2023/02/12 14:36:58 UTC
Table: 'Expresso Nitro(632652087)#0' 3-max (real money) Seat #1 is the button
Seat 1: Tony.001414 (284)
Seat 3: _SKR (616)
*** ANTE/BLINDS ***
Tony.001414 posts small blind 20
_SKR posts big blind 40
Dealt to _SKR [8s Jd]
*** PRE-FLOP *** 
Tony.001414 calls 20
_SKR checks
*** FLOP *** [6c 9h 5s]
_SKR checks
Tony.001414 checks
*** TURN *** [6c 9h 5s][5c]
_SKR checks
Tony.001414 checks
*** RIVER *** [6c 9h 5s 5c][8h]
_SKR bets 40
Tony.001414 folds
_SKR collected 120 from pot
*** SUMMARY ***
Total pot 120 | No rake
Board: [6c 9h 5s 5c 8h]
Seat 3: _SKR (big blind) won 120


Winamax Poker - Tournament "Expresso Nitro" buyIn: 0.93€ + 0.07€ level: 3 - HandId: #2717220023411146753-7-1676212638 - Holdem no limit (20/40) - 2023/02/12 14:37:18 UTC
Table: 'Expresso Nitro(632652087)#0' 3-max (real money) Seat #3 is the button
Seat 1: Tony.001414 (244)
Seat 3: _SKR (656)
*** ANTE/BLINDS ***
_SKR posts small blind 20
Tony.001414 posts big blind 40
Dealt to _SKR [5s 7d]
*** PRE-FLOP *** 
_SKR folds
Tony.001414 collected 60 from pot
*** SUMMARY ***
Total pot 60 | No rake
Seat 1: Tony.001414 (big blind) won 60


Winamax Poker - Tournament "Expresso Nitro" buyIn: 0.93€ + 0.07€ level: 3 - HandId: #2717220023411146753-8-1676212645 - Holdem no limit (20/40) - 2023/02/12 14:37:25 UTC
Table: 'Expresso Nitro(632652087)#0' 3-max (real money) Seat #1 is the button
Seat 1: Tony.001414 (264)
Seat 3: _SKR (636)
*** ANTE/BLINDS ***
Tony.001414 posts small blind 20
_SKR posts big blind 40
Dealt to _SKR [7h 8c]
*** PRE-FLOP *** 
Tony.001414 calls 20
_SKR checks
*** FLOP *** [Ad Qh 9s]
_SKR checks
Tony.001414 checks
*** TURN *** [Ad Qh 9s][Ts]
_SKR checks
Tony.001414 bets 40
_SKR calls 40
*** RIVER *** [Ad Qh 9s Ts][Ac]
_SKR checks
Tony.001414 bets 60
_SKR folds
Tony.001414 collected 220 from pot
*** SUMMARY ***
Total pot 220 | No rake
Board: [Ad Qh 9s Ts Ac]
Seat 1: Tony.001414 (small blind) (button) won 220


Winamax Poker - Tournament "Expresso Nitro" buyIn: 0.93€ + 0.07€ level: 4 - HandId: #2717220023411146753-9-1676212690 - Holdem no limit (30/60) - 2023/02/12 14:38:10 UTC
Table: 'Expresso Nitro(632652087)#0' 3-max (real money) Seat #3 is the button
Seat 1: Tony.001414 (344)
Seat 3: _SKR (556)
*** ANTE/BLINDS ***
_SKR posts small blind 30
Tony.001414 posts big blind 60
Dealt to _SKR [8d As]
*** PRE-FLOP *** 
_SKR raises 496 to 556 and is all-in
Tony.001414 calls 284 and is all-in
*** FLOP *** [3h 7d 5s]
*** TURN *** [3h 7d 5s][Ah]
*** RIVER *** [3h 7d 5s Ah][4h]
*** SHOW DOWN ***
Tony.001414 shows [Tc 2d] (Straight 5 high)
_SKR shows [8d As] (One pair : Aces)
_SKR collected 212 from side pot 1
Tony.001414 collected 688 from main pot
*** SUMMARY ***
Total pot 900 | No rake
Board: [3h 7d 5s Ah 4h]
Seat 1: Tony.001414 (big blind) showed [Tc 2d] and won 688 with Straight 5 high
Seat 3: _SKR (small blind) (button) showed [8d As] and won 212 with One pair : Aces


Winamax Poker - Tournament "Expresso Nitro" buyIn: 0.93€ + 0.07€ level: 4 - HandId: #2717220023411146753-10-1676212704 - Holdem no limit (30/60) - 2023/02/12 14:38:24 UTC
Table: 'Expresso Nitro(632652087)#0' 3-max (real money) Seat #1 is the button
Seat 1: Tony.001414 (688)
Seat 3: _SKR (212)
*** ANTE/BLINDS ***
Tony.001414 posts small blind 30
_SKR posts big blind 60
Dealt to _SKR [9c 6h]
*** PRE-FLOP *** 
Tony.001414 raises 60 to 120
_SKR raises 60 to 180
Tony.001414 raises 60 to 240
_SKR calls 32 and is all-in
*** FLOP *** [3c Kc 7s]
*** TURN *** [3c Kc 7s][Qh]
*** RIVER *** [3c Kc 7s Qh][Ts]
*** SHOW DOWN ***
_SKR shows [9c 6h] (High card : King)
Tony.001414 shows [Js 9s] (Straight King high)
Tony.001414 collected 452 from pot
*** SUMMARY ***
Total pot 452 | No rake
Board: [3c Kc 7s Qh Ts]
Seat 1: Tony.001414 (small blind) (button) showed [Js 9s] and won 452 with Straight King high
Seat 3: _SKR (big blind) showed [9c 6h] and lost with High card : King


