Winamax Poker - Tournament "Expresso Nitro" buyIn: 0.93€ + 0.07€ level: 1 - HandId: #2717249130404511745-1-1676213944 - Holdem no limit (10/20) - 2023/02/12 14:59:04 UTC
Table: 'Expresso Nitro(632658864)#0' 3-max (real money) Seat #2 is the button
Seat 1: LeYaudet (300)
Seat 2: _SKR (300)
Seat 3: JoePesci63 (300)
*** ANTE/BLINDS ***
JoePesci63 posts small blind 10
LeYaudet posts big blind 20
Dealt to _SKR [3c 7d]
*** PRE-FLOP *** 
_SKR folds
JoePesci63 calls 10
LeYaudet raises 280 to 300 and is all-in
JoePesci63 folds
LeYaudet collected 320 from pot
*** SUMMARY ***
Total pot 320 | No rake
Seat 1: LeYaudet (big blind) won 320


Winamax Poker - Tournament "Expresso Nitro" buyIn: 0.93€ + 0.07€ level: 1 - HandId: #2717249130404511745-2-1676213959 - Holdem no limit (10/20) - 2023/02/12 14:59:19 UTC
Table: 'Expresso Nitro(632658864)#0' 3-max (real money) Seat #3 is the button
Seat 1: LeYaudet (320)
Seat 2: _SKR (300)
Seat 3: JoePesci63 (280)
*** ANTE/BLINDS ***
LeYaudet posts small blind 10
_SKR posts big blind 20
Dealt to _SKR [7s Qd]
*** PRE-FLOP *** 
JoePesci63 folds
LeYaudet folds
_SKR collected 30 from pot
*** SUMMARY ***
Total pot 30 | No rake
Seat 2: _SKR (big blind) won 30


Winamax Poker - Tournament "Expresso Nitro" buyIn: 0.93€ + 0.07€ level: 1 - HandId: #2717249130404511745-3-1676213964 - Holdem no limit (10/20) - 2023/02/12 14:59:24 UTC
Table: 'Expresso Nitro(632658864)#0' 3-max (real money) Seat #1 is the button
Seat 1: LeYaudet (310)
Seat 2: _SKR (310)
Seat 3: JoePesci63 (280)
*** ANTE/BLINDS ***
_SKR posts small blind 10
JoePesci63 posts big blind 20
Dealt to _SKR [6d Jc]
*** PRE-FLOP *** 
LeYaudet folds
_SKR folds
JoePesci63 collected 30 from pot
*** SUMMARY ***
Total pot 30 | No rake
Seat 3: JoePesci63 (big blind) won 30


Winamax Poker - Tournament "Expresso Nitro" buyIn: 0.93€ + 0.07€ level: 1 - HandId: #2717249130404511745-4-1676213969 - Holdem no limit (10/20) - 2023/02/12 14:59:29 UTC
Table: 'Expresso Nitro(632658864)#0' 3-max (real money) Seat #2 is the button
Seat 1: LeYaudet (310)
Seat 2: _SKR (300)
Seat 3: JoePesci63 (290)
*** ANTE/BLINDS ***
JoePesci63 posts small blind 10
LeYaudet posts big blind 20
Dealt to _SKR [7c 6s]
*** PRE-FLOP *** 
_SKR folds
JoePesci63 folds
LeYaudet collected 30 from pot
*** SUMMARY ***
Total pot 30 | No rake
Seat 1: LeYaudet (big blind) won 30


Winamax Poker - Tournament "Expresso Nitro" buyIn: 0.93€ + 0.07€ level: 1 - HandId: #2717249130404511745-5-1676213975 - Holdem no limit (10/20) - 2023/02/12 14:59:35 UTC
Table: 'Expresso Nitro(632658864)#0' 3-max (real money) Seat #3 is the button
Seat 1: LeYaudet (320)
Seat 2: _SKR (300)
Seat 3: JoePesci63 (280)
*** ANTE/BLINDS ***
LeYaudet posts small blind 10
_SKR posts big blind 20
Dealt to _SKR [5h 4d]
*** PRE-FLOP *** 
JoePesci63 folds
LeYaudet calls 10
_SKR checks
*** FLOP *** [3s 7h 9h]
LeYaudet checks
_SKR checks
*** TURN *** [3s 7h 9h][Qc]
LeYaudet checks
_SKR bets 26
LeYaudet folds
_SKR collected 66 from pot
*** SUMMARY ***
Total pot 66 | No rake
Board: [3s 7h 9h Qc]
Seat 2: _SKR (big blind) won 66


Winamax Poker - Tournament "Expresso Nitro" buyIn: 0.93€ + 0.07€ level: 1 - HandId: #2717249130404511745-6-1676213999 - Holdem no limit (10/20) - 2023/02/12 14:59:59 UTC
Table: 'Expresso Nitro(632658864)#0' 3-max (real money) Seat #1 is the button
Seat 1: LeYaudet (300)
Seat 2: _SKR (320)
Seat 3: JoePesci63 (280)
*** ANTE/BLINDS ***
_SKR posts small blind 10
JoePesci63 posts big blind 20
Dealt to _SKR [Qd 5c]
*** PRE-FLOP *** 
LeYaudet raises 280 to 300 and is all-in
_SKR folds
JoePesci63 folds
LeYaudet collected 330 from pot
*** SUMMARY ***
Total pot 330 | No rake
Seat 1: LeYaudet (button) won 330


Winamax Poker - Tournament "Expresso Nitro" buyIn: 0.93€ + 0.07€ level: 2 - HandId: #2717249130404511745-7-1676214009 - Holdem no limit (15/30) - 2023/02/12 15:00:09 UTC
Table: 'Expresso Nitro(632658864)#0' 3-max (real money) Seat #2 is the button
Seat 1: LeYaudet (330)
Seat 2: _SKR (310)
Seat 3: JoePesci63 (260)
*** ANTE/BLINDS ***
JoePesci63 posts small blind 15
LeYaudet posts big blind 30
Dealt to _SKR [9d 5h]
*** PRE-FLOP *** 
_SKR folds
JoePesci63 folds
LeYaudet collected 45 from pot
*** SUMMARY ***
Total pot 45 | No rake
Seat 1: LeYaudet (big blind) won 45


Winamax Poker - Tournament "Expresso Nitro" buyIn: 0.93€ + 0.07€ level: 2 - HandId: #2717249130404511745-8-1676214019 - Holdem no limit (15/30) - 2023/02/12 15:00:19 UTC
Table: 'Expresso Nitro(632658864)#0' 3-max (real money) Seat #3 is the button
Seat 1: LeYaudet (345)
Seat 2: _SKR (310)
Seat 3: JoePesci63 (245)
*** ANTE/BLINDS ***
LeYaudet posts small blind 15
_SKR posts big blind 30
Dealt to _SKR [4c 8c]
*** PRE-FLOP *** 
JoePesci63 folds
LeYaudet folds
_SKR collected 45 from pot
*** SUMMARY ***
Total pot 45 | No rake
Seat 2: _SKR (big blind) won 45


Winamax Poker - Tournament "Expresso Nitro" buyIn: 0.93€ + 0.07€ level: 2 - HandId: #2717249130404511745-9-1676214031 - Holdem no limit (15/30) - 2023/02/12 15:00:31 UTC
Table: 'Expresso Nitro(632658864)#0' 3-max (real money) Seat #1 is the button
Seat 1: LeYaudet (330)
Seat 2: _SKR (325)
Seat 3: JoePesci63 (245)
*** ANTE/BLINDS ***
_SKR posts small blind 15
JoePesci63 posts big blind 30
Dealt to _SKR [6d 7c]
*** PRE-FLOP *** 
LeYaudet folds
_SKR folds
JoePesci63 collected 45 from pot
*** SUMMARY ***
Total pot 45 | No rake
Seat 3: JoePesci63 (big blind) won 45


Winamax Poker - Tournament "Expresso Nitro" buyIn: 0.93€ + 0.07€ level: 2 - HandId: #2717249130404511745-10-1676214037 - Holdem no limit (15/30) - 2023/02/12 15:00:37 UTC
Table: 'Expresso Nitro(632658864)#0' 3-max (real money) Seat #2 is the button
Seat 1: LeYaudet (330)
Seat 2: _SKR (310)
Seat 3: JoePesci63 (260)
*** ANTE/BLINDS ***
JoePesci63 posts small blind 15
LeYaudet posts big blind 30
Dealt to _SKR [9d 2s]
*** PRE-FLOP *** 
_SKR folds
JoePesci63 calls 15
LeYaudet checks
*** FLOP *** [5d 8c 9s]
JoePesci63 bets 39
LeYaudet folds
JoePesci63 collected 99 from pot
*** SUMMARY ***
Total pot 99 | No rake
Board: [5d 8c 9s]
Seat 3: JoePesci63 (small blind) won 99


Winamax Poker - Tournament "Expresso Nitro" buyIn: 0.93€ + 0.07€ level: 2 - HandId: #2717249130404511745-11-1676214056 - Holdem no limit (15/30) - 2023/02/12 15:00:56 UTC
Table: 'Expresso Nitro(632658864)#0' 3-max (real money) Seat #3 is the button
Seat 1: LeYaudet (300)
Seat 2: _SKR (310)
Seat 3: JoePesci63 (290)
*** ANTE/BLINDS ***
LeYaudet posts small blind 15
_SKR posts big blind 30
Dealt to _SKR [5d Jh]
*** PRE-FLOP *** 
JoePesci63 calls 30
LeYaudet calls 15
_SKR checks
*** FLOP *** [Js 7c Ts]
LeYaudet bets 90
_SKR raises 190 to 280 and is all-in
JoePesci63 calls 260 and is all-in
LeYaudet calls 180 and is all-in
*** TURN *** [Js 7c Ts][4d]
*** RIVER *** [Js 7c Ts 4d][3d]
*** SHOW DOWN ***
LeYaudet shows [Qs 7s] (One pair : 7)
_SKR shows [5d Jh] (One pair : Jacks)
JoePesci63 shows [3s 4s] (Two pairs : 4 and 3)
JoePesci63 collected 870 from main pot
_SKR collected 30 from side pot 1
*** SUMMARY ***
Total pot 900 | No rake
Board: [Js 7c Ts 4d 3d]
Seat 1: LeYaudet (small blind) showed [Qs 7s] and lost with One pair : 7
Seat 2: _SKR (big blind) showed [5d Jh] and won 30 with One pair : Jacks
Seat 3: JoePesci63 (button) showed [3s 4s] and won 870 with Two pairs : 4 and 3


Winamax Poker - Tournament "Expresso Nitro" buyIn: 0.93€ + 0.07€ level: 3 - HandId: #2717249130404511745-12-1676214083 - Holdem no limit (20/40) - 2023/02/12 15:01:23 UTC
Table: 'Expresso Nitro(632658864)#0' 3-max (real money) Seat #2 is the button
Seat 2: _SKR (30)
Seat 3: JoePesci63 (870)
*** ANTE/BLINDS ***
_SKR posts small blind 20
JoePesci63 posts big blind 40
Dealt to _SKR [6h Ac]
*** PRE-FLOP *** 
_SKR calls 10 and is all-in
*** FLOP *** [2d 8c Ts]
*** TURN *** [2d 8c Ts][Ah]
*** RIVER *** [2d 8c Ts Ah][8s]
*** SHOW DOWN ***
_SKR shows [6h Ac] (Two pairs : Aces and 8)
JoePesci63 shows [2c 6s] (Two pairs : 8 and 2)
JoePesci63 collected 10 from side pot 1
_SKR collected 60 from main pot
*** SUMMARY ***
Total pot 70 | No rake
Board: [2d 8c Ts Ah 8s]
Seat 2: _SKR (small blind) (button) showed [6h Ac] and won 60 with Two pairs : Aces and 8
Seat 3: JoePesci63 (big blind) showed [2c 6s] and won 10 with Two pairs : 8 and 2


Winamax Poker - Tournament "Expresso Nitro" buyIn: 0.93€ + 0.07€ level: 3 - HandId: #2717249130404511745-13-1676214093 - Holdem no limit (20/40) - 2023/02/12 15:01:33 UTC
Table: 'Expresso Nitro(632658864)#0' 3-max (real money) Seat #3 is the button
Seat 2: _SKR (60)
Seat 3: JoePesci63 (840)
*** ANTE/BLINDS ***
JoePesci63 posts small blind 20
_SKR posts big blind 40
Dealt to _SKR [6s Ah]
*** PRE-FLOP *** 
JoePesci63 calls 20
_SKR raises 20 to 60 and is all-in
JoePesci63 calls 20
*** FLOP *** [Qh Jd 6h]
*** TURN *** [Qh Jd 6h][Jc]
*** RIVER *** [Qh Jd 6h Jc][7s]
*** SHOW DOWN ***
JoePesci63 shows [5h 9h] (One pair : Jacks)
_SKR shows [6s Ah] (Two pairs : Jacks and 6)
_SKR collected 120 from pot
*** SUMMARY ***
Total pot 120 | No rake
Board: [Qh Jd 6h Jc 7s]
Seat 2: _SKR (big blind) showed [6s Ah] and won 120 with Two pairs : Jacks and 6
Seat 3: JoePesci63 (small blind) (button) showed [5h 9h] and lost with One pair : Jacks


Winamax Poker - Tournament "Expresso Nitro" buyIn: 0.93€ + 0.07€ level: 3 - HandId: #2717249130404511745-14-1676214115 - Holdem no limit (20/40) - 2023/02/12 15:01:55 UTC
Table: 'Expresso Nitro(632658864)#0' 3-max (real money) Seat #2 is the button
Seat 2: _SKR (120)
Seat 3: JoePesci63 (780)
*** ANTE/BLINDS ***
_SKR posts small blind 20
JoePesci63 posts big blind 40
Dealt to _SKR [4c Jc]
*** PRE-FLOP *** 
_SKR raises 80 to 120 and is all-in
JoePesci63 folds
_SKR collected 160 from pot
*** SUMMARY ***
Total pot 160 | No rake
Seat 2: _SKR (small blind) (button) won 160


Winamax Poker - Tournament "Expresso Nitro" buyIn: 0.93€ + 0.07€ level: 4 - HandId: #2717249130404511745-15-1676214129 - Holdem no limit (30/60) - 2023/02/12 15:02:09 UTC
Table: 'Expresso Nitro(632658864)#0' 3-max (real money) Seat #3 is the button
Seat 2: _SKR (160)
Seat 3: JoePesci63 (740)
*** ANTE/BLINDS ***
JoePesci63 posts small blind 30
_SKR posts big blind 60
Dealt to _SKR [Qs Ac]
*** PRE-FLOP *** 
JoePesci63 calls 30
_SKR raises 100 to 160 and is all-in
JoePesci63 calls 100
*** FLOP *** [7h 8c 7d]
*** TURN *** [7h 8c 7d][2c]
*** RIVER *** [7h 8c 7d 2c][4c]
*** SHOW DOWN ***
JoePesci63 shows [Jd 9c] (One pair : 7)
_SKR shows [Qs Ac] (One pair : 7)
_SKR collected 320 from pot
*** SUMMARY ***
Total pot 320 | No rake
Board: [7h 8c 7d 2c 4c]
Seat 2: _SKR (big blind) showed [Qs Ac] and won 320 with One pair : 7
Seat 3: JoePesci63 (small blind) (button) showed [Jd 9c] and lost with One pair : 7


Winamax Poker - Tournament "Expresso Nitro" buyIn: 0.93€ + 0.07€ level: 4 - HandId: #2717249130404511745-16-1676214147 - Holdem no limit (30/60) - 2023/02/12 15:02:27 UTC
Table: 'Expresso Nitro(632658864)#0' 3-max (real money) Seat #2 is the button
Seat 2: _SKR (320)
Seat 3: JoePesci63 (580)
*** ANTE/BLINDS ***
_SKR posts small blind 30
JoePesci63 posts big blind 60
Dealt to _SKR [7c 9h]
*** PRE-FLOP *** 
_SKR folds
JoePesci63 collected 90 from pot
*** SUMMARY ***
Total pot 90 | No rake
Seat 3: JoePesci63 (big blind) won 90


Winamax Poker - Tournament "Expresso Nitro" buyIn: 0.93€ + 0.07€ level: 4 - HandId: #2717249130404511745-17-1676214156 - Holdem no limit (30/60) - 2023/02/12 15:02:36 UTC
Table: 'Expresso Nitro(632658864)#0' 3-max (real money) Seat #3 is the button
Seat 2: _SKR (290)
Seat 3: JoePesci63 (610)
*** ANTE/BLINDS ***
JoePesci63 posts small blind 30
_SKR posts big blind 60
Dealt to _SKR [Qd 5s]
*** PRE-FLOP *** 
JoePesci63 folds
_SKR collected 90 from pot
*** SUMMARY ***
Total pot 90 | No rake
Seat 2: _SKR (big blind) won 90


Winamax Poker - Tournament "Expresso Nitro" buyIn: 0.93€ + 0.07€ level: 4 - HandId: #2717249130404511745-18-1676214163 - Holdem no limit (30/60) - 2023/02/12 15:02:43 UTC
Table: 'Expresso Nitro(632658864)#0' 3-max (real money) Seat #2 is the button
Seat 2: _SKR (320)
Seat 3: JoePesci63 (580)
*** ANTE/BLINDS ***
_SKR posts small blind 30
JoePesci63 posts big blind 60
Dealt to _SKR [Qd 9d]
*** PRE-FLOP *** 
_SKR raises 260 to 320 and is all-in
JoePesci63 raises 260 to 580 and is all-in
*** FLOP *** [7s Jc 8h]
*** TURN *** [7s Jc 8h][6h]
*** RIVER *** [7s Jc 8h 6h][8s]
*** SHOW DOWN ***
_SKR shows [Qd 9d] (One pair : 8)
JoePesci63 shows [As Ts] (One pair : 8)
JoePesci63 collected 900 from pot
*** SUMMARY ***
Total pot 900 | No rake
Board: [7s Jc 8h 6h 8s]
Seat 2: _SKR (small blind) (button) showed [Qd 9d] and lost with One pair : 8
Seat 3: JoePesci63 (big blind) showed [As Ts] and won 900 with One pair : 8


