Winamax Poker - Tournament "Expresso Nitro" buyIn: 0.93€ + 0.07€ level: 1 - HandId: #2675100331406262273-1-1673744409 - Holdem no limit (10/20) - 2023/01/15 01:00:09 UTC
Table: 'Expresso Nitro(622845332)#0' 3-max (real money) Seat #3 is the button
Seat 1: _SKR (300)
Seat 2: FAN2BRITNEY (300)
Seat 3: Leaud34 (300)
*** ANTE/BLINDS ***
_SKR posts small blind 10
FAN2BRITNEY posts big blind 20
Dealt to _SKR [9s Kh]
*** PRE-FLOP *** 
Leaud34 raises 50 to 70
_SKR folds
FAN2BRITNEY folds
Leaud34 collected 100 from pot
*** SUMMARY ***
Total pot 100 | No rake
Seat 3: Leaud34 (button) won 100


Winamax Poker - Tournament "Expresso Nitro" buyIn: 0.93€ + 0.07€ level: 1 - HandId: #2675100331406262273-2-1673744445 - Holdem no limit (10/20) - 2023/01/15 01:00:45 UTC
Table: 'Expresso Nitro(622845332)#0' 3-max (real money) Seat #1 is the button
Seat 1: _SKR (290)
Seat 2: FAN2BRITNEY (280)
Seat 3: Leaud34 (330)
*** ANTE/BLINDS ***
FAN2BRITNEY posts small blind 10
Leaud34 posts big blind 20
Dealt to _SKR [8d 3d]
*** PRE-FLOP *** 
_SKR folds
FAN2BRITNEY raises 260 to 280 and is all-in
Leaud34 folds
FAN2BRITNEY collected 300 from pot
*** SUMMARY ***
Total pot 300 | No rake
Seat 2: FAN2BRITNEY (small blind) won 300


Winamax Poker - Tournament "Expresso Nitro" buyIn: 0.93€ + 0.07€ level: 1 - HandId: #2675100331406262273-3-1673744457 - Holdem no limit (10/20) - 2023/01/15 01:00:57 UTC
Table: 'Expresso Nitro(622845332)#0' 3-max (real money) Seat #2 is the button
Seat 1: _SKR (290)
Seat 2: FAN2BRITNEY (300)
Seat 3: Leaud34 (310)
*** ANTE/BLINDS ***
Leaud34 posts small blind 10
_SKR posts big blind 20
Dealt to _SKR [Ah 7s]
*** PRE-FLOP *** 
FAN2BRITNEY raises 20 to 40
Leaud34 raises 100 to 140
_SKR folds
FAN2BRITNEY folds
Leaud34 collected 200 from pot
*** SUMMARY ***
Total pot 200 | No rake
Seat 3: Leaud34 (small blind) won 200


Winamax Poker - Tournament "Expresso Nitro" buyIn: 0.93€ + 0.07€ level: 2 - HandId: #2675100331406262273-4-1673744471 - Holdem no limit (15/30) - 2023/01/15 01:01:11 UTC
Table: 'Expresso Nitro(622845332)#0' 3-max (real money) Seat #3 is the button
Seat 1: _SKR (270)
Seat 2: FAN2BRITNEY (260)
Seat 3: Leaud34 (370)
*** ANTE/BLINDS ***
_SKR posts small blind 15
FAN2BRITNEY posts big blind 30
Dealt to _SKR [4c 3c]
*** PRE-FLOP *** 
Leaud34 folds
_SKR folds
FAN2BRITNEY collected 45 from pot
*** SUMMARY ***
Total pot 45 | No rake
Seat 2: FAN2BRITNEY (big blind) won 45


Winamax Poker - Tournament "Expresso Nitro" buyIn: 0.93€ + 0.07€ level: 2 - HandId: #2675100331406262273-5-1673744477 - Holdem no limit (15/30) - 2023/01/15 01:01:17 UTC
Table: 'Expresso Nitro(622845332)#0' 3-max (real money) Seat #1 is the button
Seat 1: _SKR (255)
Seat 2: FAN2BRITNEY (275)
Seat 3: Leaud34 (370)
*** ANTE/BLINDS ***
FAN2BRITNEY posts small blind 15
Leaud34 posts big blind 30
Dealt to _SKR [5d 3h]
*** PRE-FLOP *** 
_SKR folds
FAN2BRITNEY folds
Leaud34 collected 45 from pot
*** SUMMARY ***
Total pot 45 | No rake
Seat 3: Leaud34 (big blind) won 45


Winamax Poker - Tournament "Expresso Nitro" buyIn: 0.93€ + 0.07€ level: 2 - HandId: #2675100331406262273-6-1673744481 - Holdem no limit (15/30) - 2023/01/15 01:01:21 UTC
Table: 'Expresso Nitro(622845332)#0' 3-max (real money) Seat #2 is the button
Seat 1: _SKR (255)
Seat 2: FAN2BRITNEY (260)
Seat 3: Leaud34 (385)
*** ANTE/BLINDS ***
Leaud34 posts small blind 15
_SKR posts big blind 30
Dealt to _SKR [5s 8c]
*** PRE-FLOP *** 
FAN2BRITNEY folds
Leaud34 calls 15
_SKR checks
*** FLOP *** [3h Kd 7d]
Leaud34 checks
_SKR checks
*** TURN *** [3h Kd 7d][4c]
Leaud34 checks
_SKR checks
*** RIVER *** [3h Kd 7d 4c][Jh]
Leaud34 checks
_SKR checks
*** SHOW DOWN ***
_SKR shows [5s 8c] (High card : King)
Leaud34 shows [Qs Td] (High card : King)
Leaud34 collected 60 from pot
*** SUMMARY ***
Total pot 60 | No rake
Board: [3h Kd 7d 4c Jh]
Seat 1: _SKR (big blind) showed [5s 8c] and lost with High card : King
Seat 3: Leaud34 (small blind) showed [Qs Td] and won 60 with High card : King


Winamax Poker - Tournament "Expresso Nitro" buyIn: 0.93€ + 0.07€ level: 2 - HandId: #2675100331406262273-7-1673744518 - Holdem no limit (15/30) - 2023/01/15 01:01:58 UTC
Table: 'Expresso Nitro(622845332)#0' 3-max (real money) Seat #3 is the button
Seat 1: _SKR (225)
Seat 2: FAN2BRITNEY (260)
Seat 3: Leaud34 (415)
*** ANTE/BLINDS ***
_SKR posts small blind 15
FAN2BRITNEY posts big blind 30
Dealt to _SKR [6d 5s]
*** PRE-FLOP *** 
Leaud34 folds
_SKR folds
FAN2BRITNEY collected 45 from pot
*** SUMMARY ***
Total pot 45 | No rake
Seat 2: FAN2BRITNEY (big blind) won 45


Winamax Poker - Tournament "Expresso Nitro" buyIn: 0.93€ + 0.07€ level: 3 - HandId: #2675100331406262273-8-1673744525 - Holdem no limit (20/40) - 2023/01/15 01:02:05 UTC
Table: 'Expresso Nitro(622845332)#0' 3-max (real money) Seat #1 is the button
Seat 1: _SKR (210)
Seat 2: FAN2BRITNEY (275)
Seat 3: Leaud34 (415)
*** ANTE/BLINDS ***
FAN2BRITNEY posts small blind 20
Leaud34 posts big blind 40
Dealt to _SKR [Js Jh]
*** PRE-FLOP *** 
_SKR raises 170 to 210 and is all-in
FAN2BRITNEY folds
Leaud34 calls 170
*** FLOP *** [Kc Jc 4c]
*** TURN *** [Kc Jc 4c][3c]
*** RIVER *** [Kc Jc 4c 3c][Tc]
*** SHOW DOWN ***
_SKR shows [Js Jh] (Flush King high)
Leaud34 shows [Kd As] (Flush King high)
Leaud34 collected 220 from pot
_SKR collected 220 from pot
*** SUMMARY ***
Total pot 440 | No rake
Board: [Kc Jc 4c 3c Tc]
Seat 1: _SKR (button) showed [Js Jh] and won 220 with Flush King high
Seat 3: Leaud34 (big blind) showed [Kd As] and won 220 with Flush King high


Winamax Poker - Tournament "Expresso Nitro" buyIn: 0.93€ + 0.07€ level: 3 - HandId: #2675100331406262273-9-1673744537 - Holdem no limit (20/40) - 2023/01/15 01:02:17 UTC
Table: 'Expresso Nitro(622845332)#0' 3-max (real money) Seat #2 is the button
Seat 1: _SKR (220)
Seat 2: FAN2BRITNEY (255)
Seat 3: Leaud34 (425)
*** ANTE/BLINDS ***
Leaud34 posts small blind 20
_SKR posts big blind 40
Dealt to _SKR [Ac 7d]
*** PRE-FLOP *** 
FAN2BRITNEY folds
Leaud34 folds
_SKR collected 60 from pot
*** SUMMARY ***
Total pot 60 | No rake
Seat 1: _SKR (big blind) won 60


Winamax Poker - Tournament "Expresso Nitro" buyIn: 0.93€ + 0.07€ level: 3 - HandId: #2675100331406262273-10-1673744541 - Holdem no limit (20/40) - 2023/01/15 01:02:21 UTC
Table: 'Expresso Nitro(622845332)#0' 3-max (real money) Seat #3 is the button
Seat 1: _SKR (240)
Seat 2: FAN2BRITNEY (255)
Seat 3: Leaud34 (405)
*** ANTE/BLINDS ***
_SKR posts small blind 20
FAN2BRITNEY posts big blind 40
Dealt to _SKR [Td 2c]
*** PRE-FLOP *** 
Leaud34 folds
_SKR folds
FAN2BRITNEY collected 60 from pot
*** SUMMARY ***
Total pot 60 | No rake
Seat 2: FAN2BRITNEY (big blind) won 60


Winamax Poker - Tournament "Expresso Nitro" buyIn: 0.93€ + 0.07€ level: 3 - HandId: #2675100331406262273-11-1673744550 - Holdem no limit (20/40) - 2023/01/15 01:02:30 UTC
Table: 'Expresso Nitro(622845332)#0' 3-max (real money) Seat #1 is the button
Seat 1: _SKR (220)
Seat 2: FAN2BRITNEY (275)
Seat 3: Leaud34 (405)
*** ANTE/BLINDS ***
FAN2BRITNEY posts small blind 20
Leaud34 posts big blind 40
Dealt to _SKR [Jc Qs]
*** PRE-FLOP *** 
_SKR raises 180 to 220 and is all-in
FAN2BRITNEY folds
Leaud34 folds
_SKR collected 280 from pot
*** SUMMARY ***
Total pot 280 | No rake
Seat 1: _SKR (button) won 280


Winamax Poker - Tournament "Expresso Nitro" buyIn: 0.93€ + 0.07€ level: 3 - HandId: #2675100331406262273-12-1673744557 - Holdem no limit (20/40) - 2023/01/15 01:02:37 UTC
Table: 'Expresso Nitro(622845332)#0' 3-max (real money) Seat #2 is the button
Seat 1: _SKR (280)
Seat 2: FAN2BRITNEY (255)
Seat 3: Leaud34 (365)
*** ANTE/BLINDS ***
Leaud34 posts small blind 20
_SKR posts big blind 40
Dealt to _SKR [4h 7c]
*** PRE-FLOP *** 
FAN2BRITNEY raises 215 to 255 and is all-in
Leaud34 folds
_SKR folds
FAN2BRITNEY collected 315 from pot
*** SUMMARY ***
Total pot 315 | No rake
Seat 2: FAN2BRITNEY (button) won 315


Winamax Poker - Tournament "Expresso Nitro" buyIn: 0.93€ + 0.07€ level: 3 - HandId: #2675100331406262273-13-1673744566 - Holdem no limit (20/40) - 2023/01/15 01:02:46 UTC
Table: 'Expresso Nitro(622845332)#0' 3-max (real money) Seat #3 is the button
Seat 1: _SKR (240)
Seat 2: FAN2BRITNEY (315)
Seat 3: Leaud34 (345)
*** ANTE/BLINDS ***
_SKR posts small blind 20
FAN2BRITNEY posts big blind 40
Dealt to _SKR [3d Js]
*** PRE-FLOP *** 
Leaud34 folds
_SKR folds
FAN2BRITNEY collected 60 from pot
*** SUMMARY ***
Total pot 60 | No rake
Seat 2: FAN2BRITNEY (big blind) won 60


Winamax Poker - Tournament "Expresso Nitro" buyIn: 0.93€ + 0.07€ level: 3 - HandId: #2675100331406262273-14-1673744572 - Holdem no limit (20/40) - 2023/01/15 01:02:52 UTC
Table: 'Expresso Nitro(622845332)#0' 3-max (real money) Seat #1 is the button
Seat 1: _SKR (220)
Seat 2: FAN2BRITNEY (335)
Seat 3: Leaud34 (345)
*** ANTE/BLINDS ***
FAN2BRITNEY posts small blind 20
Leaud34 posts big blind 40
Dealt to _SKR [7d Jc]
*** PRE-FLOP *** 
_SKR folds
FAN2BRITNEY folds
Leaud34 collected 60 from pot
*** SUMMARY ***
Total pot 60 | No rake
Seat 3: Leaud34 (big blind) won 60


Winamax Poker - Tournament "Expresso Nitro" buyIn: 0.93€ + 0.07€ level: 3 - HandId: #2675100331406262273-15-1673744577 - Holdem no limit (20/40) - 2023/01/15 01:02:57 UTC
Table: 'Expresso Nitro(622845332)#0' 3-max (real money) Seat #2 is the button
Seat 1: _SKR (220)
Seat 2: FAN2BRITNEY (315)
Seat 3: Leaud34 (365)
*** ANTE/BLINDS ***
Leaud34 posts small blind 20
_SKR posts big blind 40
Dealt to _SKR [Ac 7h]
*** PRE-FLOP *** 
FAN2BRITNEY folds
Leaud34 raises 325 to 365 and is all-in
_SKR calls 180 and is all-in
*** FLOP *** [Kh 8s 2h]
*** TURN *** [Kh 8s 2h][9h]
*** RIVER *** [Kh 8s 2h 9h][Ts]
*** SHOW DOWN ***
_SKR shows [Ac 7h] (High card : Ace)
Leaud34 shows [8d Jd] (One pair : 8)
Leaud34 collected 585 from pot
*** SUMMARY ***
Total pot 585 | No rake
Board: [Kh 8s 2h 9h Ts]
Seat 1: _SKR (big blind) showed [Ac 7h] and lost with High card : Ace
Seat 3: Leaud34 (small blind) showed [8d Jd] and won 585 with One pair : 8


