Winamax Poker - Tournament "Expresso Nitro" buyIn: 0.93€ + 0.07€ level: 1 - HandId: #2675027170933342209-1-1673740701 - Holdem no limit (10/20) - 2023/01/14 23:58:21 UTC
Table: 'Expresso Nitro(622828298)#0' 3-max (real money) Seat #3 is the button
Seat 1: leNey34 (300)
Seat 2: Silverlao74 (300)
Seat 3: _SKR (300)
*** ANTE/BLINDS ***
leNey34 posts small blind 10
Silverlao74 posts big blind 20
Dealt to _SKR [Kh 6h]
*** PRE-FLOP *** 
_SKR raises 20 to 40
leNey34 folds
Silverlao74 calls 20
*** FLOP *** [7s 6d 2s]
Silverlao74 checks
_SKR checks
*** TURN *** [7s 6d 2s][3c]
Silverlao74 checks
_SKR bets 45
Silverlao74 calls 45
*** RIVER *** [7s 6d 2s 3c][Ts]
Silverlao74 checks
_SKR checks
*** SHOW DOWN ***
Silverlao74 shows [Js 8d] (High card : Jack)
_SKR shows [Kh 6h] (One pair : 6)
_SKR collected 180 from pot
*** SUMMARY ***
Total pot 180 | No rake
Board: [7s 6d 2s 3c Ts]
Seat 2: Silverlao74 (big blind) showed [Js 8d] and lost with High card : Jack
Seat 3: _SKR (button) showed [Kh 6h] and won 180 with One pair : 6


Winamax Poker - Tournament "Expresso Nitro" buyIn: 0.93€ + 0.07€ level: 1 - HandId: #2675027170933342209-2-1673740731 - Holdem no limit (10/20) - 2023/01/14 23:58:51 UTC
Table: 'Expresso Nitro(622828298)#0' 3-max (real money) Seat #1 is the button
Seat 1: leNey34 (290)
Seat 2: Silverlao74 (215)
Seat 3: _SKR (395)
*** ANTE/BLINDS ***
Silverlao74 posts small blind 10
_SKR posts big blind 20
Dealt to _SKR [Ac 7s]
*** PRE-FLOP *** 
leNey34 raises 30 to 50
Silverlao74 folds
_SKR folds
leNey34 collected 80 from pot
*** SUMMARY ***
Total pot 80 | No rake
Seat 1: leNey34 (button) won 80


Winamax Poker - Tournament "Expresso Nitro" buyIn: 0.93€ + 0.07€ level: 1 - HandId: #2675027170933342209-3-1673740738 - Holdem no limit (10/20) - 2023/01/14 23:58:58 UTC
Table: 'Expresso Nitro(622828298)#0' 3-max (real money) Seat #2 is the button
Seat 1: leNey34 (320)
Seat 2: Silverlao74 (205)
Seat 3: _SKR (375)
*** ANTE/BLINDS ***
_SKR posts small blind 10
leNey34 posts big blind 20
Dealt to _SKR [6h 9d]
*** PRE-FLOP *** 
Silverlao74 folds
_SKR folds
leNey34 collected 30 from pot
*** SUMMARY ***
Total pot 30 | No rake
Seat 1: leNey34 (big blind) won 30


Winamax Poker - Tournament "Expresso Nitro" buyIn: 0.93€ + 0.07€ level: 1 - HandId: #2675027170933342209-4-1673740746 - Holdem no limit (10/20) - 2023/01/14 23:59:06 UTC
Table: 'Expresso Nitro(622828298)#0' 3-max (real money) Seat #3 is the button
Seat 1: leNey34 (330)
Seat 2: Silverlao74 (205)
Seat 3: _SKR (365)
*** ANTE/BLINDS ***
leNey34 posts small blind 10
Silverlao74 posts big blind 20
Dealt to _SKR [7h Qs]
*** PRE-FLOP *** 
_SKR folds
leNey34 folds
Silverlao74 collected 30 from pot
*** SUMMARY ***
Total pot 30 | No rake
Seat 2: Silverlao74 (big blind) won 30


Winamax Poker - Tournament "Expresso Nitro" buyIn: 0.93€ + 0.07€ level: 1 - HandId: #2675027170933342209-5-1673740751 - Holdem no limit (10/20) - 2023/01/14 23:59:11 UTC
Table: 'Expresso Nitro(622828298)#0' 3-max (real money) Seat #1 is the button
Seat 1: leNey34 (320)
Seat 2: Silverlao74 (215)
Seat 3: _SKR (365)
*** ANTE/BLINDS ***
Silverlao74 posts small blind 10
_SKR posts big blind 20
Dealt to _SKR [Ad 2d]
*** PRE-FLOP *** 
leNey34 folds
Silverlao74 raises 40 to 60
_SKR raises 305 to 365 and is all-in
Silverlao74 calls 155 and is all-in
*** FLOP *** [7d Tc 7h]
*** TURN *** [7d Tc 7h][Th]
*** RIVER *** [7d Tc 7h Th][9c]
*** SHOW DOWN ***
Silverlao74 shows [Ts 9s] (Full of Tens and 9)
_SKR shows [Ad 2d] (Two pairs : Tens and 7)
_SKR collected 150 from side pot 1
Silverlao74 collected 430 from main pot
*** SUMMARY ***
Total pot 580 | No rake
Board: [7d Tc 7h Th 9c]
Seat 2: Silverlao74 (small blind) showed [Ts 9s] and won 430 with Full of Tens and 9
Seat 3: _SKR (big blind) showed [Ad 2d] and won 150 with Two pairs : Tens and 7


Winamax Poker - Tournament "Expresso Nitro" buyIn: 0.93€ + 0.07€ level: 2 - HandId: #2675027170933342209-6-1673740767 - Holdem no limit (15/30) - 2023/01/14 23:59:27 UTC
Table: 'Expresso Nitro(622828298)#0' 3-max (real money) Seat #2 is the button
Seat 1: leNey34 (320)
Seat 2: Silverlao74 (430)
Seat 3: _SKR (150)
*** ANTE/BLINDS ***
_SKR posts small blind 15
leNey34 posts big blind 30
Dealt to _SKR [4d Js]
*** PRE-FLOP *** 
Silverlao74 calls 30
_SKR folds
leNey34 raises 290 to 320 and is all-in
Silverlao74 calls 290
*** FLOP *** [4h 9c 6d]
*** TURN *** [4h 9c 6d][Ac]
*** RIVER *** [4h 9c 6d Ac][Ks]
*** SHOW DOWN ***
Silverlao74 shows [7h Kc] (One pair : Kings)
leNey34 shows [Kd 9d] (Two pairs : Kings and 9)
leNey34 collected 655 from pot
*** SUMMARY ***
Total pot 655 | No rake
Board: [4h 9c 6d Ac Ks]
Seat 1: leNey34 (big blind) showed [Kd 9d] and won 655 with Two pairs : Kings and 9
Seat 2: Silverlao74 (button) showed [7h Kc] and lost with One pair : Kings


Winamax Poker - Tournament "Expresso Nitro" buyIn: 0.93€ + 0.07€ level: 2 - HandId: #2675027170933342209-7-1673740788 - Holdem no limit (15/30) - 2023/01/14 23:59:48 UTC
Table: 'Expresso Nitro(622828298)#0' 3-max (real money) Seat #3 is the button
Seat 1: leNey34 (655)
Seat 2: Silverlao74 (110)
Seat 3: _SKR (135)
*** ANTE/BLINDS ***
leNey34 posts small blind 15
Silverlao74 posts big blind 30
Dealt to _SKR [4s 7h]
*** PRE-FLOP *** 
_SKR folds
leNey34 folds
Silverlao74 collected 45 from pot
*** SUMMARY ***
Total pot 45 | No rake
Seat 2: Silverlao74 (big blind) won 45


Winamax Poker - Tournament "Expresso Nitro" buyIn: 0.93€ + 0.07€ level: 2 - HandId: #2675027170933342209-8-1673740792 - Holdem no limit (15/30) - 2023/01/14 23:59:52 UTC
Table: 'Expresso Nitro(622828298)#0' 3-max (real money) Seat #1 is the button
Seat 1: leNey34 (640)
Seat 2: Silverlao74 (125)
Seat 3: _SKR (135)
*** ANTE/BLINDS ***
Silverlao74 posts small blind 15
_SKR posts big blind 30
Dealt to _SKR [Kc 5s]
*** PRE-FLOP *** 
leNey34 raises 45 to 75
Silverlao74 raises 50 to 125 and is all-in
_SKR folds
leNey34 calls 50
*** FLOP *** [3s Td Jc]
*** TURN *** [3s Td Jc][4c]
*** RIVER *** [3s Td Jc 4c][7h]
*** SHOW DOWN ***
leNey34 shows [9c Qc] (High card : Queen)
Silverlao74 shows [Ac 4d] (One pair : 4)
Silverlao74 collected 280 from pot
*** SUMMARY ***
Total pot 280 | No rake
Board: [3s Td Jc 4c 7h]
Seat 1: leNey34 (button) showed [9c Qc] and lost with High card : Queen
Seat 2: Silverlao74 (small blind) showed [Ac 4d] and won 280 with One pair : 4


