Winamax Poker - Tournament "Expresso Nitro" buyIn: 1.86€ + 0.14€ level: 1 - HandId: #2694800397205241857-1-1674958589 - Holdem no limit (10/20) - 2023/01/29 02:16:29 UTC
Table: 'Expresso Nitro(627432111)#0' 3-max (real money) Seat #3 is the button
Seat 1: WT23 (300)
Seat 2: Cartophane (300)
Seat 3: _SKR (300)
*** ANTE/BLINDS ***
WT23 posts small blind 10
Cartophane posts big blind 20
Dealt to _SKR [Ks 7h]
*** PRE-FLOP *** 
_SKR raises 20 to 40
WT23 calls 30
Cartophane raises 260 to 300 and is all-in
_SKR folds
WT23 folds
Cartophane collected 380 from pot
*** SUMMARY ***
Total pot 380 | No rake
Seat 2: Cartophane (big blind) won 380


Winamax Poker - Tournament "Expresso Nitro" buyIn: 1.86€ + 0.14€ level: 1 - HandId: #2694800397205241857-2-1674958599 - Holdem no limit (10/20) - 2023/01/29 02:16:39 UTC
Table: 'Expresso Nitro(627432111)#0' 3-max (real money) Seat #1 is the button
Seat 1: WT23 (260)
Seat 2: Cartophane (380)
Seat 3: _SKR (260)
*** ANTE/BLINDS ***
Cartophane posts small blind 10
_SKR posts big blind 20
Dealt to _SKR [7s Kd]
*** PRE-FLOP *** 
WT23 folds
Cartophane raises 20 to 40
_SKR calls 20
*** FLOP *** [7c Qd 8s]
Cartophane checks
_SKR checks
*** TURN *** [7c Qd 8s][3h]
Cartophane checks
_SKR checks
*** RIVER *** [7c Qd 8s 3h][Jh]
Cartophane bets 20
_SKR calls 20
*** SHOW DOWN ***
Cartophane shows [2c 2h] (One pair : 2)
_SKR shows [7s Kd] (One pair : 7)
_SKR collected 120 from pot
*** SUMMARY ***
Total pot 120 | No rake
Board: [7c Qd 8s 3h Jh]
Seat 2: Cartophane (small blind) showed [2c 2h] and lost with One pair : 2
Seat 3: _SKR (big blind) showed [7s Kd] and won 120 with One pair : 7


Winamax Poker - Tournament "Expresso Nitro" buyIn: 1.86€ + 0.14€ level: 1 - HandId: #2694800397205241857-3-1674958633 - Holdem no limit (10/20) - 2023/01/29 02:17:13 UTC
Table: 'Expresso Nitro(627432111)#0' 3-max (real money) Seat #2 is the button
Seat 1: WT23 (260)
Seat 2: Cartophane (320)
Seat 3: _SKR (320)
*** ANTE/BLINDS ***
_SKR posts small blind 10
WT23 posts big blind 20
Dealt to _SKR [Jc 7s]
*** PRE-FLOP *** 
Cartophane raises 20 to 40
_SKR folds
WT23 folds
Cartophane collected 70 from pot
*** SUMMARY ***
Total pot 70 | No rake
Seat 2: Cartophane (button) won 70


Winamax Poker - Tournament "Expresso Nitro" buyIn: 1.86€ + 0.14€ level: 1 - HandId: #2694800397205241857-4-1674958639 - Holdem no limit (10/20) - 2023/01/29 02:17:19 UTC
Table: 'Expresso Nitro(627432111)#0' 3-max (real money) Seat #3 is the button
Seat 1: WT23 (240)
Seat 2: Cartophane (350)
Seat 3: _SKR (310)
*** ANTE/BLINDS ***
WT23 posts small blind 10
Cartophane posts big blind 20
Dealt to _SKR [4h Jh]
*** PRE-FLOP *** 
_SKR folds
WT23 calls 10
Cartophane checks
*** FLOP *** [As 6h 5h]
WT23 checks
Cartophane checks
*** TURN *** [As 6h 5h][5d]
WT23 checks
Cartophane checks
*** RIVER *** [As 6h 5h 5d][8s]
WT23 bets 40
Cartophane folds
WT23 collected 80 from pot
*** SUMMARY ***
Total pot 80 | No rake
Board: [As 6h 5h 5d 8s]
Seat 1: WT23 (small blind) won 80


Winamax Poker - Tournament "Expresso Nitro" buyIn: 1.86€ + 0.14€ level: 2 - HandId: #2694800397205241857-5-1674958655 - Holdem no limit (15/30) - 2023/01/29 02:17:35 UTC
Table: 'Expresso Nitro(627432111)#0' 3-max (real money) Seat #1 is the button
Seat 1: WT23 (260)
Seat 2: Cartophane (330)
Seat 3: _SKR (310)
*** ANTE/BLINDS ***
Cartophane posts small blind 15
_SKR posts big blind 30
Dealt to _SKR [9h 9c]
*** PRE-FLOP *** 
WT23 raises 230 to 260 and is all-in
Cartophane folds
_SKR calls 230
*** FLOP *** [4h 8c Js]
*** TURN *** [4h 8c Js][Tc]
*** RIVER *** [4h 8c Js Tc][4s]
*** SHOW DOWN ***
_SKR shows [9h 9c] (Two pairs : 9 and 4)
WT23 shows [Kh Jd] (Two pairs : Jacks and 4)
WT23 collected 535 from pot
*** SUMMARY ***
Total pot 535 | No rake
Board: [4h 8c Js Tc 4s]
Seat 1: WT23 (button) showed [Kh Jd] and won 535 with Two pairs : Jacks and 4
Seat 3: _SKR (big blind) showed [9h 9c] and lost with Two pairs : 9 and 4


Winamax Poker - Tournament "Expresso Nitro" buyIn: 1.86€ + 0.14€ level: 2 - HandId: #2694800397205241857-6-1674958670 - Holdem no limit (15/30) - 2023/01/29 02:17:50 UTC
Table: 'Expresso Nitro(627432111)#0' 3-max (real money) Seat #2 is the button
Seat 1: WT23 (535)
Seat 2: Cartophane (315)
Seat 3: _SKR (50)
*** ANTE/BLINDS ***
_SKR posts small blind 15
WT23 posts big blind 30
Dealt to _SKR [6c Ah]
*** PRE-FLOP *** 
Cartophane raises 285 to 315 and is all-in
_SKR calls 35 and is all-in
WT23 folds
*** FLOP *** [8s Qd 6h]
*** TURN *** [8s Qd 6h][Th]
*** RIVER *** [8s Qd 6h Th][7s]
*** SHOW DOWN ***
_SKR shows [6c Ah] (One pair : 6)
Cartophane shows [Qh Kc] (One pair : Queens)
Cartophane collected 395 from pot
*** SUMMARY ***
Total pot 395 | No rake
Board: [8s Qd 6h Th 7s]
Seat 2: Cartophane (button) showed [Qh Kc] and won 395 with One pair : Queens
Seat 3: _SKR (small blind) showed [6c Ah] and lost with One pair : 6


