Winamax Poker - Tournament "Expresso Nitro" buyIn: 0.93€ + 0.07€ level: 1 - HandId: #2718628394727112705-1-1676292414 - Holdem no limit (10/20) - 2023/02/13 12:46:54 UTC
Table: 'Expresso Nitro(632979999)#0' 3-max (real money) Seat #1 is the button
Seat 1: Ducheese (300)
Seat 2: _SKR (300)
Seat 3: Squitipi (300)
*** ANTE/BLINDS ***
_SKR posts small blind 10
Squitipi posts big blind 20
Dealt to _SKR [9c Jd]
*** PRE-FLOP *** 
Ducheese folds
_SKR calls 10
Squitipi checks
*** FLOP *** [As 2c Jh]
_SKR checks
Squitipi checks
*** TURN *** [As 2c Jh][9d]
_SKR bets 26
Squitipi folds
_SKR collected 66 from pot
*** SUMMARY ***
Total pot 66 | No rake
Board: [As 2c Jh 9d]
Seat 2: _SKR (small blind) won 66


Winamax Poker - Tournament "Expresso Nitro" buyIn: 0.93€ + 0.07€ level: 1 - HandId: #2718628394727112705-2-1676292442 - Holdem no limit (10/20) - 2023/02/13 12:47:22 UTC
Table: 'Expresso Nitro(632979999)#0' 3-max (real money) Seat #2 is the button
Seat 1: Ducheese (300)
Seat 2: _SKR (320)
Seat 3: Squitipi (280)
*** ANTE/BLINDS ***
Squitipi posts small blind 10
Ducheese posts big blind 20
Dealt to _SKR [3s 3h]
*** PRE-FLOP *** 
_SKR raises 300 to 320 and is all-in
Squitipi folds
Ducheese calls 280 and is all-in
*** FLOP *** [Jc 6c 3c]
*** TURN *** [Jc 6c 3c][7s]
*** RIVER *** [Jc 6c 3c 7s][8d]
*** SHOW DOWN ***
Ducheese shows [Td Ad] (High card : Ace)
_SKR shows [3s 3h] (Trips of 3)
_SKR collected 630 from pot
*** SUMMARY ***
Total pot 630 | No rake
Board: [Jc 6c 3c 7s 8d]
Seat 1: Ducheese (big blind) showed [Td Ad] and lost with High card : Ace
Seat 2: _SKR (button) showed [3s 3h] and won 630 with Trips of 3


Winamax Poker - Tournament "Expresso Nitro" buyIn: 0.93€ + 0.07€ level: 1 - HandId: #2718628394727112705-3-1676292465 - Holdem no limit (10/20) - 2023/02/13 12:47:45 UTC
Table: 'Expresso Nitro(632979999)#0' 3-max (real money) Seat #2 is the button
Seat 2: _SKR (630)
Seat 3: Squitipi (270)
*** ANTE/BLINDS ***
_SKR posts small blind 10
Squitipi posts big blind 20
Dealt to _SKR [Ts 3s]
*** PRE-FLOP *** 
_SKR folds
Squitipi collected 30 from pot
*** SUMMARY ***
Total pot 30 | No rake
Seat 3: Squitipi (big blind) won 30


Winamax Poker - Tournament "Expresso Nitro" buyIn: 0.93€ + 0.07€ level: 2 - HandId: #2718628394727112705-4-1676292471 - Holdem no limit (15/30) - 2023/02/13 12:47:51 UTC
Table: 'Expresso Nitro(632979999)#0' 3-max (real money) Seat #3 is the button
Seat 2: _SKR (620)
Seat 3: Squitipi (280)
*** ANTE/BLINDS ***
Squitipi posts small blind 15
_SKR posts big blind 30
Dealt to _SKR [Ac 9d]
*** PRE-FLOP *** 
Squitipi folds
_SKR collected 45 from pot
*** SUMMARY ***
Total pot 45 | No rake
Seat 2: _SKR (big blind) won 45


Winamax Poker - Tournament "Expresso Nitro" buyIn: 0.93€ + 0.07€ level: 2 - HandId: #2718628394727112705-5-1676292482 - Holdem no limit (15/30) - 2023/02/13 12:48:02 UTC
Table: 'Expresso Nitro(632979999)#0' 3-max (real money) Seat #2 is the button
Seat 2: _SKR (635)
Seat 3: Squitipi (265)
*** ANTE/BLINDS ***
_SKR posts small blind 15
Squitipi posts big blind 30
Dealt to _SKR [4d 6c]
*** PRE-FLOP *** 
_SKR folds
Squitipi collected 45 from pot
*** SUMMARY ***
Total pot 45 | No rake
Seat 3: Squitipi (big blind) won 45


Winamax Poker - Tournament "Expresso Nitro" buyIn: 0.93€ + 0.07€ level: 2 - HandId: #2718628394727112705-6-1676292487 - Holdem no limit (15/30) - 2023/02/13 12:48:07 UTC
Table: 'Expresso Nitro(632979999)#0' 3-max (real money) Seat #3 is the button
Seat 2: _SKR (620)
Seat 3: Squitipi (280)
*** ANTE/BLINDS ***
Squitipi posts small blind 15
_SKR posts big blind 30
Dealt to _SKR [Jc 9s]
*** PRE-FLOP *** 
Squitipi folds
_SKR collected 45 from pot
*** SUMMARY ***
Total pot 45 | No rake
Seat 2: _SKR (big blind) won 45


Winamax Poker - Tournament "Expresso Nitro" buyIn: 0.93€ + 0.07€ level: 2 - HandId: #2718628394727112705-7-1676292491 - Holdem no limit (15/30) - 2023/02/13 12:48:11 UTC
Table: 'Expresso Nitro(632979999)#0' 3-max (real money) Seat #2 is the button
Seat 2: _SKR (635)
Seat 3: Squitipi (265)
*** ANTE/BLINDS ***
_SKR posts small blind 15
Squitipi posts big blind 30
Dealt to _SKR [Kh 3s]
*** PRE-FLOP *** 
_SKR raises 605 to 635 and is all-in
Squitipi folds
_SKR collected 665 from pot
*** SUMMARY ***
Total pot 665 | No rake
Seat 2: _SKR (small blind) (button) won 665


Winamax Poker - Tournament "Expresso Nitro" buyIn: 0.93€ + 0.07€ level: 2 - HandId: #2718628394727112705-8-1676292500 - Holdem no limit (15/30) - 2023/02/13 12:48:20 UTC
Table: 'Expresso Nitro(632979999)#0' 3-max (real money) Seat #3 is the button
Seat 2: _SKR (665)
Seat 3: Squitipi (235)
*** ANTE/BLINDS ***
Squitipi posts small blind 15
_SKR posts big blind 30
Dealt to _SKR [Jc Qc]
*** PRE-FLOP *** 
Squitipi raises 205 to 235 and is all-in
_SKR calls 205
*** FLOP *** [8d 3s 5d]
*** TURN *** [8d 3s 5d][2h]
*** RIVER *** [8d 3s 5d 2h][3c]
*** SHOW DOWN ***
_SKR shows [Jc Qc] (One pair : 3)
Squitipi shows [6h 6c] (Two pairs : 6 and 3)
Squitipi collected 470 from pot
*** SUMMARY ***
Total pot 470 | No rake
Board: [8d 3s 5d 2h 3c]
Seat 2: _SKR (big blind) showed [Jc Qc] and lost with One pair : 3
Seat 3: Squitipi (small blind) (button) showed [6h 6c] and won 470 with Two pairs : 6 and 3


Winamax Poker - Tournament "Expresso Nitro" buyIn: 0.93€ + 0.07€ level: 2 - HandId: #2718628394727112705-9-1676292517 - Holdem no limit (15/30) - 2023/02/13 12:48:37 UTC
Table: 'Expresso Nitro(632979999)#0' 3-max (real money) Seat #2 is the button
Seat 2: _SKR (430)
Seat 3: Squitipi (470)
*** ANTE/BLINDS ***
_SKR posts small blind 15
Squitipi posts big blind 30
Dealt to _SKR [4d 3c]
*** PRE-FLOP *** 
_SKR folds
Squitipi collected 45 from pot
*** SUMMARY ***
Total pot 45 | No rake
Seat 3: Squitipi (big blind) won 45


Winamax Poker - Tournament "Expresso Nitro" buyIn: 0.93€ + 0.07€ level: 2 - HandId: #2718628394727112705-10-1676292520 - Holdem no limit (15/30) - 2023/02/13 12:48:40 UTC
Table: 'Expresso Nitro(632979999)#0' 3-max (real money) Seat #3 is the button
Seat 2: _SKR (415)
Seat 3: Squitipi (485)
*** ANTE/BLINDS ***
Squitipi posts small blind 15
_SKR posts big blind 30
Dealt to _SKR [6s 3c]
*** PRE-FLOP *** 
Squitipi folds
_SKR collected 45 from pot
*** SUMMARY ***
Total pot 45 | No rake
Seat 2: _SKR (big blind) won 45


Winamax Poker - Tournament "Expresso Nitro" buyIn: 0.93€ + 0.07€ level: 2 - HandId: #2718628394727112705-11-1676292528 - Holdem no limit (15/30) - 2023/02/13 12:48:48 UTC
Table: 'Expresso Nitro(632979999)#0' 3-max (real money) Seat #2 is the button
Seat 2: _SKR (430)
Seat 3: Squitipi (470)
*** ANTE/BLINDS ***
_SKR posts small blind 15
Squitipi posts big blind 30
Dealt to _SKR [2s 4h]
*** PRE-FLOP *** 
_SKR folds
Squitipi collected 45 from pot
*** SUMMARY ***
Total pot 45 | No rake
Seat 3: Squitipi (big blind) won 45


Winamax Poker - Tournament "Expresso Nitro" buyIn: 0.93€ + 0.07€ level: 3 - HandId: #2718628394727112705-12-1676292532 - Holdem no limit (20/40) - 2023/02/13 12:48:52 UTC
Table: 'Expresso Nitro(632979999)#0' 3-max (real money) Seat #3 is the button
Seat 2: _SKR (415)
Seat 3: Squitipi (485)
*** ANTE/BLINDS ***
Squitipi posts small blind 20
_SKR posts big blind 40
Dealt to _SKR [6d Kd]
*** PRE-FLOP *** 
Squitipi folds
_SKR collected 60 from pot
*** SUMMARY ***
Total pot 60 | No rake
Seat 2: _SKR (big blind) won 60


Winamax Poker - Tournament "Expresso Nitro" buyIn: 0.93€ + 0.07€ level: 3 - HandId: #2718628394727112705-13-1676292543 - Holdem no limit (20/40) - 2023/02/13 12:49:03 UTC
Table: 'Expresso Nitro(632979999)#0' 3-max (real money) Seat #2 is the button
Seat 2: _SKR (435)
Seat 3: Squitipi (465)
*** ANTE/BLINDS ***
_SKR posts small blind 20
Squitipi posts big blind 40
Dealt to _SKR [Td Kd]
*** PRE-FLOP *** 
_SKR raises 395 to 435 and is all-in
Squitipi calls 395
*** FLOP *** [6d 8c Qs]
*** TURN *** [6d 8c Qs][Ah]
*** RIVER *** [6d 8c Qs Ah][4h]
*** SHOW DOWN ***
_SKR shows [Td Kd] (High card : Ace)
Squitipi shows [Js Qh] (One pair : Queens)
Squitipi collected 870 from pot
*** SUMMARY ***
Total pot 870 | No rake
Board: [6d 8c Qs Ah 4h]
Seat 2: _SKR (small blind) (button) showed [Td Kd] and lost with High card : Ace
Seat 3: Squitipi (big blind) showed [Js Qh] and won 870 with One pair : Queens


