Winamax Poker - Tournament "Expresso Nitro" buyIn: 1.86€ + 0.14€ level: 1 - HandId: #2694550696396587009-1-1674944824 - Holdem no limit (10/20) - 2023/01/28 22:27:04 UTC
Table: 'Expresso Nitro(627373973)#0' 3-max (real money) Seat #2 is the button
Seat 1: _SKR (300)
Seat 2: loizo61 (300)
Seat 3: FABIOPLAY (300)
*** ANTE/BLINDS ***
FABIOPLAY posts small blind 10
_SKR posts big blind 20
Dealt to _SKR [7s Td]
*** PRE-FLOP *** 
loizo61 folds
FABIOPLAY calls 10
_SKR checks
*** FLOP *** [Tc Js 4s]
FABIOPLAY checks
_SKR checks
*** TURN *** [Tc Js 4s][4d]
FABIOPLAY checks
_SKR bets 20
FABIOPLAY folds
_SKR collected 60 from pot
*** SUMMARY ***
Total pot 60 | No rake
Board: [Tc Js 4s 4d]
Seat 1: _SKR (big blind) won 60


Winamax Poker - Tournament "Expresso Nitro" buyIn: 1.86€ + 0.14€ level: 1 - HandId: #2694550696396587009-2-1674944869 - Holdem no limit (10/20) - 2023/01/28 22:27:49 UTC
Table: 'Expresso Nitro(627373973)#0' 3-max (real money) Seat #3 is the button
Seat 1: _SKR (320)
Seat 2: loizo61 (300)
Seat 3: FABIOPLAY (280)
*** ANTE/BLINDS ***
_SKR posts small blind 10
loizo61 posts big blind 20
Dealt to _SKR [5c Kc]
*** PRE-FLOP *** 
FABIOPLAY folds
_SKR raises 300 to 320 and is all-in
loizo61 calls 280 and is all-in
*** FLOP *** [4s 7s 7d]
*** TURN *** [4s 7s 7d][3c]
*** RIVER *** [4s 7s 7d 3c][8s]
*** SHOW DOWN ***
loizo61 shows [Js Td] (One pair : 7)
_SKR shows [5c Kc] (One pair : 7)
_SKR collected 620 from pot
*** SUMMARY ***
Total pot 620 | No rake
Board: [4s 7s 7d 3c 8s]
Seat 1: _SKR (small blind) showed [5c Kc] and won 620 with One pair : 7
Seat 2: loizo61 (big blind) showed [Js Td] and lost with One pair : 7


Winamax Poker - Tournament "Expresso Nitro" buyIn: 1.86€ + 0.14€ level: 2 - HandId: #2694550696396587009-3-1674944897 - Holdem no limit (15/30) - 2023/01/28 22:28:17 UTC
Table: 'Expresso Nitro(627373973)#0' 3-max (real money) Seat #3 is the button
Seat 1: _SKR (620)
Seat 3: FABIOPLAY (280)
*** ANTE/BLINDS ***
FABIOPLAY posts small blind 15
_SKR posts big blind 30
Dealt to _SKR [Ac 6c]
*** PRE-FLOP *** 
FABIOPLAY folds
_SKR collected 45 from pot
*** SUMMARY ***
Total pot 45 | No rake
Seat 1: _SKR (big blind) won 45


Winamax Poker - Tournament "Expresso Nitro" buyIn: 1.86€ + 0.14€ level: 2 - HandId: #2694550696396587009-4-1674944903 - Holdem no limit (15/30) - 2023/01/28 22:28:23 UTC
Table: 'Expresso Nitro(627373973)#0' 3-max (real money) Seat #1 is the button
Seat 1: _SKR (635)
Seat 3: FABIOPLAY (265)
*** ANTE/BLINDS ***
_SKR posts small blind 15
FABIOPLAY posts big blind 30
Dealt to _SKR [Qd 9h]
*** PRE-FLOP *** 
_SKR raises 605 to 635 and is all-in
FABIOPLAY folds
_SKR collected 665 from pot
*** SUMMARY ***
Total pot 665 | No rake
Seat 1: _SKR (small blind) (button) won 665


Winamax Poker - Tournament "Expresso Nitro" buyIn: 1.86€ + 0.14€ level: 2 - HandId: #2694550696396587009-5-1674944915 - Holdem no limit (15/30) - 2023/01/28 22:28:35 UTC
Table: 'Expresso Nitro(627373973)#0' 3-max (real money) Seat #3 is the button
Seat 1: _SKR (665)
Seat 3: FABIOPLAY (235)
*** ANTE/BLINDS ***
FABIOPLAY posts small blind 15
_SKR posts big blind 30
Dealt to _SKR [Jh 2d]
*** PRE-FLOP *** 
FABIOPLAY calls 15
_SKR checks
*** FLOP *** [5d 4h 9c]
_SKR checks
FABIOPLAY bets 205 and is all-in
_SKR folds
FABIOPLAY collected 265 from pot
*** SUMMARY ***
Total pot 265 | No rake
Board: [5d 4h 9c]
Seat 3: FABIOPLAY (small blind) (button) won 265


Winamax Poker - Tournament "Expresso Nitro" buyIn: 1.86€ + 0.14€ level: 2 - HandId: #2694550696396587009-6-1674944936 - Holdem no limit (15/30) - 2023/01/28 22:28:56 UTC
Table: 'Expresso Nitro(627373973)#0' 3-max (real money) Seat #1 is the button
Seat 1: _SKR (635)
Seat 3: FABIOPLAY (265)
*** ANTE/BLINDS ***
_SKR posts small blind 15
FABIOPLAY posts big blind 30
Dealt to _SKR [7c 5h]
*** PRE-FLOP *** 
_SKR folds
FABIOPLAY collected 45 from pot
*** SUMMARY ***
Total pot 45 | No rake
Seat 3: FABIOPLAY (big blind) won 45


Winamax Poker - Tournament "Expresso Nitro" buyIn: 1.86€ + 0.14€ level: 3 - HandId: #2694550696396587009-7-1674944944 - Holdem no limit (20/40) - 2023/01/28 22:29:04 UTC
Table: 'Expresso Nitro(627373973)#0' 3-max (real money) Seat #3 is the button
Seat 1: _SKR (620)
Seat 3: FABIOPLAY (280)
*** ANTE/BLINDS ***
FABIOPLAY posts small blind 20
_SKR posts big blind 40
Dealt to _SKR [7d 9h]
*** PRE-FLOP *** 
FABIOPLAY calls 20
_SKR checks
*** FLOP *** [Ad 9c 4c]
_SKR checks
FABIOPLAY checks
*** TURN *** [Ad 9c 4c][3c]
_SKR bets 52
FABIOPLAY folds
_SKR collected 132 from pot
*** SUMMARY ***
Total pot 132 | No rake
Board: [Ad 9c 4c 3c]
Seat 1: _SKR (big blind) won 132


Winamax Poker - Tournament "Expresso Nitro" buyIn: 1.86€ + 0.14€ level: 3 - HandId: #2694550696396587009-8-1674944964 - Holdem no limit (20/40) - 2023/01/28 22:29:24 UTC
Table: 'Expresso Nitro(627373973)#0' 3-max (real money) Seat #1 is the button
Seat 1: _SKR (660)
Seat 3: FABIOPLAY (240)
*** ANTE/BLINDS ***
_SKR posts small blind 20
FABIOPLAY posts big blind 40
Dealt to _SKR [8d Jd]
*** PRE-FLOP *** 
_SKR raises 620 to 660 and is all-in
FABIOPLAY folds
_SKR collected 700 from pot
*** SUMMARY ***
Total pot 700 | No rake
Seat 1: _SKR (small blind) (button) won 700


Winamax Poker - Tournament "Expresso Nitro" buyIn: 1.86€ + 0.14€ level: 3 - HandId: #2694550696396587009-9-1674944970 - Holdem no limit (20/40) - 2023/01/28 22:29:30 UTC
Table: 'Expresso Nitro(627373973)#0' 3-max (real money) Seat #3 is the button
Seat 1: _SKR (700)
Seat 3: FABIOPLAY (200)
*** ANTE/BLINDS ***
FABIOPLAY posts small blind 20
_SKR posts big blind 40
Dealt to _SKR [Th 5d]
*** PRE-FLOP *** 
FABIOPLAY raises 40 to 80
_SKR folds
FABIOPLAY collected 120 from pot
*** SUMMARY ***
Total pot 120 | No rake
Seat 3: FABIOPLAY (small blind) (button) won 120


Winamax Poker - Tournament "Expresso Nitro" buyIn: 1.86€ + 0.14€ level: 3 - HandId: #2694550696396587009-10-1674944988 - Holdem no limit (20/40) - 2023/01/28 22:29:48 UTC
Table: 'Expresso Nitro(627373973)#0' 3-max (real money) Seat #1 is the button
Seat 1: _SKR (660)
Seat 3: FABIOPLAY (240)
*** ANTE/BLINDS ***
_SKR posts small blind 20
FABIOPLAY posts big blind 40
Dealt to _SKR [2d 2s]
*** PRE-FLOP *** 
_SKR raises 620 to 660 and is all-in
FABIOPLAY folds
_SKR collected 700 from pot
*** SUMMARY ***
Total pot 700 | No rake
Seat 1: _SKR (small blind) (button) won 700


Winamax Poker - Tournament "Expresso Nitro" buyIn: 1.86€ + 0.14€ level: 3 - HandId: #2694550696396587009-11-1674944996 - Holdem no limit (20/40) - 2023/01/28 22:29:56 UTC
Table: 'Expresso Nitro(627373973)#0' 3-max (real money) Seat #3 is the button
Seat 1: _SKR (700)
Seat 3: FABIOPLAY (200)
*** ANTE/BLINDS ***
FABIOPLAY posts small blind 20
_SKR posts big blind 40
Dealt to _SKR [8c 3h]
*** PRE-FLOP *** 
FABIOPLAY folds
_SKR collected 60 from pot
*** SUMMARY ***
Total pot 60 | No rake
Seat 1: _SKR (big blind) won 60


Winamax Poker - Tournament "Expresso Nitro" buyIn: 1.86€ + 0.14€ level: 3 - HandId: #2694550696396587009-12-1674944999 - Holdem no limit (20/40) - 2023/01/28 22:29:59 UTC
Table: 'Expresso Nitro(627373973)#0' 3-max (real money) Seat #1 is the button
Seat 1: _SKR (720)
Seat 3: FABIOPLAY (180)
*** ANTE/BLINDS ***
_SKR posts small blind 20
FABIOPLAY posts big blind 40
Dealt to _SKR [5d 7d]
*** PRE-FLOP *** 
_SKR raises 680 to 720 and is all-in
FABIOPLAY folds
_SKR collected 760 from pot
*** SUMMARY ***
Total pot 760 | No rake
Seat 1: _SKR (small blind) (button) won 760


Winamax Poker - Tournament "Expresso Nitro" buyIn: 1.86€ + 0.14€ level: 4 - HandId: #2694550696396587009-13-1674945021 - Holdem no limit (30/60) - 2023/01/28 22:30:21 UTC
Table: 'Expresso Nitro(627373973)#0' 3-max (real money) Seat #3 is the button
Seat 1: _SKR (760)
Seat 3: FABIOPLAY (140)
*** ANTE/BLINDS ***
FABIOPLAY posts small blind 30
_SKR posts big blind 60
Dealt to _SKR [9h 4s]
*** PRE-FLOP *** 
FABIOPLAY folds
_SKR collected 90 from pot
*** SUMMARY ***
Total pot 90 | No rake
Seat 1: _SKR (big blind) won 90


Winamax Poker - Tournament "Expresso Nitro" buyIn: 1.86€ + 0.14€ level: 4 - HandId: #2694550696396587009-14-1674945025 - Holdem no limit (30/60) - 2023/01/28 22:30:25 UTC
Table: 'Expresso Nitro(627373973)#0' 3-max (real money) Seat #1 is the button
Seat 1: _SKR (790)
Seat 3: FABIOPLAY (110)
*** ANTE/BLINDS ***
_SKR posts small blind 30
FABIOPLAY posts big blind 60
Dealt to _SKR [4h 6h]
*** PRE-FLOP *** 
_SKR raises 60 to 120
FABIOPLAY calls 50 and is all-in
*** FLOP *** [5h 2s 2h]
*** TURN *** [5h 2s 2h][8h]
*** RIVER *** [5h 2s 2h 8h][As]
*** SHOW DOWN ***
FABIOPLAY shows [6s 3s] (One pair : 2)
_SKR shows [4h 6h] (Flush 8 high)
_SKR collected 230 from pot
*** SUMMARY ***
Total pot 230 | No rake
Board: [5h 2s 2h 8h As]
Seat 1: _SKR (small blind) (button) showed [4h 6h] and won 230 with Flush 8 high
Seat 3: FABIOPLAY (big blind) showed [6s 3s] and lost with One pair : 2


