Winamax Poker - Tournament "Expresso Nitro" buyIn: 0.93€ + 0.07€ level: 1 - HandId: #2717248288590921729-1-1676213900 - Holdem no limit (10/20) - 2023/02/12 14:58:20 UTC
Table: 'Expresso Nitro(632658668)#0' 3-max (real money) Seat #1 is the button
Seat 1: _SKR (300)
Seat 2: MaxM28. (300)
Seat 3: Hamsous212 (300)
*** ANTE/BLINDS ***
MaxM28. posts small blind 10
Hamsous212 posts big blind 20
Dealt to _SKR [7s 4c]
*** PRE-FLOP *** 
_SKR folds
MaxM28. calls 10
Hamsous212 raises 280 to 300 and is all-in
MaxM28. folds
Hamsous212 collected 320 from pot
*** SUMMARY ***
Total pot 320 | No rake
Seat 3: Hamsous212 (big blind) won 320


Winamax Poker - Tournament "Expresso Nitro" buyIn: 0.93€ + 0.07€ level: 1 - HandId: #2717248288590921729-2-1676213911 - Holdem no limit (10/20) - 2023/02/12 14:58:31 UTC
Table: 'Expresso Nitro(632658668)#0' 3-max (real money) Seat #2 is the button
Seat 1: _SKR (300)
Seat 2: MaxM28. (280)
Seat 3: Hamsous212 (320)
*** ANTE/BLINDS ***
Hamsous212 posts small blind 10
_SKR posts big blind 20
Dealt to _SKR [8s Qs]
*** PRE-FLOP *** 
MaxM28. folds
Hamsous212 calls 10
_SKR checks
*** FLOP *** [Kh Ah 6s]
Hamsous212 checks
_SKR checks
*** TURN *** [Kh Ah 6s][Js]
Hamsous212 checks
_SKR bets 20
Hamsous212 calls 20
*** RIVER *** [Kh Ah 6s Js][9h]
Hamsous212 bets 280 and is all-in
_SKR folds
Hamsous212 collected 360 from pot
*** SUMMARY ***
Total pot 360 | No rake
Board: [Kh Ah 6s Js 9h]
Seat 3: Hamsous212 (small blind) won 360


Winamax Poker - Tournament "Expresso Nitro" buyIn: 0.93€ + 0.07€ level: 1 - HandId: #2717248288590921729-3-1676213944 - Holdem no limit (10/20) - 2023/02/12 14:59:04 UTC
Table: 'Expresso Nitro(632658668)#0' 3-max (real money) Seat #3 is the button
Seat 1: _SKR (260)
Seat 2: MaxM28. (280)
Seat 3: Hamsous212 (360)
*** ANTE/BLINDS ***
_SKR posts small blind 10
MaxM28. posts big blind 20
Dealt to _SKR [3d 5c]
*** PRE-FLOP *** 
Hamsous212 calls 20
_SKR folds
MaxM28. checks
*** FLOP *** [5s 9d Ts]
MaxM28. bets 50
Hamsous212 calls 50
*** TURN *** [5s 9d Ts][Qc]
MaxM28. checks
Hamsous212 checks
*** RIVER *** [5s 9d Ts Qc][4d]
MaxM28. bets 210 and is all-in
Hamsous212 folds
MaxM28. collected 360 from pot
*** SUMMARY ***
Total pot 360 | No rake
Board: [5s 9d Ts Qc 4d]
Seat 2: MaxM28. (big blind) won 360


Winamax Poker - Tournament "Expresso Nitro" buyIn: 0.93€ + 0.07€ level: 2 - HandId: #2717248288590921729-4-1676213980 - Holdem no limit (15/30) - 2023/02/12 14:59:40 UTC
Table: 'Expresso Nitro(632658668)#0' 3-max (real money) Seat #1 is the button
Seat 1: _SKR (250)
Seat 2: MaxM28. (360)
Seat 3: Hamsous212 (290)
*** ANTE/BLINDS ***
MaxM28. posts small blind 15
Hamsous212 posts big blind 30
Dealt to _SKR [Tc 6h]
*** PRE-FLOP *** 
_SKR folds
MaxM28. calls 15
Hamsous212 checks
*** FLOP *** [6c 7c 6s]
MaxM28. bets 60
Hamsous212 raises 200 to 260 and is all-in
MaxM28. folds
Hamsous212 collected 380 from pot
*** SUMMARY ***
Total pot 380 | No rake
Board: [6c 7c 6s]
Seat 3: Hamsous212 (big blind) won 380


Winamax Poker - Tournament "Expresso Nitro" buyIn: 0.93€ + 0.07€ level: 2 - HandId: #2717248288590921729-5-1676214002 - Holdem no limit (15/30) - 2023/02/12 15:00:02 UTC
Table: 'Expresso Nitro(632658668)#0' 3-max (real money) Seat #2 is the button
Seat 1: _SKR (250)
Seat 2: MaxM28. (270)
Seat 3: Hamsous212 (380)
*** ANTE/BLINDS ***
Hamsous212 posts small blind 15
_SKR posts big blind 30
Dealt to _SKR [8c 7s]
*** PRE-FLOP *** 
MaxM28. folds
Hamsous212 raises 350 to 380 and is all-in
_SKR folds
Hamsous212 collected 410 from pot
*** SUMMARY ***
Total pot 410 | No rake
Seat 3: Hamsous212 (small blind) won 410


Winamax Poker - Tournament "Expresso Nitro" buyIn: 0.93€ + 0.07€ level: 2 - HandId: #2717248288590921729-6-1676214011 - Holdem no limit (15/30) - 2023/02/12 15:00:11 UTC
Table: 'Expresso Nitro(632658668)#0' 3-max (real money) Seat #3 is the button
Seat 1: _SKR (220)
Seat 2: MaxM28. (270)
Seat 3: Hamsous212 (410)
*** ANTE/BLINDS ***
_SKR posts small blind 15
MaxM28. posts big blind 30
Dealt to _SKR [3c Kc]
*** PRE-FLOP *** 
Hamsous212 raises 380 to 410 and is all-in
_SKR folds
MaxM28. folds
Hamsous212 collected 455 from pot
*** SUMMARY ***
Total pot 455 | No rake
Seat 3: Hamsous212 (button) won 455


Winamax Poker - Tournament "Expresso Nitro" buyIn: 0.93€ + 0.07€ level: 3 - HandId: #2717248288590921729-7-1676214021 - Holdem no limit (20/40) - 2023/02/12 15:00:21 UTC
Table: 'Expresso Nitro(632658668)#0' 3-max (real money) Seat #1 is the button
Seat 1: _SKR (205)
Seat 2: MaxM28. (240)
Seat 3: Hamsous212 (455)
*** ANTE/BLINDS ***
MaxM28. posts small blind 20
Hamsous212 posts big blind 40
Dealt to _SKR [Ah 2s]
*** PRE-FLOP *** 
_SKR raises 165 to 205 and is all-in
MaxM28. folds
Hamsous212 raises 250 to 455 and is all-in
*** FLOP *** [2d 5d Kh]
*** TURN *** [2d 5d Kh][Th]
*** RIVER *** [2d 5d Kh Th][8s]
*** SHOW DOWN ***
_SKR shows [Ah 2s] (One pair : 2)
Hamsous212 shows [Td Ac] (One pair : Tens)
Hamsous212 collected 680 from pot
*** SUMMARY ***
Total pot 680 | No rake
Board: [2d 5d Kh Th 8s]
Seat 1: _SKR (button) showed [Ah 2s] and lost with One pair : 2
Seat 3: Hamsous212 (big blind) showed [Td Ac] and won 680 with One pair : Tens


