Winamax Poker - Tournament "Expresso Nitro" buyIn: 1.86€ + 0.14€ level: 1 - HandId: #2697293561296060417-1-1675116610 - Holdem no limit (10/20) - 2023/01/30 22:10:10 UTC
Table: 'Expresso Nitro(628012596)#0' 3-max (real money) Seat #3 is the button
Seat 1: AAfaceKK (300)
Seat 2: _SKR (300)
Seat 3: JJ_Bourdin (300)
*** ANTE/BLINDS ***
AAfaceKK posts small blind 10
_SKR posts big blind 20
Dealt to _SKR [5c 5d]
*** PRE-FLOP *** 
JJ_Bourdin folds
AAfaceKK calls 10
_SKR raises 280 to 300 and is all-in
AAfaceKK folds
_SKR collected 320 from pot
*** SUMMARY ***
Total pot 320 | No rake
Seat 2: _SKR (big blind) won 320


Winamax Poker - Tournament "Expresso Nitro" buyIn: 1.86€ + 0.14€ level: 1 - HandId: #2697293561296060417-2-1675116637 - Holdem no limit (10/20) - 2023/01/30 22:10:37 UTC
Table: 'Expresso Nitro(628012596)#0' 3-max (real money) Seat #1 is the button
Seat 1: AAfaceKK (280)
Seat 2: _SKR (320)
Seat 3: JJ_Bourdin (300)
*** ANTE/BLINDS ***
_SKR posts small blind 10
JJ_Bourdin posts big blind 20
Dealt to _SKR [7s Qd]
*** PRE-FLOP *** 
AAfaceKK raises 20 to 40
_SKR folds
JJ_Bourdin calls 20
*** FLOP *** [Js Qc Tc]
JJ_Bourdin checks
AAfaceKK checks
*** TURN *** [Js Qc Tc][Jd]
JJ_Bourdin bets 40
AAfaceKK calls 40
*** RIVER *** [Js Qc Tc Jd][5d]
JJ_Bourdin bets 110
AAfaceKK folds
JJ_Bourdin collected 280 from pot
*** SUMMARY ***
Total pot 280 | No rake
Board: [Js Qc Tc Jd 5d]
Seat 3: JJ_Bourdin (big blind) won 280


Winamax Poker - Tournament "Expresso Nitro" buyIn: 1.86€ + 0.14€ level: 2 - HandId: #2697293561296060417-3-1675116679 - Holdem no limit (15/30) - 2023/01/30 22:11:19 UTC
Table: 'Expresso Nitro(628012596)#0' 3-max (real money) Seat #2 is the button
Seat 1: AAfaceKK (200)
Seat 2: _SKR (310)
Seat 3: JJ_Bourdin (390)
*** ANTE/BLINDS ***
JJ_Bourdin posts small blind 15
AAfaceKK posts big blind 30
Dealt to _SKR [Qs Js]
*** PRE-FLOP *** 
_SKR raises 280 to 310 and is all-in
JJ_Bourdin folds
AAfaceKK folds
_SKR collected 355 from pot
*** SUMMARY ***
Total pot 355 | No rake
Seat 2: _SKR (button) won 355


Winamax Poker - Tournament "Expresso Nitro" buyIn: 1.86€ + 0.14€ level: 2 - HandId: #2697293561296060417-4-1675116685 - Holdem no limit (15/30) - 2023/01/30 22:11:25 UTC
Table: 'Expresso Nitro(628012596)#0' 3-max (real money) Seat #3 is the button
Seat 1: AAfaceKK (170)
Seat 2: _SKR (355)
Seat 3: JJ_Bourdin (375)
*** ANTE/BLINDS ***
AAfaceKK posts small blind 15
_SKR posts big blind 30
Dealt to _SKR [Th Ah]
*** PRE-FLOP *** 
JJ_Bourdin folds
AAfaceKK raises 140 to 170 and is all-in
_SKR calls 140
*** FLOP *** [7c Ad 6h]
*** TURN *** [7c Ad 6h][7d]
*** RIVER *** [7c Ad 6h 7d][2s]
*** SHOW DOWN ***
AAfaceKK shows [As 9c] (Two pairs : Aces and 7)
_SKR shows [Th Ah] (Two pairs : Aces and 7)
_SKR collected 340 from pot
*** SUMMARY ***
Total pot 340 | No rake
Board: [7c Ad 6h 7d 2s]
Seat 1: AAfaceKK (small blind) showed [As 9c] and lost with Two pairs : Aces and 7
Seat 2: _SKR (big blind) showed [Th Ah] and won 340 with Two pairs : Aces and 7


Winamax Poker - Tournament "Expresso Nitro" buyIn: 1.86€ + 0.14€ level: 2 - HandId: #2697293561296060417-5-1675116700 - Holdem no limit (15/30) - 2023/01/30 22:11:40 UTC
Table: 'Expresso Nitro(628012596)#0' 3-max (real money) Seat #2 is the button
Seat 2: _SKR (525)
Seat 3: JJ_Bourdin (375)
*** ANTE/BLINDS ***
_SKR posts small blind 15
JJ_Bourdin posts big blind 30
Dealt to _SKR [Js 4c]
*** PRE-FLOP *** 
_SKR folds
JJ_Bourdin collected 45 from pot
*** SUMMARY ***
Total pot 45 | No rake
Seat 3: JJ_Bourdin (big blind) won 45


Winamax Poker - Tournament "Expresso Nitro" buyIn: 1.86€ + 0.14€ level: 2 - HandId: #2697293561296060417-6-1675116707 - Holdem no limit (15/30) - 2023/01/30 22:11:47 UTC
Table: 'Expresso Nitro(628012596)#0' 3-max (real money) Seat #3 is the button
Seat 2: _SKR (510)
Seat 3: JJ_Bourdin (390)
*** ANTE/BLINDS ***
JJ_Bourdin posts small blind 15
_SKR posts big blind 30
Dealt to _SKR [Jc 2d]
*** PRE-FLOP *** 
JJ_Bourdin calls 15
_SKR checks
*** FLOP *** [6h 8h Ac]
_SKR checks
JJ_Bourdin bets 30
_SKR folds
JJ_Bourdin collected 90 from pot
*** SUMMARY ***
Total pot 90 | No rake
Board: [6h 8h Ac]
Seat 3: JJ_Bourdin (small blind) (button) won 90


Winamax Poker - Tournament "Expresso Nitro" buyIn: 1.86€ + 0.14€ level: 3 - HandId: #2697293561296060417-7-1675116732 - Holdem no limit (20/40) - 2023/01/30 22:12:12 UTC
Table: 'Expresso Nitro(628012596)#0' 3-max (real money) Seat #2 is the button
Seat 2: _SKR (480)
Seat 3: JJ_Bourdin (420)
*** ANTE/BLINDS ***
_SKR posts small blind 20
JJ_Bourdin posts big blind 40
Dealt to _SKR [8c 4d]
*** PRE-FLOP *** 
_SKR folds
JJ_Bourdin collected 60 from pot
*** SUMMARY ***
Total pot 60 | No rake
Seat 3: JJ_Bourdin (big blind) won 60


Winamax Poker - Tournament "Expresso Nitro" buyIn: 1.86€ + 0.14€ level: 3 - HandId: #2697293561296060417-8-1675116737 - Holdem no limit (20/40) - 2023/01/30 22:12:17 UTC
Table: 'Expresso Nitro(628012596)#0' 3-max (real money) Seat #3 is the button
Seat 2: _SKR (460)
Seat 3: JJ_Bourdin (440)
*** ANTE/BLINDS ***
JJ_Bourdin posts small blind 20
_SKR posts big blind 40
Dealt to _SKR [Jd 9d]
*** PRE-FLOP *** 
JJ_Bourdin calls 20
_SKR raises 420 to 460 and is all-in
JJ_Bourdin folds
_SKR collected 500 from pot
*** SUMMARY ***
Total pot 500 | No rake
Seat 2: _SKR (big blind) won 500


Winamax Poker - Tournament "Expresso Nitro" buyIn: 1.86€ + 0.14€ level: 3 - HandId: #2697293561296060417-9-1675116746 - Holdem no limit (20/40) - 2023/01/30 22:12:26 UTC
Table: 'Expresso Nitro(628012596)#0' 3-max (real money) Seat #2 is the button
Seat 2: _SKR (500)
Seat 3: JJ_Bourdin (400)
*** ANTE/BLINDS ***
_SKR posts small blind 20
JJ_Bourdin posts big blind 40
Dealt to _SKR [Kd 7d]
*** PRE-FLOP *** 
_SKR raises 460 to 500 and is all-in
JJ_Bourdin calls 360 and is all-in
*** FLOP *** [2s 9h Jh]
*** TURN *** [2s 9h Jh][4s]
*** RIVER *** [2s 9h Jh 4s][5s]
*** SHOW DOWN ***
_SKR shows [Kd 7d] (High card : King)
JJ_Bourdin shows [Ac 6c] (High card : Ace)
JJ_Bourdin collected 800 from main pot
_SKR collected 100 from side pot 1
*** SUMMARY ***
Total pot 900 | No rake
Board: [2s 9h Jh 4s 5s]
Seat 2: _SKR (small blind) (button) showed [Kd 7d] and won 100 with High card : King
Seat 3: JJ_Bourdin (big blind) showed [Ac 6c] and won 800 with High card : Ace


Winamax Poker - Tournament "Expresso Nitro" buyIn: 1.86€ + 0.14€ level: 3 - HandId: #2697293561296060417-10-1675116760 - Holdem no limit (20/40) - 2023/01/30 22:12:40 UTC
Table: 'Expresso Nitro(628012596)#0' 3-max (real money) Seat #3 is the button
Seat 2: _SKR (100)
Seat 3: JJ_Bourdin (800)
*** ANTE/BLINDS ***
JJ_Bourdin posts small blind 20
_SKR posts big blind 40
Dealt to _SKR [2d As]
*** PRE-FLOP *** 
JJ_Bourdin raises 760 to 800 and is all-in
_SKR calls 60 and is all-in
*** FLOP *** [Kh 5h Jh]
*** TURN *** [Kh 5h Jh][Qc]
*** RIVER *** [Kh 5h Jh Qc][4h]
*** SHOW DOWN ***
_SKR shows [2d As] (High card : Ace)
JJ_Bourdin shows [9s 7s] (High card : King)
JJ_Bourdin collected 700 from side pot 1
_SKR collected 200 from main pot
*** SUMMARY ***
Total pot 900 | No rake
Board: [Kh 5h Jh Qc 4h]
Seat 2: _SKR (big blind) showed [2d As] and won 200 with High card : Ace
Seat 3: JJ_Bourdin (small blind) (button) showed [9s 7s] and won 700 with High card : King


Winamax Poker - Tournament "Expresso Nitro" buyIn: 1.86€ + 0.14€ level: 3 - HandId: #2697293561296060417-11-1675116773 - Holdem no limit (20/40) - 2023/01/30 22:12:53 UTC
Table: 'Expresso Nitro(628012596)#0' 3-max (real money) Seat #2 is the button
Seat 2: _SKR (200)
Seat 3: JJ_Bourdin (700)
*** ANTE/BLINDS ***
_SKR posts small blind 20
JJ_Bourdin posts big blind 40
Dealt to _SKR [7c Qh]
*** PRE-FLOP *** 
_SKR raises 160 to 200 and is all-in
JJ_Bourdin raises 160 to 360
*** FLOP *** [2s 7d Qc]
*** TURN *** [2s 7d Qc][Qd]
*** RIVER *** [2s 7d Qc Qd][8h]
*** SHOW DOWN ***
_SKR shows [7c Qh] (Full of Queens and 7)
JJ_Bourdin shows [5c Kc] (One pair : Queens)
JJ_Bourdin collected 160 from side pot 1
_SKR collected 400 from main pot
*** SUMMARY ***
Total pot 560 | No rake
Board: [2s 7d Qc Qd 8h]
Seat 2: _SKR (small blind) (button) showed [7c Qh] and won 400 with Full of Queens and 7
Seat 3: JJ_Bourdin (big blind) showed [5c Kc] and won 160 with One pair : Queens


Winamax Poker - Tournament "Expresso Nitro" buyIn: 1.86€ + 0.14€ level: 3 - HandId: #2697293561296060417-12-1675116785 - Holdem no limit (20/40) - 2023/01/30 22:13:05 UTC
Table: 'Expresso Nitro(628012596)#0' 3-max (real money) Seat #3 is the button
Seat 2: _SKR (400)
Seat 3: JJ_Bourdin (500)
*** ANTE/BLINDS ***
JJ_Bourdin posts small blind 20
_SKR posts big blind 40
Dealt to _SKR [2c 7h]
*** PRE-FLOP *** 
JJ_Bourdin calls 20
_SKR checks
*** FLOP *** [9c Jh 8s]
_SKR checks
JJ_Bourdin checks
*** TURN *** [9c Jh 8s][3s]
_SKR checks
JJ_Bourdin bets 40
_SKR folds
JJ_Bourdin collected 120 from pot
*** SUMMARY ***
Total pot 120 | No rake
Board: [9c Jh 8s 3s]
Seat 3: JJ_Bourdin (small blind) (button) won 120


Winamax Poker - Tournament "Expresso Nitro" buyIn: 1.86€ + 0.14€ level: 4 - HandId: #2697293561296060417-13-1675116808 - Holdem no limit (30/60) - 2023/01/30 22:13:28 UTC
Table: 'Expresso Nitro(628012596)#0' 3-max (real money) Seat #2 is the button
Seat 2: _SKR (360)
Seat 3: JJ_Bourdin (540)
*** ANTE/BLINDS ***
_SKR posts small blind 30
JJ_Bourdin posts big blind 60
Dealt to _SKR [Td 7c]
*** PRE-FLOP *** 
_SKR raises 300 to 360 and is all-in
JJ_Bourdin calls 300
*** FLOP *** [4c Tc Ad]
*** TURN *** [4c Tc Ad][Jd]
*** RIVER *** [4c Tc Ad Jd][6h]
*** SHOW DOWN ***
_SKR shows [Td 7c] (One pair : Tens)
JJ_Bourdin shows [2s Ac] (One pair : Aces)
JJ_Bourdin collected 720 from pot
*** SUMMARY ***
Total pot 720 | No rake
Board: [4c Tc Ad Jd 6h]
Seat 2: _SKR (small blind) (button) showed [Td 7c] and lost with One pair : Tens
Seat 3: JJ_Bourdin (big blind) showed [2s Ac] and won 720 with One pair : Aces


