Winamax Poker - Tournament "Expresso Nitro" buyIn: 0.93€ + 0.07€ level: 1 - HandId: #2692537460541358081-1-1674829479 - Holdem no limit (10/20) - 2023/01/27 14:24:39 UTC
Table: 'Expresso Nitro(626905230)#0' 3-max (real money) Seat #3 is the button
Seat 1: _SKR (300)
Seat 2: TF_Goleador6 (300)
Seat 3: Mbpep14 (300)
*** ANTE/BLINDS ***
_SKR posts small blind 10
TF_Goleador6 posts big blind 20
Dealt to _SKR [4s Tc]
*** PRE-FLOP *** 
Mbpep14 calls 20
_SKR folds
TF_Goleador6 checks
*** FLOP *** [2h 3s Qc]
TF_Goleador6 bets 33
Mbpep14 folds
TF_Goleador6 collected 83 from pot
*** SUMMARY ***
Total pot 83 | No rake
Board: [2h 3s Qc]
Seat 2: TF_Goleador6 (big blind) won 83


Winamax Poker - Tournament "Expresso Nitro" buyIn: 0.93€ + 0.07€ level: 1 - HandId: #2692537460541358081-2-1674829495 - Holdem no limit (10/20) - 2023/01/27 14:24:55 UTC
Table: 'Expresso Nitro(626905230)#0' 3-max (real money) Seat #1 is the button
Seat 1: _SKR (290)
Seat 2: TF_Goleador6 (330)
Seat 3: Mbpep14 (280)
*** ANTE/BLINDS ***
TF_Goleador6 posts small blind 10
Mbpep14 posts big blind 20
Dealt to _SKR [Ts Jc]
*** PRE-FLOP *** 
_SKR raises 20 to 40
TF_Goleador6 folds
Mbpep14 raises 240 to 280 and is all-in
_SKR folds
Mbpep14 collected 330 from pot
*** SUMMARY ***
Total pot 330 | No rake
Seat 3: Mbpep14 (big blind) won 330


Winamax Poker - Tournament "Expresso Nitro" buyIn: 0.93€ + 0.07€ level: 1 - HandId: #2692537460541358081-3-1674829508 - Holdem no limit (10/20) - 2023/01/27 14:25:08 UTC
Table: 'Expresso Nitro(626905230)#0' 3-max (real money) Seat #2 is the button
Seat 1: _SKR (250)
Seat 2: TF_Goleador6 (320)
Seat 3: Mbpep14 (330)
*** ANTE/BLINDS ***
Mbpep14 posts small blind 10
_SKR posts big blind 20
Dealt to _SKR [Td 7s]
*** PRE-FLOP *** 
TF_Goleador6 folds
Mbpep14 raises 20 to 40
_SKR folds
Mbpep14 collected 60 from pot
*** SUMMARY ***
Total pot 60 | No rake
Seat 3: Mbpep14 (small blind) won 60


Winamax Poker - Tournament "Expresso Nitro" buyIn: 0.93€ + 0.07€ level: 1 - HandId: #2692537460541358081-4-1674829518 - Holdem no limit (10/20) - 2023/01/27 14:25:18 UTC
Table: 'Expresso Nitro(626905230)#0' 3-max (real money) Seat #3 is the button
Seat 1: _SKR (230)
Seat 2: TF_Goleador6 (320)
Seat 3: Mbpep14 (350)
*** ANTE/BLINDS ***
_SKR posts small blind 10
TF_Goleador6 posts big blind 20
Dealt to _SKR [9h 2h]
*** PRE-FLOP *** 
Mbpep14 folds
_SKR folds
TF_Goleador6 collected 30 from pot
*** SUMMARY ***
Total pot 30 | No rake
Seat 2: TF_Goleador6 (big blind) won 30


Winamax Poker - Tournament "Expresso Nitro" buyIn: 0.93€ + 0.07€ level: 1 - HandId: #2692537460541358081-5-1674829528 - Holdem no limit (10/20) - 2023/01/27 14:25:28 UTC
Table: 'Expresso Nitro(626905230)#0' 3-max (real money) Seat #1 is the button
Seat 1: _SKR (220)
Seat 2: TF_Goleador6 (330)
Seat 3: Mbpep14 (350)
*** ANTE/BLINDS ***
TF_Goleador6 posts small blind 10
Mbpep14 posts big blind 20
Dealt to _SKR [Jc Ts]
*** PRE-FLOP *** 
_SKR folds
TF_Goleador6 calls 10
Mbpep14 checks
*** FLOP *** [4s 3d 6h]
TF_Goleador6 bets 26
Mbpep14 calls 26
*** TURN *** [4s 3d 6h][Qs]
TF_Goleador6 checks
Mbpep14 checks
*** RIVER *** [4s 3d 6h Qs][Ks]
TF_Goleador6 checks
Mbpep14 bets 304 and is all-in
TF_Goleador6 folds
Mbpep14 collected 396 from pot
*** SUMMARY ***
Total pot 396 | No rake
Board: [4s 3d 6h Qs Ks]
Seat 3: Mbpep14 (big blind) won 396


Winamax Poker - Tournament "Expresso Nitro" buyIn: 0.93€ + 0.07€ level: 2 - HandId: #2692537460541358081-6-1674829561 - Holdem no limit (15/30) - 2023/01/27 14:26:01 UTC
Table: 'Expresso Nitro(626905230)#0' 3-max (real money) Seat #2 is the button
Seat 1: _SKR (220)
Seat 2: TF_Goleador6 (284)
Seat 3: Mbpep14 (396)
*** ANTE/BLINDS ***
Mbpep14 posts small blind 15
_SKR posts big blind 30
Dealt to _SKR [8c Ac]
*** PRE-FLOP *** 
TF_Goleador6 calls 30
Mbpep14 calls 15
_SKR raises 190 to 220 and is all-in
TF_Goleador6 folds
Mbpep14 calls 190
*** FLOP *** [Td Qs As]
*** TURN *** [Td Qs As][6d]
*** RIVER *** [Td Qs As 6d][9d]
*** SHOW DOWN ***
Mbpep14 shows [7c 9s] (One pair : 9)
_SKR shows [8c Ac] (One pair : Aces)
_SKR collected 470 from pot
*** SUMMARY ***
Total pot 470 | No rake
Board: [Td Qs As 6d 9d]
Seat 1: _SKR (big blind) showed [8c Ac] and won 470 with One pair : Aces
Seat 3: Mbpep14 (small blind) showed [7c 9s] and lost with One pair : 9


Winamax Poker - Tournament "Expresso Nitro" buyIn: 0.93€ + 0.07€ level: 2 - HandId: #2692537460541358081-7-1674829582 - Holdem no limit (15/30) - 2023/01/27 14:26:22 UTC
Table: 'Expresso Nitro(626905230)#0' 3-max (real money) Seat #3 is the button
Seat 1: _SKR (470)
Seat 2: TF_Goleador6 (254)
Seat 3: Mbpep14 (176)
*** ANTE/BLINDS ***
_SKR posts small blind 15
TF_Goleador6 posts big blind 30
Dealt to _SKR [9h 2s]
*** PRE-FLOP *** 
Mbpep14 raises 146 to 176 and is all-in
_SKR folds
TF_Goleador6 calls 146
*** FLOP *** [7c 4d 8d]
*** TURN *** [7c 4d 8d][8s]
*** RIVER *** [7c 4d 8d 8s][4h]
*** SHOW DOWN ***
Mbpep14 shows [Ah Kh] (Two pairs : 8 and 4)
TF_Goleador6 shows [Ac 8h] (Full of 8 and 4)
TF_Goleador6 collected 367 from pot
*** SUMMARY ***
Total pot 367 | No rake
Board: [7c 4d 8d 8s 4h]
Seat 2: TF_Goleador6 (big blind) showed [Ac 8h] and won 367 with Full of 8 and 4
Seat 3: Mbpep14 (button) showed [Ah Kh] and lost with Two pairs : 8 and 4


Winamax Poker - Tournament "Expresso Nitro" buyIn: 0.93€ + 0.07€ level: 3 - HandId: #2692537460541358081-8-1674829601 - Holdem no limit (20/40) - 2023/01/27 14:26:41 UTC
Table: 'Expresso Nitro(626905230)#0' 3-max (real money) Seat #2 is the button
Seat 1: _SKR (455)
Seat 2: TF_Goleador6 (445)
*** ANTE/BLINDS ***
TF_Goleador6 posts small blind 20
_SKR posts big blind 40
Dealt to _SKR [9c Qc]
*** PRE-FLOP *** 
TF_Goleador6 calls 20
_SKR raises 415 to 455 and is all-in
TF_Goleador6 folds
_SKR collected 495 from pot
*** SUMMARY ***
Total pot 495 | No rake
Seat 1: _SKR (big blind) won 495


Winamax Poker - Tournament "Expresso Nitro" buyIn: 0.93€ + 0.07€ level: 3 - HandId: #2692537460541358081-9-1674829610 - Holdem no limit (20/40) - 2023/01/27 14:26:50 UTC
Table: 'Expresso Nitro(626905230)#0' 3-max (real money) Seat #1 is the button
Seat 1: _SKR (495)
Seat 2: TF_Goleador6 (405)
*** ANTE/BLINDS ***
_SKR posts small blind 20
TF_Goleador6 posts big blind 40
Dealt to _SKR [Jh 7c]
*** PRE-FLOP *** 
_SKR folds
TF_Goleador6 collected 60 from pot
*** SUMMARY ***
Total pot 60 | No rake
Seat 2: TF_Goleador6 (big blind) won 60


Winamax Poker - Tournament "Expresso Nitro" buyIn: 0.93€ + 0.07€ level: 3 - HandId: #2692537460541358081-10-1674829614 - Holdem no limit (20/40) - 2023/01/27 14:26:54 UTC
Table: 'Expresso Nitro(626905230)#0' 3-max (real money) Seat #2 is the button
Seat 1: _SKR (475)
Seat 2: TF_Goleador6 (425)
*** ANTE/BLINDS ***
TF_Goleador6 posts small blind 20
_SKR posts big blind 40
Dealt to _SKR [3h Td]
*** PRE-FLOP *** 
TF_Goleador6 calls 20
_SKR checks
*** FLOP *** [Ad Ks Tc]
_SKR checks
TF_Goleador6 checks
*** TURN *** [Ad Ks Tc][Jh]
_SKR checks
TF_Goleador6 checks
*** RIVER *** [Ad Ks Tc Jh][Qs]
_SKR checks
TF_Goleador6 bets 183
_SKR calls 183
*** SHOW DOWN ***
_SKR shows [3h Td] (Straight Ace high)
TF_Goleador6 shows [4d 9s] (Straight Ace high)
TF_Goleador6 collected 223 from pot
_SKR collected 223 from pot
*** SUMMARY ***
Total pot 446 | No rake
Board: [Ad Ks Tc Jh Qs]
Seat 1: _SKR (big blind) showed [3h Td] and won 223 with Straight Ace high
Seat 2: TF_Goleador6 (small blind) (button) showed [4d 9s] and won 223 with Straight Ace high


Winamax Poker - Tournament "Expresso Nitro" buyIn: 0.93€ + 0.07€ level: 3 - HandId: #2692537460541358081-11-1674829648 - Holdem no limit (20/40) - 2023/01/27 14:27:28 UTC
Table: 'Expresso Nitro(626905230)#0' 3-max (real money) Seat #1 is the button
Seat 1: _SKR (475)
Seat 2: TF_Goleador6 (425)
*** ANTE/BLINDS ***
_SKR posts small blind 20
TF_Goleador6 posts big blind 40
Dealt to _SKR [Qc 8h]
*** PRE-FLOP *** 
_SKR calls 20
TF_Goleador6 checks
*** FLOP *** [8c 4s Qd]
TF_Goleador6 bets 52
_SKR calls 52
*** TURN *** [8c 4s Qd][7h]
TF_Goleador6 checks
_SKR bets 92
TF_Goleador6 raises 241 to 333 and is all-in
_SKR calls 241
*** RIVER *** [8c 4s Qd 7h][7s]
*** SHOW DOWN ***
TF_Goleador6 shows [4c Ah] (Two pairs : 7 and 4)
_SKR shows [Qc 8h] (Two pairs : Queens and 8)
_SKR collected 850 from pot
*** SUMMARY ***
Total pot 850 | No rake
Board: [8c 4s Qd 7h 7s]
Seat 1: _SKR (small blind) (button) showed [Qc 8h] and won 850 with Two pairs : Queens and 8
Seat 2: TF_Goleador6 (big blind) showed [4c Ah] and lost with Two pairs : 7 and 4


