Winamax Poker - Tournament "Expresso Nitro" buyIn: 1.86€ + 0.14€ level: 1 - HandId: #2696676799697387521-1-1675092952 - Holdem no limit (10/20) - 2023/01/30 15:35:52 UTC
Table: 'Expresso Nitro(627868995)#0' 3-max (real money) Seat #3 is the button
Seat 1: V. PutAllin (300)
Seat 2: Idrissi2020 (300)
Seat 3: _SKR (300)
*** ANTE/BLINDS ***
V. PutAllin posts small blind 10
Idrissi2020 posts big blind 20
Dealt to _SKR [Kc 4h]
*** PRE-FLOP *** 
_SKR folds
V. PutAllin calls 10
Idrissi2020 checks
*** FLOP *** [5c 9h Ah]
V. PutAllin checks
Idrissi2020 checks
*** TURN *** [5c 9h Ah][6h]
V. PutAllin bets 40
Idrissi2020 calls 40
*** RIVER *** [5c 9h Ah 6h][4s]
V. PutAllin checks
Idrissi2020 checks
*** SHOW DOWN ***
Idrissi2020 shows [4c 3s] (One pair : 4)
V. PutAllin shows [7s 5h] (One pair : 5)
V. PutAllin collected 120 from pot
*** SUMMARY ***
Total pot 120 | No rake
Board: [5c 9h Ah 6h 4s]
Seat 1: V. PutAllin (small blind) showed [7s 5h] and won 120 with One pair : 5
Seat 2: Idrissi2020 (big blind) showed [4c 3s] and lost with One pair : 4


Winamax Poker - Tournament "Expresso Nitro" buyIn: 1.86€ + 0.14€ level: 1 - HandId: #2696676799697387521-2-1675092978 - Holdem no limit (10/20) - 2023/01/30 15:36:18 UTC
Table: 'Expresso Nitro(627868995)#0' 3-max (real money) Seat #1 is the button
Seat 1: V. PutAllin (360)
Seat 2: Idrissi2020 (240)
Seat 3: _SKR (300)
*** ANTE/BLINDS ***
Idrissi2020 posts small blind 10
_SKR posts big blind 20
Dealt to _SKR [6h Qd]
*** PRE-FLOP *** 
V. PutAllin folds
Idrissi2020 raises 220 to 240 and is all-in
_SKR folds
Idrissi2020 collected 260 from pot
*** SUMMARY ***
Total pot 260 | No rake
Seat 2: Idrissi2020 (small blind) won 260


Winamax Poker - Tournament "Expresso Nitro" buyIn: 1.86€ + 0.14€ level: 1 - HandId: #2696676799697387521-3-1675092991 - Holdem no limit (10/20) - 2023/01/30 15:36:31 UTC
Table: 'Expresso Nitro(627868995)#0' 3-max (real money) Seat #2 is the button
Seat 1: V. PutAllin (360)
Seat 2: Idrissi2020 (260)
Seat 3: _SKR (280)
*** ANTE/BLINDS ***
_SKR posts small blind 10
V. PutAllin posts big blind 20
Dealt to _SKR [Ac 4s]
*** PRE-FLOP *** 
Idrissi2020 raises 240 to 260 and is all-in
_SKR folds
V. PutAllin folds
Idrissi2020 collected 290 from pot
*** SUMMARY ***
Total pot 290 | No rake
Seat 2: Idrissi2020 (button) won 290


Winamax Poker - Tournament "Expresso Nitro" buyIn: 1.86€ + 0.14€ level: 1 - HandId: #2696676799697387521-4-1675092999 - Holdem no limit (10/20) - 2023/01/30 15:36:39 UTC
Table: 'Expresso Nitro(627868995)#0' 3-max (real money) Seat #3 is the button
Seat 1: V. PutAllin (340)
Seat 2: Idrissi2020 (290)
Seat 3: _SKR (270)
*** ANTE/BLINDS ***
V. PutAllin posts small blind 10
Idrissi2020 posts big blind 20
Dealt to _SKR [7h As]
*** PRE-FLOP *** 
_SKR raises 250 to 270 and is all-in
V. PutAllin folds
Idrissi2020 folds
_SKR collected 300 from pot
*** SUMMARY ***
Total pot 300 | No rake
Seat 3: _SKR (button) won 300


Winamax Poker - Tournament "Expresso Nitro" buyIn: 1.86€ + 0.14€ level: 2 - HandId: #2696676799697387521-5-1675093016 - Holdem no limit (15/30) - 2023/01/30 15:36:56 UTC
Table: 'Expresso Nitro(627868995)#0' 3-max (real money) Seat #1 is the button
Seat 1: V. PutAllin (330)
Seat 2: Idrissi2020 (270)
Seat 3: _SKR (300)
*** ANTE/BLINDS ***
Idrissi2020 posts small blind 15
_SKR posts big blind 30
Dealt to _SKR [3d 9d]
*** PRE-FLOP *** 
V. PutAllin raises 300 to 330 and is all-in
Idrissi2020 folds
_SKR folds
V. PutAllin collected 375 from pot
*** SUMMARY ***
Total pot 375 | No rake
Seat 1: V. PutAllin (button) won 375


Winamax Poker - Tournament "Expresso Nitro" buyIn: 1.86€ + 0.14€ level: 2 - HandId: #2696676799697387521-6-1675093022 - Holdem no limit (15/30) - 2023/01/30 15:37:02 UTC
Table: 'Expresso Nitro(627868995)#0' 3-max (real money) Seat #2 is the button
Seat 1: V. PutAllin (375)
Seat 2: Idrissi2020 (255)
Seat 3: _SKR (270)
*** ANTE/BLINDS ***
_SKR posts small blind 15
V. PutAllin posts big blind 30
Dealt to _SKR [Kh Ts]
*** PRE-FLOP *** 
Idrissi2020 folds
_SKR raises 240 to 270 and is all-in
V. PutAllin folds
_SKR collected 300 from pot
*** SUMMARY ***
Total pot 300 | No rake
Seat 3: _SKR (small blind) won 300


Winamax Poker - Tournament "Expresso Nitro" buyIn: 1.86€ + 0.14€ level: 2 - HandId: #2696676799697387521-7-1675093034 - Holdem no limit (15/30) - 2023/01/30 15:37:14 UTC
Table: 'Expresso Nitro(627868995)#0' 3-max (real money) Seat #3 is the button
Seat 1: V. PutAllin (345)
Seat 2: Idrissi2020 (255)
Seat 3: _SKR (300)
*** ANTE/BLINDS ***
V. PutAllin posts small blind 15
Idrissi2020 posts big blind 30
Dealt to _SKR [4d Tc]
*** PRE-FLOP *** 
_SKR folds
V. PutAllin folds
Idrissi2020 collected 45 from pot
*** SUMMARY ***
Total pot 45 | No rake
Seat 2: Idrissi2020 (big blind) won 45


Winamax Poker - Tournament "Expresso Nitro" buyIn: 1.86€ + 0.14€ level: 2 - HandId: #2696676799697387521-8-1675093043 - Holdem no limit (15/30) - 2023/01/30 15:37:23 UTC
Table: 'Expresso Nitro(627868995)#0' 3-max (real money) Seat #1 is the button
Seat 1: V. PutAllin (330)
Seat 2: Idrissi2020 (270)
Seat 3: _SKR (300)
*** ANTE/BLINDS ***
Idrissi2020 posts small blind 15
_SKR posts big blind 30
Dealt to _SKR [7h Th]
*** PRE-FLOP *** 
V. PutAllin folds
Idrissi2020 raises 240 to 270 and is all-in
_SKR folds
Idrissi2020 collected 300 from pot
*** SUMMARY ***
Total pot 300 | No rake
Seat 2: Idrissi2020 (small blind) won 300


Winamax Poker - Tournament "Expresso Nitro" buyIn: 1.86€ + 0.14€ level: 2 - HandId: #2696676799697387521-9-1675093050 - Holdem no limit (15/30) - 2023/01/30 15:37:30 UTC
Table: 'Expresso Nitro(627868995)#0' 3-max (real money) Seat #2 is the button
Seat 1: V. PutAllin (330)
Seat 2: Idrissi2020 (300)
Seat 3: _SKR (270)
*** ANTE/BLINDS ***
_SKR posts small blind 15
V. PutAllin posts big blind 30
Dealt to _SKR [6s 3d]
*** PRE-FLOP *** 
Idrissi2020 folds
_SKR folds
V. PutAllin collected 45 from pot
*** SUMMARY ***
Total pot 45 | No rake
Seat 1: V. PutAllin (big blind) won 45


Winamax Poker - Tournament "Expresso Nitro" buyIn: 1.86€ + 0.14€ level: 2 - HandId: #2696676799697387521-10-1675093055 - Holdem no limit (15/30) - 2023/01/30 15:37:35 UTC
Table: 'Expresso Nitro(627868995)#0' 3-max (real money) Seat #3 is the button
Seat 1: V. PutAllin (345)
Seat 2: Idrissi2020 (300)
Seat 3: _SKR (255)
*** ANTE/BLINDS ***
V. PutAllin posts small blind 15
Idrissi2020 posts big blind 30
Dealt to _SKR [6h 8d]
*** PRE-FLOP *** 
_SKR folds
V. PutAllin folds
Idrissi2020 collected 45 from pot
*** SUMMARY ***
Total pot 45 | No rake
Seat 2: Idrissi2020 (big blind) won 45


Winamax Poker - Tournament "Expresso Nitro" buyIn: 1.86€ + 0.14€ level: 2 - HandId: #2696676799697387521-11-1675093063 - Holdem no limit (15/30) - 2023/01/30 15:37:43 UTC
Table: 'Expresso Nitro(627868995)#0' 3-max (real money) Seat #1 is the button
Seat 1: V. PutAllin (330)
Seat 2: Idrissi2020 (315)
Seat 3: _SKR (255)
*** ANTE/BLINDS ***
Idrissi2020 posts small blind 15
_SKR posts big blind 30
Dealt to _SKR [8c 3d]
*** PRE-FLOP *** 
V. PutAllin raises 300 to 330 and is all-in
Idrissi2020 calls 300 and is all-in
_SKR folds
*** FLOP *** [6c 2d 6s]
*** TURN *** [6c 2d 6s][4h]
*** RIVER *** [6c 2d 6s 4h][9s]
*** SHOW DOWN ***
Idrissi2020 shows [Ks Ts] (One pair : 6)
V. PutAllin shows [Ac 5s] (One pair : 6)
V. PutAllin collected 675 from pot
*** SUMMARY ***
Total pot 675 | No rake
Board: [6c 2d 6s 4h 9s]
Seat 1: V. PutAllin (button) showed [Ac 5s] and won 675 with One pair : 6
Seat 2: Idrissi2020 (small blind) showed [Ks Ts] and lost with One pair : 6


Winamax Poker - Tournament "Expresso Nitro" buyIn: 1.86€ + 0.14€ level: 3 - HandId: #2696676799697387521-12-1675093080 - Holdem no limit (20/40) - 2023/01/30 15:38:00 UTC
Table: 'Expresso Nitro(627868995)#0' 3-max (real money) Seat #3 is the button
Seat 1: V. PutAllin (675)
Seat 3: _SKR (225)
*** ANTE/BLINDS ***
_SKR posts small blind 20
V. PutAllin posts big blind 40
Dealt to _SKR [6h 7c]
*** PRE-FLOP *** 
_SKR folds
V. PutAllin collected 60 from pot
*** SUMMARY ***
Total pot 60 | No rake
Seat 1: V. PutAllin (big blind) won 60


Winamax Poker - Tournament "Expresso Nitro" buyIn: 1.86€ + 0.14€ level: 3 - HandId: #2696676799697387521-13-1675093083 - Holdem no limit (20/40) - 2023/01/30 15:38:03 UTC
Table: 'Expresso Nitro(627868995)#0' 3-max (real money) Seat #1 is the button
Seat 1: V. PutAllin (695)
Seat 3: _SKR (205)
*** ANTE/BLINDS ***
V. PutAllin posts small blind 20
_SKR posts big blind 40
Dealt to _SKR [Qh 3c]
*** PRE-FLOP *** 
V. PutAllin folds
_SKR collected 60 from pot
*** SUMMARY ***
Total pot 60 | No rake
Seat 3: _SKR (big blind) won 60


Winamax Poker - Tournament "Expresso Nitro" buyIn: 1.86€ + 0.14€ level: 3 - HandId: #2696676799697387521-14-1675093087 - Holdem no limit (20/40) - 2023/01/30 15:38:07 UTC
Table: 'Expresso Nitro(627868995)#0' 3-max (real money) Seat #3 is the button
Seat 1: V. PutAllin (675)
Seat 3: _SKR (225)
*** ANTE/BLINDS ***
_SKR posts small blind 20
V. PutAllin posts big blind 40
Dealt to _SKR [Ac Ah]
*** PRE-FLOP *** 
_SKR calls 20
V. PutAllin raises 635 to 675 and is all-in
_SKR calls 185 and is all-in
*** FLOP *** [7h 5d Qh]
*** TURN *** [7h 5d Qh][Tc]
*** RIVER *** [7h 5d Qh Tc][6c]
*** SHOW DOWN ***
V. PutAllin shows [Jd Ad] (High card : Ace)
_SKR shows [Ac Ah] (One pair : Aces)
_SKR collected 450 from main pot
V. PutAllin collected 450 from side pot 1
*** SUMMARY ***
Total pot 900 | No rake
Board: [7h 5d Qh Tc 6c]
Seat 1: V. PutAllin (big blind) showed [Jd Ad] and won 450 with High card : Ace
Seat 3: _SKR (small blind) (button) showed [Ac Ah] and won 450 with One pair : Aces


Winamax Poker - Tournament "Expresso Nitro" buyIn: 1.86€ + 0.14€ level: 3 - HandId: #2696676799697387521-15-1675093104 - Holdem no limit (20/40) - 2023/01/30 15:38:24 UTC
Table: 'Expresso Nitro(627868995)#0' 3-max (real money) Seat #1 is the button
Seat 1: V. PutAllin (450)
Seat 3: _SKR (450)
*** ANTE/BLINDS ***
V. PutAllin posts small blind 20
_SKR posts big blind 40
Dealt to _SKR [4s Qd]
*** PRE-FLOP *** 
V. PutAllin folds
_SKR collected 60 from pot
*** SUMMARY ***
Total pot 60 | No rake
Seat 3: _SKR (big blind) won 60


Winamax Poker - Tournament "Expresso Nitro" buyIn: 1.86€ + 0.14€ level: 3 - HandId: #2696676799697387521-16-1675093109 - Holdem no limit (20/40) - 2023/01/30 15:38:29 UTC
Table: 'Expresso Nitro(627868995)#0' 3-max (real money) Seat #3 is the button
Seat 1: V. PutAllin (430)
Seat 3: _SKR (470)
*** ANTE/BLINDS ***
_SKR posts small blind 20
V. PutAllin posts big blind 40
Dealt to _SKR [3c 7d]
*** PRE-FLOP *** 
_SKR folds
V. PutAllin collected 60 from pot
*** SUMMARY ***
Total pot 60 | No rake
Seat 1: V. PutAllin (big blind) won 60


Winamax Poker - Tournament "Expresso Nitro" buyIn: 1.86€ + 0.14€ level: 3 - HandId: #2696676799697387521-17-1675093113 - Holdem no limit (20/40) - 2023/01/30 15:38:33 UTC
Table: 'Expresso Nitro(627868995)#0' 3-max (real money) Seat #1 is the button
Seat 1: V. PutAllin (450)
Seat 3: _SKR (450)
*** ANTE/BLINDS ***
V. PutAllin posts small blind 20
_SKR posts big blind 40
Dealt to _SKR [8d 8c]
*** PRE-FLOP *** 
V. PutAllin folds
_SKR collected 60 from pot
*** SUMMARY ***
Total pot 60 | No rake
Seat 3: _SKR (big blind) won 60


Winamax Poker - Tournament "Expresso Nitro" buyIn: 1.86€ + 0.14€ level: 3 - HandId: #2696676799697387521-18-1675093116 - Holdem no limit (20/40) - 2023/01/30 15:38:36 UTC
Table: 'Expresso Nitro(627868995)#0' 3-max (real money) Seat #3 is the button
Seat 1: V. PutAllin (430)
Seat 3: _SKR (470)
*** ANTE/BLINDS ***
_SKR posts small blind 20
V. PutAllin posts big blind 40
Dealt to _SKR [2h 2c]
*** PRE-FLOP *** 
_SKR raises 430 to 470 and is all-in
V. PutAllin calls 390 and is all-in
*** FLOP *** [3c 6h Qh]
*** TURN *** [3c 6h Qh][9d]
*** RIVER *** [3c 6h Qh 9d][9c]
*** SHOW DOWN ***
V. PutAllin shows [5h Ad] (One pair : 9)
_SKR shows [2h 2c] (Two pairs : 9 and 2)
_SKR collected 900 from pot
*** SUMMARY ***
Total pot 900 | No rake
Board: [3c 6h Qh 9d 9c]
Seat 1: V. PutAllin (big blind) showed [5h Ad] and lost with One pair : 9
Seat 3: _SKR (small blind) (button) showed [2h 2c] and won 900 with Two pairs : 9 and 2


