Winamax Poker - Tournament "Expresso Nitro" buyIn: 0.93€ + 0.07€ level: 1 - HandId: #2717887813516263425-1-1676238918 - Holdem no limit (10/20) - 2023/02/12 21:55:18 UTC
Table: 'Expresso Nitro(632807569)#0' 3-max (real money) Seat #1 is the button
Seat 1: Bestbenred (300)
Seat 2: Flobobo13 (300)
Seat 3: _SKR (300)
*** ANTE/BLINDS ***
Flobobo13 posts small blind 10
_SKR posts big blind 20
Dealt to _SKR [Kd 8d]
*** PRE-FLOP *** 
Bestbenred folds
Flobobo13 folds
_SKR collected 30 from pot
*** SUMMARY ***
Total pot 30 | No rake
Seat 3: _SKR (big blind) won 30


Winamax Poker - Tournament "Expresso Nitro" buyIn: 0.93€ + 0.07€ level: 1 - HandId: #2717887813516263425-2-1676238923 - Holdem no limit (10/20) - 2023/02/12 21:55:23 UTC
Table: 'Expresso Nitro(632807569)#0' 3-max (real money) Seat #2 is the button
Seat 1: Bestbenred (300)
Seat 2: Flobobo13 (290)
Seat 3: _SKR (310)
*** ANTE/BLINDS ***
_SKR posts small blind 10
Bestbenred posts big blind 20
Dealt to _SKR [8s 5d]
*** PRE-FLOP *** 
Flobobo13 folds
_SKR folds
Bestbenred collected 30 from pot
*** SUMMARY ***
Total pot 30 | No rake
Seat 1: Bestbenred (big blind) won 30


Winamax Poker - Tournament "Expresso Nitro" buyIn: 0.93€ + 0.07€ level: 1 - HandId: #2717887813516263425-3-1676238928 - Holdem no limit (10/20) - 2023/02/12 21:55:28 UTC
Table: 'Expresso Nitro(632807569)#0' 3-max (real money) Seat #3 is the button
Seat 1: Bestbenred (310)
Seat 2: Flobobo13 (290)
Seat 3: _SKR (300)
*** ANTE/BLINDS ***
Bestbenred posts small blind 10
Flobobo13 posts big blind 20
Dealt to _SKR [2c 7d]
*** PRE-FLOP *** 
_SKR folds
Bestbenred folds
Flobobo13 collected 30 from pot
*** SUMMARY ***
Total pot 30 | No rake
Seat 2: Flobobo13 (big blind) won 30


Winamax Poker - Tournament "Expresso Nitro" buyIn: 0.93€ + 0.07€ level: 1 - HandId: #2717887813516263425-4-1676238937 - Holdem no limit (10/20) - 2023/02/12 21:55:37 UTC
Table: 'Expresso Nitro(632807569)#0' 3-max (real money) Seat #1 is the button
Seat 1: Bestbenred (300)
Seat 2: Flobobo13 (300)
Seat 3: _SKR (300)
*** ANTE/BLINDS ***
Flobobo13 posts small blind 10
_SKR posts big blind 20
Dealt to _SKR [5c Ad]
*** PRE-FLOP *** 
Bestbenred folds
Flobobo13 folds
_SKR collected 30 from pot
*** SUMMARY ***
Total pot 30 | No rake
Seat 3: _SKR (big blind) won 30


Winamax Poker - Tournament "Expresso Nitro" buyIn: 0.93€ + 0.07€ level: 1 - HandId: #2717887813516263425-5-1676238942 - Holdem no limit (10/20) - 2023/02/12 21:55:42 UTC
Table: 'Expresso Nitro(632807569)#0' 3-max (real money) Seat #2 is the button
Seat 1: Bestbenred (300)
Seat 2: Flobobo13 (290)
Seat 3: _SKR (310)
*** ANTE/BLINDS ***
_SKR posts small blind 10
Bestbenred posts big blind 20
Dealt to _SKR [Ts Jh]
*** PRE-FLOP *** 
Flobobo13 folds
_SKR raises 20 to 40
Bestbenred calls 20
*** FLOP *** [7s Th 3h]
_SKR checks
Bestbenred checks
*** TURN *** [7s Th 3h][5s]
_SKR bets 52
Bestbenred folds
_SKR collected 132 from pot
*** SUMMARY ***
Total pot 132 | No rake
Board: [7s Th 3h 5s]
Seat 3: _SKR (small blind) won 132


Winamax Poker - Tournament "Expresso Nitro" buyIn: 0.93€ + 0.07€ level: 1 - HandId: #2717887813516263425-6-1676238971 - Holdem no limit (10/20) - 2023/02/12 21:56:11 UTC
Table: 'Expresso Nitro(632807569)#0' 3-max (real money) Seat #3 is the button
Seat 1: Bestbenred (260)
Seat 2: Flobobo13 (290)
Seat 3: _SKR (350)
*** ANTE/BLINDS ***
Bestbenred posts small blind 10
Flobobo13 posts big blind 20
Dealt to _SKR [8c 4c]
*** PRE-FLOP *** 
_SKR folds
Bestbenred folds
Flobobo13 collected 30 from pot
*** SUMMARY ***
Total pot 30 | No rake
Seat 2: Flobobo13 (big blind) won 30


Winamax Poker - Tournament "Expresso Nitro" buyIn: 0.93€ + 0.07€ level: 2 - HandId: #2717887813516263425-7-1676238983 - Holdem no limit (15/30) - 2023/02/12 21:56:23 UTC
Table: 'Expresso Nitro(632807569)#0' 3-max (real money) Seat #1 is the button
Seat 1: Bestbenred (250)
Seat 2: Flobobo13 (300)
Seat 3: _SKR (350)
*** ANTE/BLINDS ***
Flobobo13 posts small blind 15
_SKR posts big blind 30
Dealt to _SKR [9h 6h]
*** PRE-FLOP *** 
Bestbenred raises 220 to 250 and is all-in
Flobobo13 folds
_SKR folds
Bestbenred collected 295 from pot
*** SUMMARY ***
Total pot 295 | No rake
Seat 1: Bestbenred (button) won 295


Winamax Poker - Tournament "Expresso Nitro" buyIn: 0.93€ + 0.07€ level: 2 - HandId: #2717887813516263425-8-1676238997 - Holdem no limit (15/30) - 2023/02/12 21:56:37 UTC
Table: 'Expresso Nitro(632807569)#0' 3-max (real money) Seat #2 is the button
Seat 1: Bestbenred (295)
Seat 2: Flobobo13 (285)
Seat 3: _SKR (320)
*** ANTE/BLINDS ***
_SKR posts small blind 15
Bestbenred posts big blind 30
Dealt to _SKR [5s Qh]
*** PRE-FLOP *** 
Flobobo13 calls 30
_SKR folds
Bestbenred checks
*** FLOP *** [4s Td 6c]
Bestbenred checks
Flobobo13 checks
*** TURN *** [4s Td 6c][3d]
Bestbenred checks
Flobobo13 checks
*** RIVER *** [4s Td 6c 3d][2s]
Bestbenred checks
Flobobo13 checks
*** SHOW DOWN ***
Flobobo13 shows [7d Ks] (High card : King)
Bestbenred shows [Js Kc] (High card : King)
Bestbenred collected 75 from pot
*** SUMMARY ***
Total pot 75 | No rake
Board: [4s Td 6c 3d 2s]
Seat 1: Bestbenred (big blind) showed [Js Kc] and won 75 with High card : King
Seat 2: Flobobo13 (button) showed [7d Ks] and lost with High card : King


Winamax Poker - Tournament "Expresso Nitro" buyIn: 0.93€ + 0.07€ level: 3 - HandId: #2717887813516263425-9-1676239037 - Holdem no limit (20/40) - 2023/02/12 21:57:17 UTC
Table: 'Expresso Nitro(632807569)#0' 3-max (real money) Seat #3 is the button
Seat 1: Bestbenred (340)
Seat 2: Flobobo13 (255)
Seat 3: _SKR (305)
*** ANTE/BLINDS ***
Bestbenred posts small blind 20
Flobobo13 posts big blind 40
Dealt to _SKR [3c 4c]
*** PRE-FLOP *** 
_SKR folds
Bestbenred calls 20
Flobobo13 checks
*** FLOP *** [Kc 9c Qc]
Bestbenred bets 40
Flobobo13 calls 40
*** TURN *** [Kc 9c Qc][Qh]
Bestbenred bets 40
Flobobo13 calls 40
*** RIVER *** [Kc 9c Qc Qh][Ac]
Bestbenred checks
Flobobo13 checks
*** SHOW DOWN ***
Flobobo13 shows [9d 8s] (Two pairs : Queens and 9)
Bestbenred shows [4s Qs] (Trips of Queens)
Bestbenred collected 240 from pot
*** SUMMARY ***
Total pot 240 | No rake
Board: [Kc 9c Qc Qh Ac]
Seat 1: Bestbenred (small blind) showed [4s Qs] and won 240 with Trips of Queens
Seat 2: Flobobo13 (big blind) showed [9d 8s] and lost with Two pairs : Queens and 9


Winamax Poker - Tournament "Expresso Nitro" buyIn: 0.93€ + 0.07€ level: 3 - HandId: #2717887813516263425-10-1676239069 - Holdem no limit (20/40) - 2023/02/12 21:57:49 UTC
Table: 'Expresso Nitro(632807569)#0' 3-max (real money) Seat #1 is the button
Seat 1: Bestbenred (460)
Seat 2: Flobobo13 (135)
Seat 3: _SKR (305)
*** ANTE/BLINDS ***
Flobobo13 posts small blind 20
_SKR posts big blind 40
Dealt to _SKR [2h 2c]
*** PRE-FLOP *** 
Bestbenred calls 40
Flobobo13 calls 20
_SKR raises 265 to 305 and is all-in
Bestbenred folds
Flobobo13 calls 95 and is all-in
*** FLOP *** [Jc 7c 4s]
*** TURN *** [Jc 7c 4s][9s]
*** RIVER *** [Jc 7c 4s 9s][2d]
*** SHOW DOWN ***
Flobobo13 shows [4h 5d] (One pair : 4)
_SKR shows [2h 2c] (Trips of 2)
_SKR collected 480 from pot
*** SUMMARY ***
Total pot 480 | No rake
Board: [Jc 7c 4s 9s 2d]
Seat 2: Flobobo13 (small blind) showed [4h 5d] and lost with One pair : 4
Seat 3: _SKR (big blind) showed [2h 2c] and won 480 with Trips of 2


Winamax Poker - Tournament "Expresso Nitro" buyIn: 0.93€ + 0.07€ level: 3 - HandId: #2717887813516263425-11-1676239092 - Holdem no limit (20/40) - 2023/02/12 21:58:12 UTC
Table: 'Expresso Nitro(632807569)#0' 3-max (real money) Seat #3 is the button
Seat 1: Bestbenred (420)
Seat 3: _SKR (480)
*** ANTE/BLINDS ***
_SKR posts small blind 20
Bestbenred posts big blind 40
Dealt to _SKR [9s 8s]
*** PRE-FLOP *** 
_SKR calls 20
Bestbenred checks
*** FLOP *** [2h 7s Qd]
Bestbenred bets 380 and is all-in
_SKR folds
Bestbenred collected 460 from pot
*** SUMMARY ***
Total pot 460 | No rake
Board: [2h 7s Qd]
Seat 1: Bestbenred (big blind) won 460


Winamax Poker - Tournament "Expresso Nitro" buyIn: 0.93€ + 0.07€ level: 4 - HandId: #2717887813516263425-12-1676239108 - Holdem no limit (30/60) - 2023/02/12 21:58:28 UTC
Table: 'Expresso Nitro(632807569)#0' 3-max (real money) Seat #1 is the button
Seat 1: Bestbenred (460)
Seat 3: _SKR (440)
*** ANTE/BLINDS ***
Bestbenred posts small blind 30
_SKR posts big blind 60
Dealt to _SKR [7d 4d]
*** PRE-FLOP *** 
Bestbenred folds
_SKR collected 90 from pot
*** SUMMARY ***
Total pot 90 | No rake
Seat 3: _SKR (big blind) won 90


Winamax Poker - Tournament "Expresso Nitro" buyIn: 0.93€ + 0.07€ level: 4 - HandId: #2717887813516263425-13-1676239113 - Holdem no limit (30/60) - 2023/02/12 21:58:33 UTC
Table: 'Expresso Nitro(632807569)#0' 3-max (real money) Seat #3 is the button
Seat 1: Bestbenred (430)
Seat 3: _SKR (470)
*** ANTE/BLINDS ***
_SKR posts small blind 30
Bestbenred posts big blind 60
Dealt to _SKR [9d 2s]
*** PRE-FLOP *** 
_SKR folds
Bestbenred collected 90 from pot
*** SUMMARY ***
Total pot 90 | No rake
Seat 1: Bestbenred (big blind) won 90


Winamax Poker - Tournament "Expresso Nitro" buyIn: 0.93€ + 0.07€ level: 4 - HandId: #2717887813516263425-14-1676239118 - Holdem no limit (30/60) - 2023/02/12 21:58:38 UTC
Table: 'Expresso Nitro(632807569)#0' 3-max (real money) Seat #1 is the button
Seat 1: Bestbenred (460)
Seat 3: _SKR (440)
*** ANTE/BLINDS ***
Bestbenred posts small blind 30
_SKR posts big blind 60
Dealt to _SKR [Tc Jd]
*** PRE-FLOP *** 
Bestbenred raises 400 to 460 and is all-in
_SKR calls 380 and is all-in
*** FLOP *** [Qs Kd 2s]
*** TURN *** [Qs Kd 2s][7c]
*** RIVER *** [Qs Kd 2s 7c][2c]
*** SHOW DOWN ***
_SKR shows [Tc Jd] (One pair : 2)
Bestbenred shows [Ad 8s] (One pair : 2)
Bestbenred collected 900 from pot
*** SUMMARY ***
Total pot 900 | No rake
Board: [Qs Kd 2s 7c 2c]
Seat 1: Bestbenred (small blind) (button) showed [Ad 8s] and won 900 with One pair : 2
Seat 3: _SKR (big blind) showed [Tc Jd] and lost with One pair : 2


