Winamax Poker - Tournament "Expresso Nitro" buyIn: 0.93€ + 0.07€ level: 1 - HandId: #2689766888807858177-1-1674650598 - Holdem no limit (10/20) - 2023/01/25 12:43:18 UTC
Table: 'Expresso Nitro(626260156)#0' 3-max (real money) Seat #3 is the button
Seat 1: _SKR (300)
Seat 2: Lolopixon (300)
Seat 3: Stalcoeur (300)
*** ANTE/BLINDS ***
_SKR posts small blind 10
Lolopixon posts big blind 20
Dealt to _SKR [Qc 4h]
*** PRE-FLOP *** 
Stalcoeur calls 20
_SKR folds
Lolopixon checks
*** FLOP *** [8s Th 2s]
Lolopixon checks
Stalcoeur bets 20
Lolopixon calls 20
*** TURN *** [8s Th 2s][Qs]
Lolopixon checks
Stalcoeur bets 260 and is all-in
Lolopixon folds
Stalcoeur collected 350 from pot
*** SUMMARY ***
Total pot 350 | No rake
Board: [8s Th 2s Qs]
Seat 3: Stalcoeur (button) won 350


Winamax Poker - Tournament "Expresso Nitro" buyIn: 0.93€ + 0.07€ level: 1 - HandId: #2689766888807858177-2-1674650628 - Holdem no limit (10/20) - 2023/01/25 12:43:48 UTC
Table: 'Expresso Nitro(626260156)#0' 3-max (real money) Seat #1 is the button
Seat 1: _SKR (290)
Seat 2: Lolopixon (260)
Seat 3: Stalcoeur (350)
*** ANTE/BLINDS ***
Lolopixon posts small blind 10
Stalcoeur posts big blind 20
Dealt to _SKR [As Tc]
*** PRE-FLOP *** 
_SKR raises 20 to 40
Lolopixon raises 220 to 260 and is all-in
Stalcoeur folds
_SKR calls 220
*** FLOP *** [Ad 7d 6c]
*** TURN *** [Ad 7d 6c][3c]
*** RIVER *** [Ad 7d 6c 3c][Ts]
*** SHOW DOWN ***
Lolopixon shows [Ac 5s] (One pair : Aces)
_SKR shows [As Tc] (Two pairs : Aces and Tens)
_SKR collected 540 from pot
*** SUMMARY ***
Total pot 540 | No rake
Board: [Ad 7d 6c 3c Ts]
Seat 1: _SKR (button) showed [As Tc] and won 540 with Two pairs : Aces and Tens
Seat 2: Lolopixon (small blind) showed [Ac 5s] and lost with One pair : Aces


Winamax Poker - Tournament "Expresso Nitro" buyIn: 0.93€ + 0.07€ level: 1 - HandId: #2689766888807858177-3-1674650647 - Holdem no limit (10/20) - 2023/01/25 12:44:07 UTC
Table: 'Expresso Nitro(626260156)#0' 3-max (real money) Seat #3 is the button
Seat 1: _SKR (570)
Seat 3: Stalcoeur (330)
*** ANTE/BLINDS ***
Stalcoeur posts small blind 10
_SKR posts big blind 20
Dealt to _SKR [Kd 9s]
*** PRE-FLOP *** 
Stalcoeur folds
_SKR collected 30 from pot
*** SUMMARY ***
Total pot 30 | No rake
Seat 1: _SKR (big blind) won 30


Winamax Poker - Tournament "Expresso Nitro" buyIn: 0.93€ + 0.07€ level: 1 - HandId: #2689766888807858177-4-1674650652 - Holdem no limit (10/20) - 2023/01/25 12:44:12 UTC
Table: 'Expresso Nitro(626260156)#0' 3-max (real money) Seat #1 is the button
Seat 1: _SKR (580)
Seat 3: Stalcoeur (320)
*** ANTE/BLINDS ***
_SKR posts small blind 10
Stalcoeur posts big blind 20
Dealt to _SKR [Kh 6h]
*** PRE-FLOP *** 
_SKR raises 20 to 40
Stalcoeur calls 20
*** FLOP *** [Js 2s 3d]
Stalcoeur checks
_SKR checks
*** TURN *** [Js 2s 3d][3s]
Stalcoeur bets 40
_SKR folds
Stalcoeur collected 120 from pot
*** SUMMARY ***
Total pot 120 | No rake
Board: [Js 2s 3d 3s]
Seat 3: Stalcoeur (big blind) won 120


Winamax Poker - Tournament "Expresso Nitro" buyIn: 0.93€ + 0.07€ level: 2 - HandId: #2689766888807858177-5-1674650673 - Holdem no limit (15/30) - 2023/01/25 12:44:33 UTC
Table: 'Expresso Nitro(626260156)#0' 3-max (real money) Seat #3 is the button
Seat 1: _SKR (540)
Seat 3: Stalcoeur (360)
*** ANTE/BLINDS ***
Stalcoeur posts small blind 15
_SKR posts big blind 30
Dealt to _SKR [Ks Jd]
*** PRE-FLOP *** 
Stalcoeur calls 15
_SKR raises 510 to 540 and is all-in
Stalcoeur folds
_SKR collected 570 from pot
*** SUMMARY ***
Total pot 570 | No rake
Seat 1: _SKR (big blind) won 570


Winamax Poker - Tournament "Expresso Nitro" buyIn: 0.93€ + 0.07€ level: 2 - HandId: #2689766888807858177-6-1674650689 - Holdem no limit (15/30) - 2023/01/25 12:44:49 UTC
Table: 'Expresso Nitro(626260156)#0' 3-max (real money) Seat #1 is the button
Seat 1: _SKR (570)
Seat 3: Stalcoeur (330)
*** ANTE/BLINDS ***
_SKR posts small blind 15
Stalcoeur posts big blind 30
Dealt to _SKR [6c 2h]
*** PRE-FLOP *** 
_SKR folds
Stalcoeur collected 45 from pot
*** SUMMARY ***
Total pot 45 | No rake
Seat 3: Stalcoeur (big blind) won 45


Winamax Poker - Tournament "Expresso Nitro" buyIn: 0.93€ + 0.07€ level: 2 - HandId: #2689766888807858177-7-1674650692 - Holdem no limit (15/30) - 2023/01/25 12:44:52 UTC
Table: 'Expresso Nitro(626260156)#0' 3-max (real money) Seat #3 is the button
Seat 1: _SKR (555)
Seat 3: Stalcoeur (345)
*** ANTE/BLINDS ***
Stalcoeur posts small blind 15
_SKR posts big blind 30
Dealt to _SKR [Js Th]
*** PRE-FLOP *** 
Stalcoeur calls 15
_SKR checks
*** FLOP *** [Qc 2h 7d]
_SKR checks
Stalcoeur bets 60
_SKR folds
Stalcoeur collected 120 from pot
*** SUMMARY ***
Total pot 120 | No rake
Board: [Qc 2h 7d]
Seat 3: Stalcoeur (small blind) (button) won 120


Winamax Poker - Tournament "Expresso Nitro" buyIn: 0.93€ + 0.07€ level: 2 - HandId: #2689766888807858177-8-1674650703 - Holdem no limit (15/30) - 2023/01/25 12:45:03 UTC
Table: 'Expresso Nitro(626260156)#0' 3-max (real money) Seat #1 is the button
Seat 1: _SKR (525)
Seat 3: Stalcoeur (375)
*** ANTE/BLINDS ***
_SKR posts small blind 15
Stalcoeur posts big blind 30
Dealt to _SKR [Ad Js]
*** PRE-FLOP *** 
_SKR raises 495 to 525 and is all-in
Stalcoeur folds
_SKR collected 555 from pot
*** SUMMARY ***
Total pot 555 | No rake
Seat 1: _SKR (small blind) (button) won 555


Winamax Poker - Tournament "Expresso Nitro" buyIn: 0.93€ + 0.07€ level: 2 - HandId: #2689766888807858177-9-1674650709 - Holdem no limit (15/30) - 2023/01/25 12:45:09 UTC
Table: 'Expresso Nitro(626260156)#0' 3-max (real money) Seat #3 is the button
Seat 1: _SKR (555)
Seat 3: Stalcoeur (345)
*** ANTE/BLINDS ***
Stalcoeur posts small blind 15
_SKR posts big blind 30
Dealt to _SKR [Ah Ts]
*** PRE-FLOP *** 
Stalcoeur calls 15
_SKR raises 45 to 75
Stalcoeur raises 270 to 345 and is all-in
_SKR calls 270
*** FLOP *** [Qh 5c Kd]
*** TURN *** [Qh 5c Kd][Jd]
*** RIVER *** [Qh 5c Kd Jd][Qs]
*** SHOW DOWN ***
Stalcoeur shows [9s 5s] (Two pairs : Queens and 5)
_SKR shows [Ah Ts] (Straight Ace high)
_SKR collected 690 from pot
*** SUMMARY ***
Total pot 690 | No rake
Board: [Qh 5c Kd Jd Qs]
Seat 1: _SKR (big blind) showed [Ah Ts] and won 690 with Straight Ace high
Seat 3: Stalcoeur (small blind) (button) showed [9s 5s] and lost with Two pairs : Queens and 5


