Winamax Poker - Tournament "Expresso Nitro" buyIn: 1.86€ + 0.14€ level: 1 - HandId: #2694442922782228481-1-1674940439 - Holdem no limit (10/20) - 2023/01/28 21:13:59 UTC
Table: 'Expresso Nitro(627348880)#0' 3-max (real money) Seat #1 is the button
Seat 1: _SKR (300)
Seat 2: Rasta man974 (300)
Seat 3: loizo61 (300)
*** ANTE/BLINDS ***
Rasta man974 posts small blind 10
loizo61 posts big blind 20
Dealt to _SKR [4d 8s]
*** PRE-FLOP *** 
_SKR folds
Rasta man974 calls 10
loizo61 checks
*** FLOP *** [Kh 7d 5c]
Rasta man974 checks
loizo61 bets 26
Rasta man974 calls 26
*** TURN *** [Kh 7d 5c][8h]
Rasta man974 checks
loizo61 bets 40
Rasta man974 calls 40
*** RIVER *** [Kh 7d 5c 8h][2d]
Rasta man974 checks
loizo61 checks
*** SHOW DOWN ***
Rasta man974 shows [6s Th] (High card : King)
loizo61 shows [Jd 3h] (High card : King)
loizo61 collected 172 from pot
*** SUMMARY ***
Total pot 172 | No rake
Board: [Kh 7d 5c 8h 2d]
Seat 2: Rasta man974 (small blind) showed [6s Th] and lost with High card : King
Seat 3: loizo61 (big blind) showed [Jd 3h] and won 172 with High card : King


Winamax Poker - Tournament "Expresso Nitro" buyIn: 1.86€ + 0.14€ level: 1 - HandId: #2694442922782228481-2-1674940476 - Holdem no limit (10/20) - 2023/01/28 21:14:36 UTC
Table: 'Expresso Nitro(627348880)#0' 3-max (real money) Seat #2 is the button
Seat 1: _SKR (300)
Seat 2: Rasta man974 (214)
Seat 3: loizo61 (386)
*** ANTE/BLINDS ***
loizo61 posts small blind 10
_SKR posts big blind 20
Dealt to _SKR [8h Qd]
*** PRE-FLOP *** 
Rasta man974 folds
loizo61 calls 10
_SKR checks
*** FLOP *** [2c 2s 5h]
loizo61 bets 20
_SKR folds
loizo61 collected 60 from pot
*** SUMMARY ***
Total pot 60 | No rake
Board: [2c 2s 5h]
Seat 3: loizo61 (small blind) won 60


Winamax Poker - Tournament "Expresso Nitro" buyIn: 1.86€ + 0.14€ level: 2 - HandId: #2694442922782228481-3-1674940499 - Holdem no limit (15/30) - 2023/01/28 21:14:59 UTC
Table: 'Expresso Nitro(627348880)#0' 3-max (real money) Seat #3 is the button
Seat 1: _SKR (280)
Seat 2: Rasta man974 (214)
Seat 3: loizo61 (406)
*** ANTE/BLINDS ***
_SKR posts small blind 15
Rasta man974 posts big blind 30
Dealt to _SKR [4h 8h]
*** PRE-FLOP *** 
loizo61 folds
_SKR folds
Rasta man974 collected 45 from pot
*** SUMMARY ***
Total pot 45 | No rake
Seat 2: Rasta man974 (big blind) won 45


Winamax Poker - Tournament "Expresso Nitro" buyIn: 1.86€ + 0.14€ level: 2 - HandId: #2694442922782228481-4-1674940509 - Holdem no limit (15/30) - 2023/01/28 21:15:09 UTC
Table: 'Expresso Nitro(627348880)#0' 3-max (real money) Seat #1 is the button
Seat 1: _SKR (265)
Seat 2: Rasta man974 (229)
Seat 3: loizo61 (406)
*** ANTE/BLINDS ***
Rasta man974 posts small blind 15
loizo61 posts big blind 30
Dealt to _SKR [Qd 7d]
*** PRE-FLOP *** 
_SKR folds
Rasta man974 calls 15
loizo61 checks
*** FLOP *** [3d 8c 8h]
Rasta man974 checks
loizo61 bets 30
Rasta man974 calls 30
*** TURN *** [3d 8c 8h][7h]
Rasta man974 bets 169 and is all-in
loizo61 calls 169
*** RIVER *** [3d 8c 8h 7h][Qs]
*** SHOW DOWN ***
Rasta man974 shows [5d 6h] (One pair : 8)
loizo61 shows [Js 8d] (Trips of 8)
loizo61 collected 458 from pot
*** SUMMARY ***
Total pot 458 | No rake
Board: [3d 8c 8h 7h Qs]
Seat 2: Rasta man974 (small blind) showed [5d 6h] and lost with One pair : 8
Seat 3: loizo61 (big blind) showed [Js 8d] and won 458 with Trips of 8


Winamax Poker - Tournament "Expresso Nitro" buyIn: 1.86€ + 0.14€ level: 3 - HandId: #2694442922782228481-5-1674940559 - Holdem no limit (20/40) - 2023/01/28 21:15:59 UTC
Table: 'Expresso Nitro(627348880)#0' 3-max (real money) Seat #3 is the button
Seat 1: _SKR (265)
Seat 3: loizo61 (635)
*** ANTE/BLINDS ***
loizo61 posts small blind 20
_SKR posts big blind 40
Dealt to _SKR [6s 6d]
*** PRE-FLOP *** 
loizo61 calls 20
_SKR raises 225 to 265 and is all-in
loizo61 folds
_SKR collected 305 from pot
*** SUMMARY ***
Total pot 305 | No rake
Seat 1: _SKR (big blind) won 305


Winamax Poker - Tournament "Expresso Nitro" buyIn: 1.86€ + 0.14€ level: 3 - HandId: #2694442922782228481-6-1674940566 - Holdem no limit (20/40) - 2023/01/28 21:16:06 UTC
Table: 'Expresso Nitro(627348880)#0' 3-max (real money) Seat #1 is the button
Seat 1: _SKR (305)
Seat 3: loizo61 (595)
*** ANTE/BLINDS ***
_SKR posts small blind 20
loizo61 posts big blind 40
Dealt to _SKR [Qs 2h]
*** PRE-FLOP *** 
_SKR folds
loizo61 collected 60 from pot
*** SUMMARY ***
Total pot 60 | No rake
Seat 3: loizo61 (big blind) won 60


Winamax Poker - Tournament "Expresso Nitro" buyIn: 1.86€ + 0.14€ level: 3 - HandId: #2694442922782228481-7-1674940572 - Holdem no limit (20/40) - 2023/01/28 21:16:12 UTC
Table: 'Expresso Nitro(627348880)#0' 3-max (real money) Seat #3 is the button
Seat 1: _SKR (285)
Seat 3: loizo61 (615)
*** ANTE/BLINDS ***
loizo61 posts small blind 20
_SKR posts big blind 40
Dealt to _SKR [Jd 6h]
*** PRE-FLOP *** 
loizo61 calls 20
_SKR raises 245 to 285 and is all-in
loizo61 calls 245
*** FLOP *** [8c 7d 9d]
*** TURN *** [8c 7d 9d][6s]
*** RIVER *** [8c 7d 9d 6s][4s]
*** SHOW DOWN ***
_SKR shows [Jd 6h] (One pair : 6)
loizo61 shows [Td Qs] (Straight Ten high)
loizo61 collected 570 from pot
*** SUMMARY ***
Total pot 570 | No rake
Board: [8c 7d 9d 6s 4s]
Seat 1: _SKR (big blind) showed [Jd 6h] and lost with One pair : 6
Seat 3: loizo61 (small blind) (button) showed [Td Qs] and won 570 with Straight Ten high


