Winamax Poker - Tournament "Expresso Nitro" buyIn: 0.93€ + 0.07€ level: 1 - HandId: #2654482396736389121-1-1672662611 - Holdem no limit (10/20) - 2023/01/02 12:30:11 UTC
Table: 'Expresso Nitro(618044845)#0' 3-max (real money) Seat #3 is the button
Seat 1: Bolt31660 (300)
Seat 2: _SKR (300)
Seat 3: Casicabron (300)
*** ANTE/BLINDS ***
Bolt31660 posts small blind 10
_SKR posts big blind 20
Dealt to _SKR [5c Qc]
*** PRE-FLOP *** 
Casicabron calls 20
Bolt31660 calls 10
_SKR checks
*** FLOP *** [3c 9h 4d]
Bolt31660 checks
_SKR checks
Casicabron bets 20
Bolt31660 folds
_SKR folds
Casicabron collected 80 from pot
*** SUMMARY ***
Total pot 80 | No rake
Board: [3c 9h 4d]
Seat 3: Casicabron (button) won 80


Winamax Poker - Tournament "Expresso Nitro" buyIn: 0.93€ + 0.07€ level: 1 - HandId: #2654482396736389121-2-1672662635 - Holdem no limit (10/20) - 2023/01/02 12:30:35 UTC
Table: 'Expresso Nitro(618044845)#0' 3-max (real money) Seat #1 is the button
Seat 1: Bolt31660 (280)
Seat 2: _SKR (280)
Seat 3: Casicabron (340)
*** ANTE/BLINDS ***
_SKR posts small blind 10
Casicabron posts big blind 20
Dealt to _SKR [2d Jd]
*** PRE-FLOP *** 
Bolt31660 raises 260 to 280 and is all-in
_SKR folds
Casicabron folds
Bolt31660 collected 310 from pot
*** SUMMARY ***
Total pot 310 | No rake
Seat 1: Bolt31660 (button) won 310


Winamax Poker - Tournament "Expresso Nitro" buyIn: 0.93€ + 0.07€ level: 1 - HandId: #2654482396736389121-3-1672662643 - Holdem no limit (10/20) - 2023/01/02 12:30:43 UTC
Table: 'Expresso Nitro(618044845)#0' 3-max (real money) Seat #2 is the button
Seat 1: Bolt31660 (310)
Seat 2: _SKR (270)
Seat 3: Casicabron (320)
*** ANTE/BLINDS ***
Casicabron posts small blind 10
Bolt31660 posts big blind 20
Dealt to _SKR [8h Js]
*** PRE-FLOP *** 
_SKR folds
Casicabron calls 10
Bolt31660 checks
*** FLOP *** [6d Ts 5c]
Casicabron bets 20
Bolt31660 calls 20
*** TURN *** [6d Ts 5c][9c]
Casicabron bets 20
Bolt31660 calls 20
*** RIVER *** [6d Ts 5c 9c][8s]
Casicabron bets 20
Bolt31660 folds
Casicabron collected 140 from pot
*** SUMMARY ***
Total pot 140 | No rake
Board: [6d Ts 5c 9c 8s]
Seat 3: Casicabron (small blind) won 140


Winamax Poker - Tournament "Expresso Nitro" buyIn: 0.93€ + 0.07€ level: 1 - HandId: #2654482396736389121-4-1672662657 - Holdem no limit (10/20) - 2023/01/02 12:30:57 UTC
Table: 'Expresso Nitro(618044845)#0' 3-max (real money) Seat #3 is the button
Seat 1: Bolt31660 (250)
Seat 2: _SKR (270)
Seat 3: Casicabron (380)
*** ANTE/BLINDS ***
Bolt31660 posts small blind 10
_SKR posts big blind 20
Dealt to _SKR [Ah 7s]
*** PRE-FLOP *** 
Casicabron folds
Bolt31660 calls 10
_SKR raises 250 to 270 and is all-in
Bolt31660 folds
_SKR collected 290 from pot
*** SUMMARY ***
Total pot 290 | No rake
Seat 2: _SKR (big blind) won 290


Winamax Poker - Tournament "Expresso Nitro" buyIn: 0.93€ + 0.07€ level: 2 - HandId: #2654482396736389121-5-1672662670 - Holdem no limit (15/30) - 2023/01/02 12:31:10 UTC
Table: 'Expresso Nitro(618044845)#0' 3-max (real money) Seat #1 is the button
Seat 1: Bolt31660 (230)
Seat 2: _SKR (290)
Seat 3: Casicabron (380)
*** ANTE/BLINDS ***
_SKR posts small blind 15
Casicabron posts big blind 30
Dealt to _SKR [5c Ac]
*** PRE-FLOP *** 
Bolt31660 raises 200 to 230 and is all-in
_SKR raises 60 to 290 and is all-in
Casicabron calls 260
*** FLOP *** [Th 4s 7h]
*** TURN *** [Th 4s 7h][6s]
*** RIVER *** [Th 4s 7h 6s][Qs]
*** SHOW DOWN ***
_SKR shows [5c Ac] (High card : Ace)
Bolt31660 shows [Kc 6d] (One pair : 6)
Casicabron shows [As 4d] (One pair : 4)
Casicabron collected 120 from side pot 1
Bolt31660 collected 690 from main pot
*** SUMMARY ***
Total pot 810 | No rake
Board: [Th 4s 7h 6s Qs]
Seat 1: Bolt31660 (button) showed [Kc 6d] and won 690 with One pair : 6
Seat 2: _SKR (small blind) showed [5c Ac] and lost with High card : Ace
Seat 3: Casicabron (big blind) showed [As 4d] and won 120 with One pair : 4


