Winamax Poker - Tournament "Expresso Nitro" buyIn: 0.93€ + 0.07€ level: 1 - HandId: #2718643762120097793-1-1676293170 - Holdem no limit (10/20) - 2023/02/13 12:59:30 UTC
Table: 'Expresso Nitro(632983577)#0' 3-max (real money) Seat #2 is the button
Seat 1: Ass-J (300)
Seat 2: _SKR (300)
Seat 3: Mallena (300)
*** ANTE/BLINDS ***
Mallena posts small blind 10
Ass-J posts big blind 20
Dealt to _SKR [Tc Ah]
*** PRE-FLOP *** 
_SKR raises 20 to 40
Mallena folds
Ass-J calls 20
*** FLOP *** [4c Qd Th]
Ass-J checks
_SKR bets 32
Ass-J folds
_SKR collected 122 from pot
*** SUMMARY ***
Total pot 122 | No rake
Board: [4c Qd Th]
Seat 2: _SKR (button) won 122


Winamax Poker - Tournament "Expresso Nitro" buyIn: 0.93€ + 0.07€ level: 1 - HandId: #2718643762120097793-2-1676293188 - Holdem no limit (10/20) - 2023/02/13 12:59:48 UTC
Table: 'Expresso Nitro(632983577)#0' 3-max (real money) Seat #3 is the button
Seat 1: Ass-J (260)
Seat 2: _SKR (350)
Seat 3: Mallena (290)
*** ANTE/BLINDS ***
Ass-J posts small blind 10
_SKR posts big blind 20
Dealt to _SKR [Jd 8s]
*** PRE-FLOP *** 
Mallena folds
Ass-J raises 240 to 260 and is all-in
_SKR folds
Ass-J collected 280 from pot
*** SUMMARY ***
Total pot 280 | No rake
Seat 1: Ass-J (small blind) won 280


Winamax Poker - Tournament "Expresso Nitro" buyIn: 0.93€ + 0.07€ level: 1 - HandId: #2718643762120097793-3-1676293203 - Holdem no limit (10/20) - 2023/02/13 13:00:03 UTC
Table: 'Expresso Nitro(632983577)#0' 3-max (real money) Seat #1 is the button
Seat 1: Ass-J (280)
Seat 2: _SKR (330)
Seat 3: Mallena (290)
*** ANTE/BLINDS ***
_SKR posts small blind 10
Mallena posts big blind 20
Dealt to _SKR [Jc Kc]
*** PRE-FLOP *** 
Ass-J folds
_SKR raises 20 to 40
Mallena calls 20
*** FLOP *** [9c Qc Kh]
_SKR bets 40
Mallena folds
_SKR collected 120 from pot
*** SUMMARY ***
Total pot 120 | No rake
Board: [9c Qc Kh]
Seat 2: _SKR (small blind) won 120


Winamax Poker - Tournament "Expresso Nitro" buyIn: 0.93€ + 0.07€ level: 2 - HandId: #2718643762120097793-4-1676293226 - Holdem no limit (15/30) - 2023/02/13 13:00:26 UTC
Table: 'Expresso Nitro(632983577)#0' 3-max (real money) Seat #2 is the button
Seat 1: Ass-J (280)
Seat 2: _SKR (370)
Seat 3: Mallena (250)
*** ANTE/BLINDS ***
Mallena posts small blind 15
Ass-J posts big blind 30
Dealt to _SKR [6s 4h]
*** PRE-FLOP *** 
_SKR folds
Mallena raises 220 to 250 and is all-in
Ass-J folds
Mallena collected 280 from pot
*** SUMMARY ***
Total pot 280 | No rake
Seat 3: Mallena (small blind) won 280


Winamax Poker - Tournament "Expresso Nitro" buyIn: 0.93€ + 0.07€ level: 2 - HandId: #2718643762120097793-5-1676293234 - Holdem no limit (15/30) - 2023/02/13 13:00:34 UTC
Table: 'Expresso Nitro(632983577)#0' 3-max (real money) Seat #3 is the button
Seat 1: Ass-J (250)
Seat 2: _SKR (370)
Seat 3: Mallena (280)
*** ANTE/BLINDS ***
Ass-J posts small blind 15
_SKR posts big blind 30
Dealt to _SKR [5d 2h]
*** PRE-FLOP *** 
Mallena raises 250 to 280 and is all-in
Ass-J calls 235 and is all-in
_SKR folds
*** FLOP *** [6s Qd 4h]
*** TURN *** [6s Qd 4h][7h]
*** RIVER *** [6s Qd 4h 7h][4d]
*** SHOW DOWN ***
Ass-J shows [Js Ah] (One pair : 4)
Mallena shows [5s Ac] (One pair : 4)
Mallena collected 30 from side pot 1
Ass-J collected 530 from main pot
*** SUMMARY ***
Total pot 560 | No rake
Board: [6s Qd 4h 7h 4d]
Seat 1: Ass-J (small blind) showed [Js Ah] and won 530 with One pair : 4
Seat 3: Mallena (button) showed [5s Ac] and won 30 with One pair : 4


Winamax Poker - Tournament "Expresso Nitro" buyIn: 0.93€ + 0.07€ level: 2 - HandId: #2718643762120097793-6-1676293246 - Holdem no limit (15/30) - 2023/02/13 13:00:46 UTC
Table: 'Expresso Nitro(632983577)#0' 3-max (real money) Seat #1 is the button
Seat 1: Ass-J (530)
Seat 2: _SKR (340)
Seat 3: Mallena (30)
*** ANTE/BLINDS ***
_SKR posts small blind 15
Mallena posts big blind 30 and is all-in
Dealt to _SKR [9s 6s]
*** PRE-FLOP *** 
Ass-J folds
_SKR calls 15
*** FLOP *** [Qh 6c 2s]
*** TURN *** [Qh 6c 2s][8d]
*** RIVER *** [Qh 6c 2s 8d][Jh]
*** SHOW DOWN ***
Mallena shows [6d 7s] (One pair : 6)
_SKR shows [9s 6s] (One pair : 6)
_SKR collected 60 from pot
*** SUMMARY ***
Total pot 60 | No rake
Board: [Qh 6c 2s 8d Jh]
Seat 2: _SKR (small blind) showed [9s 6s] and won 60 with One pair : 6
Seat 3: Mallena (big blind) showed [6d 7s] and lost with One pair : 6


Winamax Poker - Tournament "Expresso Nitro" buyIn: 0.93€ + 0.07€ level: 2 - HandId: #2718643762120097793-7-1676293266 - Holdem no limit (15/30) - 2023/02/13 13:01:06 UTC
Table: 'Expresso Nitro(632983577)#0' 3-max (real money) Seat #1 is the button
Seat 1: Ass-J (530)
Seat 2: _SKR (370)
*** ANTE/BLINDS ***
Ass-J posts small blind 15
_SKR posts big blind 30
Dealt to _SKR [Tc Ks]
*** PRE-FLOP *** 
Ass-J folds
_SKR collected 45 from pot
*** SUMMARY ***
Total pot 45 | No rake
Seat 2: _SKR (big blind) won 45


Winamax Poker - Tournament "Expresso Nitro" buyIn: 0.93€ + 0.07€ level: 2 - HandId: #2718643762120097793-8-1676293274 - Holdem no limit (15/30) - 2023/02/13 13:01:14 UTC
Table: 'Expresso Nitro(632983577)#0' 3-max (real money) Seat #2 is the button
Seat 1: Ass-J (515)
Seat 2: _SKR (385)
*** ANTE/BLINDS ***
_SKR posts small blind 15
Ass-J posts big blind 30
Dealt to _SKR [Qs Ts]
*** PRE-FLOP *** 
_SKR raises 30 to 60
Ass-J raises 455 to 515 and is all-in
_SKR folds
Ass-J collected 575 from pot
*** SUMMARY ***
Total pot 575 | No rake
Seat 1: Ass-J (big blind) won 575


Winamax Poker - Tournament "Expresso Nitro" buyIn: 0.93€ + 0.07€ level: 3 - HandId: #2718643762120097793-9-1676293289 - Holdem no limit (20/40) - 2023/02/13 13:01:29 UTC
Table: 'Expresso Nitro(632983577)#0' 3-max (real money) Seat #1 is the button
Seat 1: Ass-J (575)
Seat 2: _SKR (325)
*** ANTE/BLINDS ***
Ass-J posts small blind 20
_SKR posts big blind 40
Dealt to _SKR [Qd Jd]
*** PRE-FLOP *** 
Ass-J raises 535 to 575 and is all-in
_SKR calls 285 and is all-in
*** FLOP *** [Ad 6h Js]
*** TURN *** [Ad 6h Js][Kc]
*** RIVER *** [Ad 6h Js Kc][4d]
*** SHOW DOWN ***
_SKR shows [Qd Jd] (One pair : Jacks)
Ass-J shows [Ah 5d] (One pair : Aces)
Ass-J collected 900 from pot
*** SUMMARY ***
Total pot 900 | No rake
Board: [Ad 6h Js Kc 4d]
Seat 1: Ass-J (small blind) (button) showed [Ah 5d] and won 900 with One pair : Aces
Seat 2: _SKR (big blind) showed [Qd Jd] and lost with One pair : Jacks


