Winamax Poker - Tournament "Expresso Nitro" buyIn: 1.86€ + 0.14€ level: 1 - HandId: #2696586794362732545-1-1675088498 - Holdem no limit (10/20) - 2023/01/30 14:21:38 UTC
Table: 'Expresso Nitro(627848039)#0' 3-max (real money) Seat #2 is the button
Seat 1: Madrigones (300)
Seat 2: 7lorenzo (300)
Seat 3: _SKR (300)
*** ANTE/BLINDS ***
_SKR posts small blind 10
Madrigones posts big blind 20
Dealt to _SKR [Qs 5c]
*** PRE-FLOP *** 
7lorenzo folds
_SKR folds
Madrigones collected 30 from pot
*** SUMMARY ***
Total pot 30 | No rake
Seat 1: Madrigones (big blind) won 30


Winamax Poker - Tournament "Expresso Nitro" buyIn: 1.86€ + 0.14€ level: 1 - HandId: #2696586794362732545-2-1675088503 - Holdem no limit (10/20) - 2023/01/30 14:21:43 UTC
Table: 'Expresso Nitro(627848039)#0' 3-max (real money) Seat #3 is the button
Seat 1: Madrigones (310)
Seat 2: 7lorenzo (300)
Seat 3: _SKR (290)
*** ANTE/BLINDS ***
Madrigones posts small blind 10
7lorenzo posts big blind 20
Dealt to _SKR [2d Jc]
*** PRE-FLOP *** 
_SKR folds
Madrigones raises 20 to 40
7lorenzo calls 20
*** FLOP *** [4d Ad 2s]
Madrigones bets 28
7lorenzo raises 28 to 56
Madrigones calls 28
*** TURN *** [4d Ad 2s][Tc]
Madrigones checks
7lorenzo bets 20
Madrigones calls 20
*** RIVER *** [4d Ad 2s Tc][Ts]
Madrigones checks
7lorenzo bets 20
Madrigones calls 20
*** SHOW DOWN ***
Madrigones shows [Kh 5d] (One pair : Tens)
7lorenzo shows [5c 4s] (Two pairs : Tens and 4)
7lorenzo collected 272 from pot
*** SUMMARY ***
Total pot 272 | No rake
Board: [4d Ad 2s Tc Ts]
Seat 1: Madrigones (small blind) showed [Kh 5d] and lost with One pair : Tens
Seat 2: 7lorenzo (big blind) showed [5c 4s] and won 272 with Two pairs : Tens and 4


Winamax Poker - Tournament "Expresso Nitro" buyIn: 1.86€ + 0.14€ level: 1 - HandId: #2696586794362732545-3-1675088536 - Holdem no limit (10/20) - 2023/01/30 14:22:16 UTC
Table: 'Expresso Nitro(627848039)#0' 3-max (real money) Seat #1 is the button
Seat 1: Madrigones (174)
Seat 2: 7lorenzo (436)
Seat 3: _SKR (290)
*** ANTE/BLINDS ***
7lorenzo posts small blind 10
_SKR posts big blind 20
Dealt to _SKR [2d 4h]
*** PRE-FLOP *** 
Madrigones raises 154 to 174 and is all-in
7lorenzo folds
_SKR folds
Madrigones collected 204 from pot
*** SUMMARY ***
Total pot 204 | No rake
Seat 1: Madrigones (button) won 204


Winamax Poker - Tournament "Expresso Nitro" buyIn: 1.86€ + 0.14€ level: 1 - HandId: #2696586794362732545-4-1675088547 - Holdem no limit (10/20) - 2023/01/30 14:22:27 UTC
Table: 'Expresso Nitro(627848039)#0' 3-max (real money) Seat #2 is the button
Seat 1: Madrigones (204)
Seat 2: 7lorenzo (426)
Seat 3: _SKR (270)
*** ANTE/BLINDS ***
_SKR posts small blind 10
Madrigones posts big blind 20
Dealt to _SKR [Qs 4h]
*** PRE-FLOP *** 
7lorenzo calls 20
_SKR folds
Madrigones checks
*** FLOP *** [3c Ad Kh]
Madrigones checks
7lorenzo bets 20
Madrigones folds
7lorenzo collected 70 from pot
*** SUMMARY ***
Total pot 70 | No rake
Board: [3c Ad Kh]
Seat 2: 7lorenzo (button) won 70


Winamax Poker - Tournament "Expresso Nitro" buyIn: 1.86€ + 0.14€ level: 2 - HandId: #2696586794362732545-5-1675088574 - Holdem no limit (15/30) - 2023/01/30 14:22:54 UTC
Table: 'Expresso Nitro(627848039)#0' 3-max (real money) Seat #3 is the button
Seat 1: Madrigones (184)
Seat 2: 7lorenzo (456)
Seat 3: _SKR (260)
*** ANTE/BLINDS ***
Madrigones posts small blind 15
7lorenzo posts big blind 30
Dealt to _SKR [5c 5s]
*** PRE-FLOP *** 
_SKR raises 230 to 260 and is all-in
Madrigones folds
7lorenzo folds
_SKR collected 305 from pot
*** SUMMARY ***
Total pot 305 | No rake
Seat 3: _SKR (button) won 305


Winamax Poker - Tournament "Expresso Nitro" buyIn: 1.86€ + 0.14€ level: 2 - HandId: #2696586794362732545-6-1675088584 - Holdem no limit (15/30) - 2023/01/30 14:23:04 UTC
Table: 'Expresso Nitro(627848039)#0' 3-max (real money) Seat #1 is the button
Seat 1: Madrigones (169)
Seat 2: 7lorenzo (426)
Seat 3: _SKR (305)
*** ANTE/BLINDS ***
7lorenzo posts small blind 15
_SKR posts big blind 30
Dealt to _SKR [9s 6c]
*** PRE-FLOP *** 
Madrigones folds
7lorenzo calls 15
_SKR checks
*** FLOP *** [Jc 2s 9h]
7lorenzo bets 39
_SKR folds
7lorenzo collected 99 from pot
*** SUMMARY ***
Total pot 99 | No rake
Board: [Jc 2s 9h]
Seat 2: 7lorenzo (small blind) won 99


Winamax Poker - Tournament "Expresso Nitro" buyIn: 1.86€ + 0.14€ level: 3 - HandId: #2696586794362732545-7-1675088618 - Holdem no limit (20/40) - 2023/01/30 14:23:38 UTC
Table: 'Expresso Nitro(627848039)#0' 3-max (real money) Seat #2 is the button
Seat 1: Madrigones (169)
Seat 2: 7lorenzo (456)
Seat 3: _SKR (275)
*** ANTE/BLINDS ***
_SKR posts small blind 20
Madrigones posts big blind 40
Dealt to _SKR [Jc 9h]
*** PRE-FLOP *** 
7lorenzo folds
_SKR raises 235 to 275 and is all-in
Madrigones folds
_SKR collected 315 from pot
*** SUMMARY ***
Total pot 315 | No rake
Seat 3: _SKR (small blind) won 315


Winamax Poker - Tournament "Expresso Nitro" buyIn: 1.86€ + 0.14€ level: 3 - HandId: #2696586794362732545-8-1675088632 - Holdem no limit (20/40) - 2023/01/30 14:23:52 UTC
Table: 'Expresso Nitro(627848039)#0' 3-max (real money) Seat #3 is the button
Seat 1: Madrigones (129)
Seat 2: 7lorenzo (456)
Seat 3: _SKR (315)
*** ANTE/BLINDS ***
Madrigones posts small blind 20
7lorenzo posts big blind 40
Dealt to _SKR [Jc 3c]
*** PRE-FLOP *** 
_SKR folds
Madrigones folds
7lorenzo collected 60 from pot
*** SUMMARY ***
Total pot 60 | No rake
Seat 2: 7lorenzo (big blind) won 60


Winamax Poker - Tournament "Expresso Nitro" buyIn: 1.86€ + 0.14€ level: 3 - HandId: #2696586794362732545-9-1675088648 - Holdem no limit (20/40) - 2023/01/30 14:24:08 UTC
Table: 'Expresso Nitro(627848039)#0' 3-max (real money) Seat #1 is the button
Seat 1: Madrigones (109)
Seat 2: 7lorenzo (476)
Seat 3: _SKR (315)
*** ANTE/BLINDS ***
7lorenzo posts small blind 20
_SKR posts big blind 40
Dealt to _SKR [2d 5c]
*** PRE-FLOP *** 
Madrigones raises 69 to 109 and is all-in
7lorenzo folds
_SKR calls 69
*** FLOP *** [Td As 3h]
*** TURN *** [Td As 3h][6c]
*** RIVER *** [Td As 3h 6c][4c]
*** SHOW DOWN ***
Madrigones shows [Kc 3c] (One pair : 3)
_SKR shows [2d 5c] (Straight 6 high)
_SKR collected 238 from pot
*** SUMMARY ***
Total pot 238 | No rake
Board: [Td As 3h 6c 4c]
Seat 1: Madrigones (button) showed [Kc 3c] and lost with One pair : 3
Seat 3: _SKR (big blind) showed [2d 5c] and won 238 with Straight 6 high


Winamax Poker - Tournament "Expresso Nitro" buyIn: 1.86€ + 0.14€ level: 3 - HandId: #2696586794362732545-10-1675088663 - Holdem no limit (20/40) - 2023/01/30 14:24:23 UTC
Table: 'Expresso Nitro(627848039)#0' 3-max (real money) Seat #3 is the button
Seat 2: 7lorenzo (456)
Seat 3: _SKR (444)
*** ANTE/BLINDS ***
_SKR posts small blind 20
7lorenzo posts big blind 40
Dealt to _SKR [9h 8s]
*** PRE-FLOP *** 
_SKR folds
7lorenzo collected 60 from pot
*** SUMMARY ***
Total pot 60 | No rake
Seat 2: 7lorenzo (big blind) won 60


Winamax Poker - Tournament "Expresso Nitro" buyIn: 1.86€ + 0.14€ level: 3 - HandId: #2696586794362732545-11-1675088666 - Holdem no limit (20/40) - 2023/01/30 14:24:26 UTC
Table: 'Expresso Nitro(627848039)#0' 3-max (real money) Seat #2 is the button
Seat 2: 7lorenzo (476)
Seat 3: _SKR (424)
*** ANTE/BLINDS ***
7lorenzo posts small blind 20
_SKR posts big blind 40
Dealt to _SKR [Qc 8h]
*** PRE-FLOP *** 
7lorenzo calls 20
_SKR raises 384 to 424 and is all-in
7lorenzo folds
_SKR collected 464 from pot
*** SUMMARY ***
Total pot 464 | No rake
Seat 3: _SKR (big blind) won 464


Winamax Poker - Tournament "Expresso Nitro" buyIn: 1.86€ + 0.14€ level: 4 - HandId: #2696586794362732545-12-1675088675 - Holdem no limit (30/60) - 2023/01/30 14:24:35 UTC
Table: 'Expresso Nitro(627848039)#0' 3-max (real money) Seat #3 is the button
Seat 2: 7lorenzo (436)
Seat 3: _SKR (464)
*** ANTE/BLINDS ***
_SKR posts small blind 30
7lorenzo posts big blind 60
Dealt to _SKR [2d 7d]
*** PRE-FLOP *** 
_SKR folds
7lorenzo collected 90 from pot
*** SUMMARY ***
Total pot 90 | No rake
Seat 2: 7lorenzo (big blind) won 90


Winamax Poker - Tournament "Expresso Nitro" buyIn: 1.86€ + 0.14€ level: 4 - HandId: #2696586794362732545-13-1675088679 - Holdem no limit (30/60) - 2023/01/30 14:24:39 UTC
Table: 'Expresso Nitro(627848039)#0' 3-max (real money) Seat #2 is the button
Seat 2: 7lorenzo (466)
Seat 3: _SKR (434)
*** ANTE/BLINDS ***
7lorenzo posts small blind 30
_SKR posts big blind 60
Dealt to _SKR [Ks 9h]
*** PRE-FLOP *** 
7lorenzo calls 30
_SKR raises 374 to 434 and is all-in
7lorenzo folds
_SKR collected 494 from pot
*** SUMMARY ***
Total pot 494 | No rake
Seat 3: _SKR (big blind) won 494


Winamax Poker - Tournament "Expresso Nitro" buyIn: 1.86€ + 0.14€ level: 4 - HandId: #2696586794362732545-14-1675088689 - Holdem no limit (30/60) - 2023/01/30 14:24:49 UTC
Table: 'Expresso Nitro(627848039)#0' 3-max (real money) Seat #3 is the button
Seat 2: 7lorenzo (406)
Seat 3: _SKR (494)
*** ANTE/BLINDS ***
_SKR posts small blind 30
7lorenzo posts big blind 60
Dealt to _SKR [4c 3h]
*** PRE-FLOP *** 
_SKR folds
7lorenzo collected 90 from pot
*** SUMMARY ***
Total pot 90 | No rake
Seat 2: 7lorenzo (big blind) won 90


Winamax Poker - Tournament "Expresso Nitro" buyIn: 1.86€ + 0.14€ level: 4 - HandId: #2696586794362732545-15-1675088694 - Holdem no limit (30/60) - 2023/01/30 14:24:54 UTC
Table: 'Expresso Nitro(627848039)#0' 3-max (real money) Seat #2 is the button
Seat 2: 7lorenzo (436)
Seat 3: _SKR (464)
*** ANTE/BLINDS ***
7lorenzo posts small blind 30
_SKR posts big blind 60
Dealt to _SKR [8d 5c]
*** PRE-FLOP *** 
7lorenzo folds
_SKR collected 90 from pot
*** SUMMARY ***
Total pot 90 | No rake
Seat 3: _SKR (big blind) won 90


Winamax Poker - Tournament "Expresso Nitro" buyIn: 1.86€ + 0.14€ level: 4 - HandId: #2696586794362732545-16-1675088698 - Holdem no limit (30/60) - 2023/01/30 14:24:58 UTC
Table: 'Expresso Nitro(627848039)#0' 3-max (real money) Seat #3 is the button
Seat 2: 7lorenzo (406)
Seat 3: _SKR (494)
*** ANTE/BLINDS ***
_SKR posts small blind 30
7lorenzo posts big blind 60
Dealt to _SKR [Tc Jh]
*** PRE-FLOP *** 
_SKR raises 434 to 494 and is all-in
7lorenzo folds
_SKR collected 554 from pot
*** SUMMARY ***
Total pot 554 | No rake
Seat 3: _SKR (small blind) (button) won 554


Winamax Poker - Tournament "Expresso Nitro" buyIn: 1.86€ + 0.14€ level: 4 - HandId: #2696586794362732545-17-1675088706 - Holdem no limit (30/60) - 2023/01/30 14:25:06 UTC
Table: 'Expresso Nitro(627848039)#0' 3-max (real money) Seat #2 is the button
Seat 2: 7lorenzo (346)
Seat 3: _SKR (554)
*** ANTE/BLINDS ***
7lorenzo posts small blind 30
_SKR posts big blind 60
Dealt to _SKR [3d Kh]
*** PRE-FLOP *** 
7lorenzo raises 90 to 150
_SKR folds
7lorenzo collected 210 from pot
*** SUMMARY ***
Total pot 210 | No rake
Seat 2: 7lorenzo (small blind) (button) won 210


Winamax Poker - Tournament "Expresso Nitro" buyIn: 1.86€ + 0.14€ level: 4 - HandId: #2696586794362732545-18-1675088713 - Holdem no limit (30/60) - 2023/01/30 14:25:13 UTC
Table: 'Expresso Nitro(627848039)#0' 3-max (real money) Seat #3 is the button
Seat 2: 7lorenzo (406)
Seat 3: _SKR (494)
*** ANTE/BLINDS ***
_SKR posts small blind 30
7lorenzo posts big blind 60
Dealt to _SKR [9h 2h]
*** PRE-FLOP *** 
_SKR folds
7lorenzo collected 90 from pot
*** SUMMARY ***
Total pot 90 | No rake
Seat 2: 7lorenzo (big blind) won 90


Winamax Poker - Tournament "Expresso Nitro" buyIn: 1.86€ + 0.14€ level: 4 - HandId: #2696586794362732545-19-1675088718 - Holdem no limit (30/60) - 2023/01/30 14:25:18 UTC
Table: 'Expresso Nitro(627848039)#0' 3-max (real money) Seat #2 is the button
Seat 2: 7lorenzo (436)
Seat 3: _SKR (464)
*** ANTE/BLINDS ***
7lorenzo posts small blind 30
_SKR posts big blind 60
Dealt to _SKR [9h Jc]
*** PRE-FLOP *** 
7lorenzo calls 30
_SKR checks
*** FLOP *** [3c Qs 5h]
_SKR checks
7lorenzo checks
*** TURN *** [3c Qs 5h][Jd]
_SKR bets 60
7lorenzo folds
_SKR collected 180 from pot
*** SUMMARY ***
Total pot 180 | No rake
Board: [3c Qs 5h Jd]
Seat 3: _SKR (big blind) won 180


Winamax Poker - Tournament "Expresso Nitro" buyIn: 1.86€ + 0.14€ level: 5 - HandId: #2696586794362732545-20-1675088741 - Holdem no limit (40/80) - 2023/01/30 14:25:41 UTC
Table: 'Expresso Nitro(627848039)#0' 3-max (real money) Seat #3 is the button
Seat 2: 7lorenzo (376)
Seat 3: _SKR (524)
*** ANTE/BLINDS ***
_SKR posts small blind 40
7lorenzo posts big blind 80
Dealt to _SKR [8s 7d]
*** PRE-FLOP *** 
_SKR raises 444 to 524 and is all-in
7lorenzo folds
_SKR collected 604 from pot
*** SUMMARY ***
Total pot 604 | No rake
Seat 3: _SKR (small blind) (button) won 604


Winamax Poker - Tournament "Expresso Nitro" buyIn: 1.86€ + 0.14€ level: 5 - HandId: #2696586794362732545-21-1675088749 - Holdem no limit (40/80) - 2023/01/30 14:25:49 UTC
Table: 'Expresso Nitro(627848039)#0' 3-max (real money) Seat #2 is the button
Seat 2: 7lorenzo (296)
Seat 3: _SKR (604)
*** ANTE/BLINDS ***
7lorenzo posts small blind 40
_SKR posts big blind 80
Dealt to _SKR [Qc 2h]
*** PRE-FLOP *** 
7lorenzo raises 80 to 160
_SKR raises 444 to 604 and is all-in
7lorenzo calls 136 and is all-in
*** FLOP *** [7d Ah Qs]
*** TURN *** [7d Ah Qs][5h]
*** RIVER *** [7d Ah Qs 5h][Ad]
*** SHOW DOWN ***
7lorenzo shows [6c Qd] (Two pairs : Aces and Queens)
_SKR shows [Qc 2h] (Two pairs : Aces and Queens)
_SKR collected 604 from side pot 1
7lorenzo collected 296 from main pot
*** SUMMARY ***
Total pot 900 | No rake
Board: [7d Ah Qs 5h Ad]
Seat 2: 7lorenzo (small blind) (button) showed [6c Qd] and won 296 with Two pairs : Aces and Queens
Seat 3: _SKR (big blind) showed [Qc 2h] and won 604 with Two pairs : Aces and Queens


Winamax Poker - Tournament "Expresso Nitro" buyIn: 1.86€ + 0.14€ level: 5 - HandId: #2696586794362732545-22-1675088763 - Holdem no limit (40/80) - 2023/01/30 14:26:03 UTC
Table: 'Expresso Nitro(627848039)#0' 3-max (real money) Seat #3 is the button
Seat 2: 7lorenzo (296)
Seat 3: _SKR (604)
*** ANTE/BLINDS ***
_SKR posts small blind 40
7lorenzo posts big blind 80
Dealt to _SKR [2h Kc]
*** PRE-FLOP *** 
_SKR raises 524 to 604 and is all-in
7lorenzo folds
_SKR collected 684 from pot
*** SUMMARY ***
Total pot 684 | No rake
Seat 3: _SKR (small blind) (button) won 684


Winamax Poker - Tournament "Expresso Nitro" buyIn: 1.86€ + 0.14€ level: 5 - HandId: #2696586794362732545-23-1675088770 - Holdem no limit (40/80) - 2023/01/30 14:26:10 UTC
Table: 'Expresso Nitro(627848039)#0' 3-max (real money) Seat #2 is the button
Seat 2: 7lorenzo (216)
Seat 3: _SKR (684)
*** ANTE/BLINDS ***
7lorenzo posts small blind 40
_SKR posts big blind 80
Dealt to _SKR [8s 4s]
*** PRE-FLOP *** 
7lorenzo raises 136 to 216 and is all-in
_SKR calls 136
*** FLOP *** [3h 9h Jd]
*** TURN *** [3h 9h Jd][Ad]
*** RIVER *** [3h 9h Jd Ad][7s]
*** SHOW DOWN ***
_SKR shows [8s 4s] (High card : Ace)
7lorenzo shows [Kh 8h] (High card : Ace)
7lorenzo collected 432 from pot
*** SUMMARY ***
Total pot 432 | No rake
Board: [3h 9h Jd Ad 7s]
Seat 2: 7lorenzo (small blind) (button) showed [Kh 8h] and won 432 with High card : Ace
Seat 3: _SKR (big blind) showed [8s 4s] and lost with High card : Ace


Winamax Poker - Tournament "Expresso Nitro" buyIn: 1.86€ + 0.14€ level: 5 - HandId: #2696586794362732545-24-1675088783 - Holdem no limit (40/80) - 2023/01/30 14:26:23 UTC
Table: 'Expresso Nitro(627848039)#0' 3-max (real money) Seat #3 is the button
Seat 2: 7lorenzo (432)
Seat 3: _SKR (468)
*** ANTE/BLINDS ***
_SKR posts small blind 40
7lorenzo posts big blind 80
Dealt to _SKR [9d 2h]
*** PRE-FLOP *** 
_SKR folds
7lorenzo collected 120 from pot
*** SUMMARY ***
Total pot 120 | No rake
Seat 2: 7lorenzo (big blind) won 120


Winamax Poker - Tournament "Expresso Nitro" buyIn: 1.86€ + 0.14€ level: 5 - HandId: #2696586794362732545-25-1675088786 - Holdem no limit (40/80) - 2023/01/30 14:26:26 UTC
Table: 'Expresso Nitro(627848039)#0' 3-max (real money) Seat #2 is the button
Seat 2: 7lorenzo (472)
Seat 3: _SKR (428)
*** ANTE/BLINDS ***
7lorenzo posts small blind 40
_SKR posts big blind 80
Dealt to _SKR [Jh 4c]
*** PRE-FLOP *** 
7lorenzo raises 80 to 160
_SKR folds
7lorenzo collected 240 from pot
*** SUMMARY ***
Total pot 240 | No rake
Seat 2: 7lorenzo (small blind) (button) won 240


Winamax Poker - Tournament "Expresso Nitro" buyIn: 1.86€ + 0.14€ level: 5 - HandId: #2696586794362732545-26-1675088791 - Holdem no limit (40/80) - 2023/01/30 14:26:31 UTC
Table: 'Expresso Nitro(627848039)#0' 3-max (real money) Seat #3 is the button
Seat 2: 7lorenzo (552)
Seat 3: _SKR (348)
*** ANTE/BLINDS ***
_SKR posts small blind 40
7lorenzo posts big blind 80
Dealt to _SKR [4d 6h]
*** PRE-FLOP *** 
_SKR folds
7lorenzo collected 120 from pot
*** SUMMARY ***
Total pot 120 | No rake
Seat 2: 7lorenzo (big blind) won 120


Winamax Poker - Tournament "Expresso Nitro" buyIn: 1.86€ + 0.14€ level: 6 - HandId: #2696586794362732545-27-1675088796 - Holdem no limit (50/100) - 2023/01/30 14:26:36 UTC
Table: 'Expresso Nitro(627848039)#0' 3-max (real money) Seat #2 is the button
Seat 2: 7lorenzo (592)
Seat 3: _SKR (308)
*** ANTE/BLINDS ***
7lorenzo posts small blind 50
_SKR posts big blind 100
Dealt to _SKR [Js 9s]
*** PRE-FLOP *** 
7lorenzo calls 50
_SKR raises 208 to 308 and is all-in
7lorenzo calls 208
*** FLOP *** [6s As Qh]
*** TURN *** [6s As Qh][2c]
*** RIVER *** [6s As Qh 2c][7c]
*** SHOW DOWN ***
_SKR shows [Js 9s] (High card : Ace)
7lorenzo shows [2s Ac] (Two pairs : Aces and 2)
7lorenzo collected 616 from pot
*** SUMMARY ***
Total pot 616 | No rake
Board: [6s As Qh 2c 7c]
Seat 2: 7lorenzo (small blind) (button) showed [2s Ac] and won 616 with Two pairs : Aces and 2
Seat 3: _SKR (big blind) showed [Js 9s] and lost with High card : Ace


