Winamax Poker - Tournament "Expresso Nitro" buyIn: 0.93€ + 0.07€ level: 1 - HandId: #2676372303150841857-1-1673821722 - Holdem no limit (10/20) - 2023/01/15 22:28:42 UTC
Table: 'Expresso Nitro(623141486)#0' 3-max (real money) Seat #1 is the button
Seat 1: _SKR (300)
Seat 2: AahKadoc (300)
Seat 3: Pikaspin37 (300)
*** ANTE/BLINDS ***
AahKadoc posts small blind 10
Pikaspin37 posts big blind 20
Dealt to _SKR [9d 4s]
*** PRE-FLOP *** 
_SKR folds
AahKadoc calls 10
Pikaspin37 checks
*** FLOP *** [2s Qc 9c]
AahKadoc checks
Pikaspin37 bets 20
AahKadoc folds
Pikaspin37 collected 60 from pot
*** SUMMARY ***
Total pot 60 | No rake
Board: [2s Qc 9c]
Seat 3: Pikaspin37 (big blind) won 60


Winamax Poker - Tournament "Expresso Nitro" buyIn: 0.93€ + 0.07€ level: 1 - HandId: #2676372303150841857-2-1673821745 - Holdem no limit (10/20) - 2023/01/15 22:29:05 UTC
Table: 'Expresso Nitro(623141486)#0' 3-max (real money) Seat #2 is the button
Seat 1: _SKR (300)
Seat 2: AahKadoc (280)
Seat 3: Pikaspin37 (320)
*** ANTE/BLINDS ***
Pikaspin37 posts small blind 10
_SKR posts big blind 20
Dealt to _SKR [8c Th]
*** PRE-FLOP *** 
AahKadoc raises 25 to 45
Pikaspin37 folds
_SKR folds
AahKadoc collected 75 from pot
*** SUMMARY ***
Total pot 75 | No rake
Seat 2: AahKadoc (button) won 75


Winamax Poker - Tournament "Expresso Nitro" buyIn: 0.93€ + 0.07€ level: 1 - HandId: #2676372303150841857-3-1673821757 - Holdem no limit (10/20) - 2023/01/15 22:29:17 UTC
Table: 'Expresso Nitro(623141486)#0' 3-max (real money) Seat #3 is the button
Seat 1: _SKR (280)
Seat 2: AahKadoc (310)
Seat 3: Pikaspin37 (310)
*** ANTE/BLINDS ***
_SKR posts small blind 10
AahKadoc posts big blind 20
Dealt to _SKR [8h 3h]
*** PRE-FLOP *** 
Pikaspin37 raises 290 to 310 and is all-in
_SKR folds
AahKadoc folds
Pikaspin37 collected 340 from pot
*** SUMMARY ***
Total pot 340 | No rake
Seat 3: Pikaspin37 (button) won 340


Winamax Poker - Tournament "Expresso Nitro" buyIn: 0.93€ + 0.07€ level: 1 - HandId: #2676372303150841857-4-1673821770 - Holdem no limit (10/20) - 2023/01/15 22:29:30 UTC
Table: 'Expresso Nitro(623141486)#0' 3-max (real money) Seat #1 is the button
Seat 1: _SKR (270)
Seat 2: AahKadoc (290)
Seat 3: Pikaspin37 (340)
*** ANTE/BLINDS ***
AahKadoc posts small blind 10
Pikaspin37 posts big blind 20
Dealt to _SKR [2h 5h]
*** PRE-FLOP *** 
_SKR folds
AahKadoc folds
Pikaspin37 collected 30 from pot
*** SUMMARY ***
Total pot 30 | No rake
Seat 3: Pikaspin37 (big blind) won 30


Winamax Poker - Tournament "Expresso Nitro" buyIn: 0.93€ + 0.07€ level: 2 - HandId: #2676372303150841857-5-1673821791 - Holdem no limit (15/30) - 2023/01/15 22:29:51 UTC
Table: 'Expresso Nitro(623141486)#0' 3-max (real money) Seat #2 is the button
Seat 1: _SKR (270)
Seat 2: AahKadoc (280)
Seat 3: Pikaspin37 (350)
*** ANTE/BLINDS ***
Pikaspin37 posts small blind 15
_SKR posts big blind 30
Dealt to _SKR [Qs 4d]
*** PRE-FLOP *** 
AahKadoc calls 30
Pikaspin37 calls 15
_SKR checks
*** FLOP *** [6d 2h 9c]
Pikaspin37 checks
_SKR checks
AahKadoc checks
*** TURN *** [6d 2h 9c][Js]
Pikaspin37 checks
_SKR checks
AahKadoc bets 30
Pikaspin37 calls 30
_SKR folds
*** RIVER *** [6d 2h 9c Js][4s]
Pikaspin37 checks
AahKadoc checks
*** SHOW DOWN ***
Pikaspin37 shows [7h Kh] (High card : King)
AahKadoc shows [8h Jh] (One pair : Jacks)
AahKadoc collected 150 from pot
*** SUMMARY ***
Total pot 150 | No rake
Board: [6d 2h 9c Js 4s]
Seat 2: AahKadoc (button) showed [8h Jh] and won 150 with One pair : Jacks
Seat 3: Pikaspin37 (small blind) showed [7h Kh] and lost with High card : King


Winamax Poker - Tournament "Expresso Nitro" buyIn: 0.93€ + 0.07€ level: 3 - HandId: #2676372303150841857-6-1673821855 - Holdem no limit (20/40) - 2023/01/15 22:30:55 UTC
Table: 'Expresso Nitro(623141486)#0' 3-max (real money) Seat #3 is the button
Seat 1: _SKR (240)
Seat 2: AahKadoc (370)
Seat 3: Pikaspin37 (290)
*** ANTE/BLINDS ***
_SKR posts small blind 20
AahKadoc posts big blind 40
Dealt to _SKR [2s Ks]
*** PRE-FLOP *** 
Pikaspin37 raises 250 to 290 and is all-in
_SKR folds
AahKadoc folds
Pikaspin37 collected 350 from pot
*** SUMMARY ***
Total pot 350 | No rake
Seat 3: Pikaspin37 (button) won 350


Winamax Poker - Tournament "Expresso Nitro" buyIn: 0.93€ + 0.07€ level: 3 - HandId: #2676372303150841857-7-1673821862 - Holdem no limit (20/40) - 2023/01/15 22:31:02 UTC
Table: 'Expresso Nitro(623141486)#0' 3-max (real money) Seat #1 is the button
Seat 1: _SKR (220)
Seat 2: AahKadoc (330)
Seat 3: Pikaspin37 (350)
*** ANTE/BLINDS ***
AahKadoc posts small blind 20
Pikaspin37 posts big blind 40
Dealt to _SKR [Kh 2s]
*** PRE-FLOP *** 
_SKR folds
AahKadoc folds
Pikaspin37 collected 60 from pot
*** SUMMARY ***
Total pot 60 | No rake
Seat 3: Pikaspin37 (big blind) won 60


Winamax Poker - Tournament "Expresso Nitro" buyIn: 0.93€ + 0.07€ level: 3 - HandId: #2676372303150841857-8-1673821867 - Holdem no limit (20/40) - 2023/01/15 22:31:07 UTC
Table: 'Expresso Nitro(623141486)#0' 3-max (real money) Seat #2 is the button
Seat 1: _SKR (220)
Seat 2: AahKadoc (310)
Seat 3: Pikaspin37 (370)
*** ANTE/BLINDS ***
Pikaspin37 posts small blind 20
_SKR posts big blind 40
Dealt to _SKR [2c 2s]
*** PRE-FLOP *** 
AahKadoc raises 270 to 310 and is all-in
Pikaspin37 raises 60 to 370 and is all-in
_SKR calls 180 and is all-in
*** FLOP *** [Kh 9s 5c]
*** TURN *** [Kh 9s 5c][2h]
*** RIVER *** [Kh 9s 5c 2h][Jd]
*** SHOW DOWN ***
AahKadoc shows [Ah Ts] (High card : Ace)
_SKR shows [2c 2s] (Trips of 2)
Pikaspin37 shows [Jc Ks] (Two pairs : Kings and Jacks)
Pikaspin37 collected 240 from side pot 1
_SKR collected 660 from main pot
*** SUMMARY ***
Total pot 900 | No rake
Board: [Kh 9s 5c 2h Jd]
Seat 1: _SKR (big blind) showed [2c 2s] and won 660 with Trips of 2
Seat 2: AahKadoc (button) showed [Ah Ts] and lost with High card : Ace
Seat 3: Pikaspin37 (small blind) showed [Jc Ks] and won 240 with Two pairs : Kings and Jacks


Winamax Poker - Tournament "Expresso Nitro" buyIn: 0.93€ + 0.07€ level: 3 - HandId: #2676372303150841857-9-1673821885 - Holdem no limit (20/40) - 2023/01/15 22:31:25 UTC
Table: 'Expresso Nitro(623141486)#0' 3-max (real money) Seat #1 is the button
Seat 1: _SKR (660)
Seat 3: Pikaspin37 (240)
*** ANTE/BLINDS ***
_SKR posts small blind 20
Pikaspin37 posts big blind 40
Dealt to _SKR [Kd 2c]
*** PRE-FLOP *** 
_SKR raises 620 to 660 and is all-in
Pikaspin37 calls 200 and is all-in
*** FLOP *** [Js 7d 5h]
*** TURN *** [Js 7d 5h][Jd]
*** RIVER *** [Js 7d 5h Jd][Jc]
*** SHOW DOWN ***
Pikaspin37 shows [8c 6c] (Trips of Jacks)
_SKR shows [Kd 2c] (Trips of Jacks)
_SKR collected 900 from pot
*** SUMMARY ***
Total pot 900 | No rake
Board: [Js 7d 5h Jd Jc]
Seat 1: _SKR (small blind) (button) showed [Kd 2c] and won 900 with Trips of Jacks
Seat 3: Pikaspin37 (big blind) showed [8c 6c] and lost with Trips of Jacks


