Winamax Poker - Tournament "Expresso Nitro" buyIn: 0.93€ + 0.07€ level: 1 - HandId: #2717584339717062657-1-1676227846 - Holdem no limit (10/20) - 2023/02/12 18:50:46 UTC
Table: 'Expresso Nitro(632736911)#0' 3-max (real money) Seat #3 is the button
Seat 1: ES_13 (300)
Seat 2: _SKR (300)
Seat 3: hugzebrooo (300)
*** ANTE/BLINDS ***
ES_13 posts small blind 10
_SKR posts big blind 20
Dealt to _SKR [3c Ad]
*** PRE-FLOP *** 
hugzebrooo calls 20
ES_13 calls 10
_SKR raises 280 to 300 and is all-in
hugzebrooo folds
ES_13 calls 280 and is all-in
*** FLOP *** [9h 4d Qc]
*** TURN *** [9h 4d Qc][8c]
*** RIVER *** [9h 4d Qc 8c][Ah]
*** SHOW DOWN ***
ES_13 shows [6h 2h] (High card : Ace)
_SKR shows [3c Ad] (One pair : Aces)
_SKR collected 620 from pot
*** SUMMARY ***
Total pot 620 | No rake
Board: [9h 4d Qc 8c Ah]
Seat 1: ES_13 (small blind) showed [6h 2h] and lost with High card : Ace
Seat 2: _SKR (big blind) showed [3c Ad] and won 620 with One pair : Aces


Winamax Poker - Tournament "Expresso Nitro" buyIn: 0.93€ + 0.07€ level: 1 - HandId: #2717584339717062657-2-1676227864 - Holdem no limit (10/20) - 2023/02/12 18:51:04 UTC
Table: 'Expresso Nitro(632736911)#0' 3-max (real money) Seat #2 is the button
Seat 2: _SKR (620)
Seat 3: hugzebrooo (280)
*** ANTE/BLINDS ***
_SKR posts small blind 10
hugzebrooo posts big blind 20
Dealt to _SKR [4h Ad]
*** PRE-FLOP *** 
_SKR raises 600 to 620 and is all-in
hugzebrooo calls 260 and is all-in
*** FLOP *** [9c Ah Jc]
*** TURN *** [9c Ah Jc][Td]
*** RIVER *** [9c Ah Jc Td][6c]
*** SHOW DOWN ***
_SKR shows [4h Ad] (One pair : Aces)
hugzebrooo shows [Qh Ks] (Straight Ace high)
hugzebrooo collected 560 from main pot
_SKR collected 340 from side pot 1
*** SUMMARY ***
Total pot 900 | No rake
Board: [9c Ah Jc Td 6c]
Seat 2: _SKR (small blind) (button) showed [4h Ad] and won 340 with One pair : Aces
Seat 3: hugzebrooo (big blind) showed [Qh Ks] and won 560 with Straight Ace high


Winamax Poker - Tournament "Expresso Nitro" buyIn: 0.93€ + 0.07€ level: 1 - HandId: #2717584339717062657-3-1676227876 - Holdem no limit (10/20) - 2023/02/12 18:51:16 UTC
Table: 'Expresso Nitro(632736911)#0' 3-max (real money) Seat #3 is the button
Seat 2: _SKR (340)
Seat 3: hugzebrooo (560)
*** ANTE/BLINDS ***
hugzebrooo posts small blind 10
_SKR posts big blind 20
Dealt to _SKR [2h 6c]
*** PRE-FLOP *** 
hugzebrooo calls 10
_SKR checks
*** FLOP *** [Kh 2s 5c]
_SKR checks
hugzebrooo bets 26
_SKR calls 26
*** TURN *** [Kh 2s 5c][Jc]
_SKR checks
hugzebrooo bets 92
_SKR folds
hugzebrooo collected 184 from pot
*** SUMMARY ***
Total pot 184 | No rake
Board: [Kh 2s 5c Jc]
Seat 3: hugzebrooo (small blind) (button) won 184


Winamax Poker - Tournament "Expresso Nitro" buyIn: 0.93€ + 0.07€ level: 1 - HandId: #2717584339717062657-4-1676227901 - Holdem no limit (10/20) - 2023/02/12 18:51:41 UTC
Table: 'Expresso Nitro(632736911)#0' 3-max (real money) Seat #2 is the button
Seat 2: _SKR (294)
Seat 3: hugzebrooo (606)
*** ANTE/BLINDS ***
_SKR posts small blind 10
hugzebrooo posts big blind 20
Dealt to _SKR [2s Ts]
*** PRE-FLOP *** 
_SKR folds
hugzebrooo collected 30 from pot
*** SUMMARY ***
Total pot 30 | No rake
Seat 3: hugzebrooo (big blind) won 30


Winamax Poker - Tournament "Expresso Nitro" buyIn: 0.93€ + 0.07€ level: 2 - HandId: #2717584339717062657-5-1676227904 - Holdem no limit (15/30) - 2023/02/12 18:51:44 UTC
Table: 'Expresso Nitro(632736911)#0' 3-max (real money) Seat #3 is the button
Seat 2: _SKR (284)
Seat 3: hugzebrooo (616)
*** ANTE/BLINDS ***
hugzebrooo posts small blind 15
_SKR posts big blind 30
Dealt to _SKR [Js 6s]
*** PRE-FLOP *** 
hugzebrooo calls 15
_SKR raises 254 to 284 and is all-in
hugzebrooo folds
_SKR collected 314 from pot
*** SUMMARY ***
Total pot 314 | No rake
Seat 2: _SKR (big blind) won 314


Winamax Poker - Tournament "Expresso Nitro" buyIn: 0.93€ + 0.07€ level: 2 - HandId: #2717584339717062657-6-1676227923 - Holdem no limit (15/30) - 2023/02/12 18:52:03 UTC
Table: 'Expresso Nitro(632736911)#0' 3-max (real money) Seat #2 is the button
Seat 2: _SKR (314)
Seat 3: hugzebrooo (586)
*** ANTE/BLINDS ***
_SKR posts small blind 15
hugzebrooo posts big blind 30
Dealt to _SKR [5s Kd]
*** PRE-FLOP *** 
_SKR raises 284 to 314 and is all-in
hugzebrooo folds
_SKR collected 344 from pot
*** SUMMARY ***
Total pot 344 | No rake
Seat 2: _SKR (small blind) (button) won 344


Winamax Poker - Tournament "Expresso Nitro" buyIn: 0.93€ + 0.07€ level: 2 - HandId: #2717584339717062657-7-1676227929 - Holdem no limit (15/30) - 2023/02/12 18:52:09 UTC
Table: 'Expresso Nitro(632736911)#0' 3-max (real money) Seat #3 is the button
Seat 2: _SKR (344)
Seat 3: hugzebrooo (556)
*** ANTE/BLINDS ***
hugzebrooo posts small blind 15
_SKR posts big blind 30
Dealt to _SKR [5h 3s]
*** PRE-FLOP *** 
hugzebrooo calls 15
_SKR checks
*** FLOP *** [As 7s 2s]
_SKR checks
hugzebrooo bets 60
_SKR folds
hugzebrooo collected 120 from pot
*** SUMMARY ***
Total pot 120 | No rake
Board: [As 7s 2s]
Seat 3: hugzebrooo (small blind) (button) won 120


Winamax Poker - Tournament "Expresso Nitro" buyIn: 0.93€ + 0.07€ level: 2 - HandId: #2717584339717062657-8-1676227943 - Holdem no limit (15/30) - 2023/02/12 18:52:23 UTC
Table: 'Expresso Nitro(632736911)#0' 3-max (real money) Seat #2 is the button
Seat 2: _SKR (314)
Seat 3: hugzebrooo (586)
*** ANTE/BLINDS ***
_SKR posts small blind 15
hugzebrooo posts big blind 30
Dealt to _SKR [8h 3h]
*** PRE-FLOP *** 
_SKR folds
hugzebrooo collected 45 from pot
*** SUMMARY ***
Total pot 45 | No rake
Seat 3: hugzebrooo (big blind) won 45


Winamax Poker - Tournament "Expresso Nitro" buyIn: 0.93€ + 0.07€ level: 2 - HandId: #2717584339717062657-9-1676227948 - Holdem no limit (15/30) - 2023/02/12 18:52:28 UTC
Table: 'Expresso Nitro(632736911)#0' 3-max (real money) Seat #3 is the button
Seat 2: _SKR (299)
Seat 3: hugzebrooo (601)
*** ANTE/BLINDS ***
hugzebrooo posts small blind 15
_SKR posts big blind 30
Dealt to _SKR [Qs 8d]
*** PRE-FLOP *** 
hugzebrooo calls 15
_SKR raises 269 to 299 and is all-in
hugzebrooo calls 269
*** FLOP *** [Qc 7s 4s]
*** TURN *** [Qc 7s 4s][4c]
*** RIVER *** [Qc 7s 4s 4c][Ah]
*** SHOW DOWN ***
hugzebrooo shows [6d 8h] (One pair : 4)
_SKR shows [Qs 8d] (Two pairs : Queens and 4)
_SKR collected 598 from pot
*** SUMMARY ***
Total pot 598 | No rake
Board: [Qc 7s 4s 4c Ah]
Seat 2: _SKR (big blind) showed [Qs 8d] and won 598 with Two pairs : Queens and 4
Seat 3: hugzebrooo (small blind) (button) showed [6d 8h] and lost with One pair : 4


Winamax Poker - Tournament "Expresso Nitro" buyIn: 0.93€ + 0.07€ level: 3 - HandId: #2717584339717062657-10-1676227962 - Holdem no limit (20/40) - 2023/02/12 18:52:42 UTC
Table: 'Expresso Nitro(632736911)#0' 3-max (real money) Seat #2 is the button
Seat 2: _SKR (598)
Seat 3: hugzebrooo (302)
*** ANTE/BLINDS ***
_SKR posts small blind 20
hugzebrooo posts big blind 40
Dealt to _SKR [3s 3h]
*** PRE-FLOP *** 
_SKR raises 558 to 598 and is all-in
hugzebrooo calls 262 and is all-in
*** FLOP *** [4c 8s 5h]
*** TURN *** [4c 8s 5h][9s]
*** RIVER *** [4c 8s 5h 9s][4d]
*** SHOW DOWN ***
hugzebrooo shows [Ks 7h] (One pair : 4)
_SKR shows [3s 3h] (Two pairs : 4 and 3)
_SKR collected 900 from pot
*** SUMMARY ***
Total pot 900 | No rake
Board: [4c 8s 5h 9s 4d]
Seat 2: _SKR (small blind) (button) showed [3s 3h] and won 900 with Two pairs : 4 and 3
Seat 3: hugzebrooo (big blind) showed [Ks 7h] and lost with One pair : 4


