Winamax Poker - Tournament "Expresso Nitro" buyIn: 0.93€ + 0.07€ level: 1 - HandId: #2717230155238998017-1-1676213009 - Holdem no limit (10/20) - 2023/02/12 14:43:29 UTC
Table: 'Expresso Nitro(632654446)#0' 3-max (real money) Seat #2 is the button
Seat 1: Manny69 HPC (300)
Seat 2: _SKR (300)
Seat 3: Riadorient54 (300)
*** ANTE/BLINDS ***
Riadorient54 posts small blind 10
Manny69 HPC posts big blind 20
Dealt to _SKR [7d 9d]
*** PRE-FLOP *** 
_SKR folds
Riadorient54 folds
Manny69 HPC collected 30 from pot
*** SUMMARY ***
Total pot 30 | No rake
Seat 1: Manny69 HPC (big blind) won 30


Winamax Poker - Tournament "Expresso Nitro" buyIn: 0.93€ + 0.07€ level: 1 - HandId: #2717230155238998017-2-1676213048 - Holdem no limit (10/20) - 2023/02/12 14:44:08 UTC
Table: 'Expresso Nitro(632654446)#0' 3-max (real money) Seat #3 is the button
Seat 1: Manny69 HPC (310)
Seat 2: _SKR (300)
Seat 3: Riadorient54 (290)
*** ANTE/BLINDS ***
Manny69 HPC posts small blind 10
_SKR posts big blind 20
Dealt to _SKR [9h Jh]
*** PRE-FLOP *** 
Riadorient54 calls 20
Manny69 HPC calls 10
_SKR checks
*** FLOP *** [Kh 5h 3d]
Manny69 HPC checks
_SKR checks
Riadorient54 checks
*** TURN *** [Kh 5h 3d][3h]
Manny69 HPC checks
_SKR bets 48
Riadorient54 calls 48
Manny69 HPC calls 48
*** RIVER *** [Kh 5h 3d 3h][7s]
Manny69 HPC folds
_SKR bets 232 and is all-in
Riadorient54 folds
_SKR collected 436 from pot
*** SUMMARY ***
Total pot 436 | No rake
Board: [Kh 5h 3d 3h 7s]
Seat 2: _SKR (big blind) won 436


Winamax Poker - Tournament "Expresso Nitro" buyIn: 0.93€ + 0.07€ level: 2 - HandId: #2717230155238998017-3-1676213108 - Holdem no limit (15/30) - 2023/02/12 14:45:08 UTC
Table: 'Expresso Nitro(632654446)#0' 3-max (real money) Seat #1 is the button
Seat 1: Manny69 HPC (242)
Seat 2: _SKR (436)
Seat 3: Riadorient54 (222)
*** ANTE/BLINDS ***
_SKR posts small blind 15
Riadorient54 posts big blind 30
Dealt to _SKR [Kd Ts]
*** PRE-FLOP *** 
Manny69 HPC folds
_SKR raises 406 to 436 and is all-in
Riadorient54 calls 192 and is all-in
*** FLOP *** [7s 5h Td]
*** TURN *** [7s 5h Td][Kh]
*** RIVER *** [7s 5h Td Kh][2d]
*** SHOW DOWN ***
Riadorient54 shows [As Jh] (High card : Ace)
_SKR shows [Kd Ts] (Two pairs : Kings and Tens)
_SKR collected 658 from pot
*** SUMMARY ***
Total pot 658 | No rake
Board: [7s 5h Td Kh 2d]
Seat 2: _SKR (small blind) showed [Kd Ts] and won 658 with Two pairs : Kings and Tens
Seat 3: Riadorient54 (big blind) showed [As Jh] and lost with High card : Ace


Winamax Poker - Tournament "Expresso Nitro" buyIn: 0.93€ + 0.07€ level: 2 - HandId: #2717230155238998017-4-1676213124 - Holdem no limit (15/30) - 2023/02/12 14:45:24 UTC
Table: 'Expresso Nitro(632654446)#0' 3-max (real money) Seat #1 is the button
Seat 1: Manny69 HPC (242)
Seat 2: _SKR (658)
*** ANTE/BLINDS ***
Manny69 HPC posts small blind 15
_SKR posts big blind 30
Dealt to _SKR [9d 6c]
*** PRE-FLOP *** 
Manny69 HPC calls 15
_SKR checks
*** FLOP *** [Kd 7s 9h]
_SKR checks
Manny69 HPC checks
*** TURN *** [Kd 7s 9h][9c]
_SKR bets 30
Manny69 HPC folds
_SKR collected 90 from pot
*** SUMMARY ***
Total pot 90 | No rake
Board: [Kd 7s 9h 9c]
Seat 2: _SKR (big blind) won 90


Winamax Poker - Tournament "Expresso Nitro" buyIn: 0.93€ + 0.07€ level: 3 - HandId: #2717230155238998017-5-1676213164 - Holdem no limit (20/40) - 2023/02/12 14:46:04 UTC
Table: 'Expresso Nitro(632654446)#0' 3-max (real money) Seat #2 is the button
Seat 1: Manny69 HPC (212)
Seat 2: _SKR (688)
*** ANTE/BLINDS ***
_SKR posts small blind 20
Manny69 HPC posts big blind 40
Dealt to _SKR [Tc 7d]
*** PRE-FLOP *** 
_SKR folds
Manny69 HPC collected 60 from pot
*** SUMMARY ***
Total pot 60 | No rake
Seat 1: Manny69 HPC (big blind) won 60


Winamax Poker - Tournament "Expresso Nitro" buyIn: 0.93€ + 0.07€ level: 3 - HandId: #2717230155238998017-6-1676213171 - Holdem no limit (20/40) - 2023/02/12 14:46:11 UTC
Table: 'Expresso Nitro(632654446)#0' 3-max (real money) Seat #1 is the button
Seat 1: Manny69 HPC (232)
Seat 2: _SKR (668)
*** ANTE/BLINDS ***
Manny69 HPC posts small blind 20
_SKR posts big blind 40
Dealt to _SKR [6h 3s]
*** PRE-FLOP *** 
Manny69 HPC raises 40 to 80
_SKR folds
Manny69 HPC collected 120 from pot
*** SUMMARY ***
Total pot 120 | No rake
Seat 1: Manny69 HPC (small blind) (button) won 120


Winamax Poker - Tournament "Expresso Nitro" buyIn: 0.93€ + 0.07€ level: 3 - HandId: #2717230155238998017-7-1676213180 - Holdem no limit (20/40) - 2023/02/12 14:46:20 UTC
Table: 'Expresso Nitro(632654446)#0' 3-max (real money) Seat #2 is the button
Seat 1: Manny69 HPC (272)
Seat 2: _SKR (628)
*** ANTE/BLINDS ***
_SKR posts small blind 20
Manny69 HPC posts big blind 40
Dealt to _SKR [Qd Js]
*** PRE-FLOP *** 
_SKR raises 588 to 628 and is all-in
Manny69 HPC folds
_SKR collected 668 from pot
*** SUMMARY ***
Total pot 668 | No rake
Seat 2: _SKR (small blind) (button) won 668


Winamax Poker - Tournament "Expresso Nitro" buyIn: 0.93€ + 0.07€ level: 4 - HandId: #2717230155238998017-8-1676213200 - Holdem no limit (30/60) - 2023/02/12 14:46:40 UTC
Table: 'Expresso Nitro(632654446)#0' 3-max (real money) Seat #1 is the button
Seat 1: Manny69 HPC (232)
Seat 2: _SKR (668)
*** ANTE/BLINDS ***
Manny69 HPC posts small blind 30
_SKR posts big blind 60
Dealt to _SKR [3d Jd]
*** PRE-FLOP *** 
Manny69 HPC calls 30
_SKR raises 608 to 668 and is all-in
Manny69 HPC calls 172 and is all-in
*** FLOP *** [6h Qh Jc]
*** TURN *** [6h Qh Jc][Td]
*** RIVER *** [6h Qh Jc Td][Ac]
*** SHOW DOWN ***
Manny69 HPC shows [Qs Ad] (Two pairs : Aces and Queens)
_SKR shows [3d Jd] (One pair : Jacks)
_SKR collected 436 from side pot 1
Manny69 HPC collected 464 from main pot
*** SUMMARY ***
Total pot 900 | No rake
Board: [6h Qh Jc Td Ac]
Seat 1: Manny69 HPC (small blind) (button) showed [Qs Ad] and won 464 with Two pairs : Aces and Queens
Seat 2: _SKR (big blind) showed [3d Jd] and won 436 with One pair : Jacks


Winamax Poker - Tournament "Expresso Nitro" buyIn: 0.93€ + 0.07€ level: 4 - HandId: #2717230155238998017-9-1676213213 - Holdem no limit (30/60) - 2023/02/12 14:46:53 UTC
Table: 'Expresso Nitro(632654446)#0' 3-max (real money) Seat #2 is the button
Seat 1: Manny69 HPC (464)
Seat 2: _SKR (436)
*** ANTE/BLINDS ***
_SKR posts small blind 30
Manny69 HPC posts big blind 60
Dealt to _SKR [7h 4s]
*** PRE-FLOP *** 
_SKR folds
Manny69 HPC collected 90 from pot
*** SUMMARY ***
Total pot 90 | No rake
Seat 1: Manny69 HPC (big blind) won 90


Winamax Poker - Tournament "Expresso Nitro" buyIn: 0.93€ + 0.07€ level: 4 - HandId: #2717230155238998017-10-1676213227 - Holdem no limit (30/60) - 2023/02/12 14:47:07 UTC
Table: 'Expresso Nitro(632654446)#0' 3-max (real money) Seat #1 is the button
Seat 1: Manny69 HPC (494)
Seat 2: _SKR (406)
*** ANTE/BLINDS ***
Manny69 HPC posts small blind 30
_SKR posts big blind 60
Dealt to _SKR [9c Qd]
*** PRE-FLOP *** 
Manny69 HPC folds
_SKR collected 90 from pot
*** SUMMARY ***
Total pot 90 | No rake
Seat 2: _SKR (big blind) won 90


Winamax Poker - Tournament "Expresso Nitro" buyIn: 0.93€ + 0.07€ level: 4 - HandId: #2717230155238998017-11-1676213230 - Holdem no limit (30/60) - 2023/02/12 14:47:10 UTC
Table: 'Expresso Nitro(632654446)#0' 3-max (real money) Seat #2 is the button
Seat 1: Manny69 HPC (464)
Seat 2: _SKR (436)
*** ANTE/BLINDS ***
_SKR posts small blind 30
Manny69 HPC posts big blind 60
Dealt to _SKR [Ad 5h]
*** PRE-FLOP *** 
_SKR raises 376 to 436 and is all-in
Manny69 HPC folds
_SKR collected 496 from pot
*** SUMMARY ***
Total pot 496 | No rake
Seat 2: _SKR (small blind) (button) won 496


Winamax Poker - Tournament "Expresso Nitro" buyIn: 0.93€ + 0.07€ level: 4 - HandId: #2717230155238998017-12-1676213235 - Holdem no limit (30/60) - 2023/02/12 14:47:15 UTC
Table: 'Expresso Nitro(632654446)#0' 3-max (real money) Seat #1 is the button
Seat 1: Manny69 HPC (404)
Seat 2: _SKR (496)
*** ANTE/BLINDS ***
Manny69 HPC posts small blind 30
_SKR posts big blind 60
Dealt to _SKR [3s 2d]
*** PRE-FLOP *** 
Manny69 HPC raises 344 to 404 and is all-in
_SKR folds
Manny69 HPC collected 464 from pot
*** SUMMARY ***
Total pot 464 | No rake
Seat 1: Manny69 HPC (small blind) (button) won 464


Winamax Poker - Tournament "Expresso Nitro" buyIn: 0.93€ + 0.07€ level: 4 - HandId: #2717230155238998017-13-1676213241 - Holdem no limit (30/60) - 2023/02/12 14:47:21 UTC
Table: 'Expresso Nitro(632654446)#0' 3-max (real money) Seat #2 is the button
Seat 1: Manny69 HPC (464)
Seat 2: _SKR (436)
*** ANTE/BLINDS ***
_SKR posts small blind 30
Manny69 HPC posts big blind 60
Dealt to _SKR [Qd 2c]
*** PRE-FLOP *** 
_SKR folds
Manny69 HPC collected 90 from pot
*** SUMMARY ***
Total pot 90 | No rake
Seat 1: Manny69 HPC (big blind) won 90


Winamax Poker - Tournament "Expresso Nitro" buyIn: 0.93€ + 0.07€ level: 5 - HandId: #2717230155238998017-14-1676213249 - Holdem no limit (40/80) - 2023/02/12 14:47:29 UTC
Table: 'Expresso Nitro(632654446)#0' 3-max (real money) Seat #1 is the button
Seat 1: Manny69 HPC (494)
Seat 2: _SKR (406)
*** ANTE/BLINDS ***
Manny69 HPC posts small blind 40
_SKR posts big blind 80
Dealt to _SKR [3d Jh]
*** PRE-FLOP *** 
Manny69 HPC calls 40
_SKR checks
*** FLOP *** [Qh Ad 6d]
_SKR checks
Manny69 HPC bets 104
_SKR folds
Manny69 HPC collected 264 from pot
*** SUMMARY ***
Total pot 264 | No rake
Board: [Qh Ad 6d]
Seat 1: Manny69 HPC (small blind) (button) won 264


Winamax Poker - Tournament "Expresso Nitro" buyIn: 0.93€ + 0.07€ level: 5 - HandId: #2717230155238998017-15-1676213260 - Holdem no limit (40/80) - 2023/02/12 14:47:40 UTC
Table: 'Expresso Nitro(632654446)#0' 3-max (real money) Seat #2 is the button
Seat 1: Manny69 HPC (574)
Seat 2: _SKR (326)
*** ANTE/BLINDS ***
_SKR posts small blind 40
Manny69 HPC posts big blind 80
Dealt to _SKR [9d Td]
*** PRE-FLOP *** 
_SKR raises 246 to 326 and is all-in
Manny69 HPC calls 246
*** FLOP *** [2c Jh 7s]
*** TURN *** [2c Jh 7s][2s]
*** RIVER *** [2c Jh 7s 2s][Qh]
*** SHOW DOWN ***
_SKR shows [9d Td] (One pair : 2)
Manny69 HPC shows [Js Th] (Two pairs : Jacks and 2)
Manny69 HPC collected 652 from pot
*** SUMMARY ***
Total pot 652 | No rake
Board: [2c Jh 7s 2s Qh]
Seat 1: Manny69 HPC (big blind) showed [Js Th] and won 652 with Two pairs : Jacks and 2
Seat 2: _SKR (small blind) (button) showed [9d Td] and lost with One pair : 2


