Winamax Poker - Tournament "Expresso Nitro" buyIn: 1.86€ + 0.14€ level: 1 - HandId: #2677067993363513345-1-1673875617 - Holdem no limit (10/20) - 2023/01/16 13:26:57 UTC
Table: 'Expresso Nitro(623303464)#0' 3-max (real money) Seat #2 is the button
Seat 1: KingEddy (300)
Seat 2: _SKR (300)
Seat 3: NeverAgain92 (300)
*** ANTE/BLINDS ***
NeverAgain92 posts small blind 10
KingEddy posts big blind 20
Dealt to _SKR [8s Js]
*** PRE-FLOP *** 
_SKR folds
NeverAgain92 calls 10
KingEddy raises 40 to 60
NeverAgain92 folds
KingEddy collected 80 from pot
*** SUMMARY ***
Total pot 80 | No rake
Seat 1: KingEddy (big blind) won 80


Winamax Poker - Tournament "Expresso Nitro" buyIn: 1.86€ + 0.14€ level: 1 - HandId: #2677067993363513345-2-1673875634 - Holdem no limit (10/20) - 2023/01/16 13:27:14 UTC
Table: 'Expresso Nitro(623303464)#0' 3-max (real money) Seat #3 is the button
Seat 1: KingEddy (320)
Seat 2: _SKR (300)
Seat 3: NeverAgain92 (280)
*** ANTE/BLINDS ***
KingEddy posts small blind 10
_SKR posts big blind 20
Dealt to _SKR [Jc 3h]
*** PRE-FLOP *** 
NeverAgain92 raises 50 to 70
KingEddy folds
_SKR folds
NeverAgain92 collected 100 from pot
*** SUMMARY ***
Total pot 100 | No rake
Seat 3: NeverAgain92 (button) won 100


Winamax Poker - Tournament "Expresso Nitro" buyIn: 1.86€ + 0.14€ level: 1 - HandId: #2677067993363513345-3-1673875647 - Holdem no limit (10/20) - 2023/01/16 13:27:27 UTC
Table: 'Expresso Nitro(623303464)#0' 3-max (real money) Seat #1 is the button
Seat 1: KingEddy (310)
Seat 2: _SKR (280)
Seat 3: NeverAgain92 (310)
*** ANTE/BLINDS ***
_SKR posts small blind 10
NeverAgain92 posts big blind 20
Dealt to _SKR [6s Ts]
*** PRE-FLOP *** 
KingEddy folds
_SKR folds
NeverAgain92 collected 30 from pot
*** SUMMARY ***
Total pot 30 | No rake
Seat 3: NeverAgain92 (big blind) won 30


Winamax Poker - Tournament "Expresso Nitro" buyIn: 1.86€ + 0.14€ level: 1 - HandId: #2677067993363513345-4-1673875653 - Holdem no limit (10/20) - 2023/01/16 13:27:33 UTC
Table: 'Expresso Nitro(623303464)#0' 3-max (real money) Seat #2 is the button
Seat 1: KingEddy (310)
Seat 2: _SKR (270)
Seat 3: NeverAgain92 (320)
*** ANTE/BLINDS ***
NeverAgain92 posts small blind 10
KingEddy posts big blind 20
Dealt to _SKR [Qc 3c]
*** PRE-FLOP *** 
_SKR folds
NeverAgain92 calls 10
KingEddy checks
*** FLOP *** [5h Td Ad]
NeverAgain92 bets 20
KingEddy calls 20
*** TURN *** [5h Td Ad][Ac]
NeverAgain92 bets 28
KingEddy calls 28
*** RIVER *** [5h Td Ad Ac][2c]
NeverAgain92 checks
KingEddy checks
*** SHOW DOWN ***
KingEddy shows [8d Kd] (One pair : Aces)
NeverAgain92 shows [4d 2d] (Two pairs : Aces and 2)
NeverAgain92 collected 136 from pot
*** SUMMARY ***
Total pot 136 | No rake
Board: [5h Td Ad Ac 2c]
Seat 1: KingEddy (big blind) showed [8d Kd] and lost with One pair : Aces
Seat 3: NeverAgain92 (small blind) showed [4d 2d] and won 136 with Two pairs : Aces and 2


Winamax Poker - Tournament "Expresso Nitro" buyIn: 1.86€ + 0.14€ level: 2 - HandId: #2677067993363513345-5-1673875691 - Holdem no limit (15/30) - 2023/01/16 13:28:11 UTC
Table: 'Expresso Nitro(623303464)#0' 3-max (real money) Seat #3 is the button
Seat 1: KingEddy (242)
Seat 2: _SKR (270)
Seat 3: NeverAgain92 (388)
*** ANTE/BLINDS ***
KingEddy posts small blind 15
_SKR posts big blind 30
Dealt to _SKR [Qh Th]
*** PRE-FLOP *** 
NeverAgain92 folds
KingEddy calls 15
_SKR raises 240 to 270 and is all-in
KingEddy folds
_SKR collected 300 from pot
*** SUMMARY ***
Total pot 300 | No rake
Seat 2: _SKR (big blind) won 300


Winamax Poker - Tournament "Expresso Nitro" buyIn: 1.86€ + 0.14€ level: 2 - HandId: #2677067993363513345-6-1673875722 - Holdem no limit (15/30) - 2023/01/16 13:28:42 UTC
Table: 'Expresso Nitro(623303464)#0' 3-max (real money) Seat #1 is the button
Seat 1: KingEddy (212)
Seat 2: _SKR (300)
Seat 3: NeverAgain92 (388)
*** ANTE/BLINDS ***
_SKR posts small blind 15
NeverAgain92 posts big blind 30
Dealt to _SKR [5s Js]
*** PRE-FLOP *** 
KingEddy folds
_SKR folds
NeverAgain92 collected 45 from pot
*** SUMMARY ***
Total pot 45 | No rake
Seat 3: NeverAgain92 (big blind) won 45


Winamax Poker - Tournament "Expresso Nitro" buyIn: 1.86€ + 0.14€ level: 2 - HandId: #2677067993363513345-7-1673875733 - Holdem no limit (15/30) - 2023/01/16 13:28:53 UTC
Table: 'Expresso Nitro(623303464)#0' 3-max (real money) Seat #2 is the button
Seat 1: KingEddy (212)
Seat 2: _SKR (285)
Seat 3: NeverAgain92 (403)
*** ANTE/BLINDS ***
NeverAgain92 posts small blind 15
KingEddy posts big blind 30
Dealt to _SKR [Ks 7h]
*** PRE-FLOP *** 
_SKR folds
NeverAgain92 raises 373 to 403 and is all-in
KingEddy folds
NeverAgain92 collected 433 from pot
*** SUMMARY ***
Total pot 433 | No rake
Seat 3: NeverAgain92 (small blind) won 433


Winamax Poker - Tournament "Expresso Nitro" buyIn: 1.86€ + 0.14€ level: 3 - HandId: #2677067993363513345-8-1673875742 - Holdem no limit (20/40) - 2023/01/16 13:29:02 UTC
Table: 'Expresso Nitro(623303464)#0' 3-max (real money) Seat #3 is the button
Seat 1: KingEddy (182)
Seat 2: _SKR (285)
Seat 3: NeverAgain92 (433)
*** ANTE/BLINDS ***
KingEddy posts small blind 20
_SKR posts big blind 40
Dealt to _SKR [Qh Th]
*** PRE-FLOP *** 
NeverAgain92 folds
KingEddy raises 142 to 182 and is all-in
_SKR calls 142
*** FLOP *** [3c Ah 7c]
*** TURN *** [3c Ah 7c][Js]
*** RIVER *** [3c Ah 7c Js][5s]
*** SHOW DOWN ***
_SKR shows [Qh Th] (High card : Ace)
KingEddy shows [Td Ts] (One pair : Tens)
KingEddy collected 364 from pot
*** SUMMARY ***
Total pot 364 | No rake
Board: [3c Ah 7c Js 5s]
Seat 1: KingEddy (small blind) showed [Td Ts] and won 364 with One pair : Tens
Seat 2: _SKR (big blind) showed [Qh Th] and lost with High card : Ace


Winamax Poker - Tournament "Expresso Nitro" buyIn: 1.86€ + 0.14€ level: 3 - HandId: #2677067993363513345-9-1673875759 - Holdem no limit (20/40) - 2023/01/16 13:29:19 UTC
Table: 'Expresso Nitro(623303464)#0' 3-max (real money) Seat #1 is the button
Seat 1: KingEddy (364)
Seat 2: _SKR (103)
Seat 3: NeverAgain92 (433)
*** ANTE/BLINDS ***
_SKR posts small blind 20
NeverAgain92 posts big blind 40
Dealt to _SKR [9s Qd]
*** PRE-FLOP *** 
KingEddy raises 324 to 364 and is all-in
_SKR calls 83 and is all-in
NeverAgain92 folds
*** FLOP *** [Js 6h Qc]
*** TURN *** [Js 6h Qc][6c]
*** RIVER *** [Js 6h Qc 6c][Td]
*** SHOW DOWN ***
_SKR shows [9s Qd] (Two pairs : Queens and 6)
KingEddy shows [As Ks] (Straight Ace high)
KingEddy collected 507 from pot
*** SUMMARY ***
Total pot 507 | No rake
Board: [Js 6h Qc 6c Td]
Seat 1: KingEddy (button) showed [As Ks] and won 507 with Straight Ace high
Seat 2: _SKR (small blind) showed [9s Qd] and lost with Two pairs : Queens and 6


