Winamax Poker - Tournament "Expresso Nitro" buyIn: 1.86€ + 0.14€ level: 1 - HandId: #2696836091444461569-1-1675099994 - Holdem no limit (10/20) - 2023/01/30 17:33:14 UTC
Table: 'Expresso Nitro(627906083)#0' 3-max (real money) Seat #2 is the button
Seat 1: pika50013 (300)
Seat 2: roemje1620 (300)
Seat 3: _SKR (300)
*** ANTE/BLINDS ***
_SKR posts small blind 10
pika50013 posts big blind 20
Dealt to _SKR [Ad Js]
*** PRE-FLOP *** 
roemje1620 folds
_SKR raises 20 to 40
pika50013 calls 20
*** FLOP *** [Kh 7d 4h]
_SKR checks
pika50013 checks
*** TURN *** [Kh 7d 4h][5c]
_SKR checks
pika50013 checks
*** RIVER *** [Kh 7d 4h 5c][Ts]
_SKR checks
pika50013 checks
*** SHOW DOWN ***
pika50013 shows [2h As] (High card : Ace)
_SKR shows [Ad Js] (High card : Ace)
_SKR collected 80 from pot
*** SUMMARY ***
Total pot 80 | No rake
Board: [Kh 7d 4h 5c Ts]
Seat 1: pika50013 (big blind) showed [2h As] and lost with High card : Ace
Seat 3: _SKR (small blind) showed [Ad Js] and won 80 with High card : Ace


Winamax Poker - Tournament "Expresso Nitro" buyIn: 1.86€ + 0.14€ level: 1 - HandId: #2696836091444461569-2-1675100042 - Holdem no limit (10/20) - 2023/01/30 17:34:02 UTC
Table: 'Expresso Nitro(627906083)#0' 3-max (real money) Seat #3 is the button
Seat 1: pika50013 (260)
Seat 2: roemje1620 (300)
Seat 3: _SKR (340)
*** ANTE/BLINDS ***
pika50013 posts small blind 10
roemje1620 posts big blind 20
Dealt to _SKR [3s 4s]
*** PRE-FLOP *** 
_SKR folds
pika50013 folds
roemje1620 collected 30 from pot
*** SUMMARY ***
Total pot 30 | No rake
Seat 2: roemje1620 (big blind) won 30


Winamax Poker - Tournament "Expresso Nitro" buyIn: 1.86€ + 0.14€ level: 1 - HandId: #2696836091444461569-3-1675100047 - Holdem no limit (10/20) - 2023/01/30 17:34:07 UTC
Table: 'Expresso Nitro(627906083)#0' 3-max (real money) Seat #1 is the button
Seat 1: pika50013 (250)
Seat 2: roemje1620 (310)
Seat 3: _SKR (340)
*** ANTE/BLINDS ***
roemje1620 posts small blind 10
_SKR posts big blind 20
Dealt to _SKR [9d 6c]
*** PRE-FLOP *** 
pika50013 raises 230 to 250 and is all-in
roemje1620 raises 60 to 310 and is all-in
_SKR folds
*** FLOP *** [4h 8s Ks]
*** TURN *** [4h 8s Ks][Jh]
*** RIVER *** [4h 8s Ks Jh][7s]
*** SHOW DOWN ***
pika50013 shows [5c 5s] (One pair : 5)
roemje1620 shows [Kd Jd] (Two pairs : Kings and Jacks)
roemje1620 collected 580 from pot
*** SUMMARY ***
Total pot 580 | No rake
Board: [4h 8s Ks Jh 7s]
Seat 1: pika50013 (button) showed [5c 5s] and lost with One pair : 5
Seat 2: roemje1620 (small blind) showed [Kd Jd] and won 580 with Two pairs : Kings and Jacks


Winamax Poker - Tournament "Expresso Nitro" buyIn: 1.86€ + 0.14€ level: 2 - HandId: #2696836091444461569-4-1675100070 - Holdem no limit (15/30) - 2023/01/30 17:34:30 UTC
Table: 'Expresso Nitro(627906083)#0' 3-max (real money) Seat #3 is the button
Seat 2: roemje1620 (580)
Seat 3: _SKR (320)
*** ANTE/BLINDS ***
_SKR posts small blind 15
roemje1620 posts big blind 30
Dealt to _SKR [7h 4c]
*** PRE-FLOP *** 
_SKR folds
roemje1620 collected 45 from pot
*** SUMMARY ***
Total pot 45 | No rake
Seat 2: roemje1620 (big blind) won 45


Winamax Poker - Tournament "Expresso Nitro" buyIn: 1.86€ + 0.14€ level: 2 - HandId: #2696836091444461569-5-1675100074 - Holdem no limit (15/30) - 2023/01/30 17:34:34 UTC
Table: 'Expresso Nitro(627906083)#0' 3-max (real money) Seat #2 is the button
Seat 2: roemje1620 (595)
Seat 3: _SKR (305)
*** ANTE/BLINDS ***
roemje1620 posts small blind 15
_SKR posts big blind 30
Dealt to _SKR [4s 6d]
*** PRE-FLOP *** 
roemje1620 raises 45 to 75
_SKR folds
roemje1620 collected 105 from pot
*** SUMMARY ***
Total pot 105 | No rake
Seat 2: roemje1620 (small blind) (button) won 105


Winamax Poker - Tournament "Expresso Nitro" buyIn: 1.86€ + 0.14€ level: 2 - HandId: #2696836091444461569-6-1675100082 - Holdem no limit (15/30) - 2023/01/30 17:34:42 UTC
Table: 'Expresso Nitro(627906083)#0' 3-max (real money) Seat #3 is the button
Seat 2: roemje1620 (625)
Seat 3: _SKR (275)
*** ANTE/BLINDS ***
_SKR posts small blind 15
roemje1620 posts big blind 30
Dealt to _SKR [Kc Qs]
*** PRE-FLOP *** 
_SKR raises 245 to 275 and is all-in
roemje1620 folds
_SKR collected 305 from pot
*** SUMMARY ***
Total pot 305 | No rake
Seat 3: _SKR (small blind) (button) won 305


Winamax Poker - Tournament "Expresso Nitro" buyIn: 1.86€ + 0.14€ level: 2 - HandId: #2696836091444461569-7-1675100104 - Holdem no limit (15/30) - 2023/01/30 17:35:04 UTC
Table: 'Expresso Nitro(627906083)#0' 3-max (real money) Seat #2 is the button
Seat 2: roemje1620 (595)
Seat 3: _SKR (305)
*** ANTE/BLINDS ***
roemje1620 posts small blind 15
_SKR posts big blind 30
Dealt to _SKR [Ah 2c]
*** PRE-FLOP *** 
roemje1620 raises 565 to 595 and is all-in
_SKR calls 275 and is all-in
*** FLOP *** [2s 5h 4c]
*** TURN *** [2s 5h 4c][4s]
*** RIVER *** [2s 5h 4c 4s][Qs]
*** SHOW DOWN ***
_SKR shows [Ah 2c] (Two pairs : 4 and 2)
roemje1620 shows [Js 9s] (Flush Queen high)
roemje1620 collected 900 from pot
*** SUMMARY ***
Total pot 900 | No rake
Board: [2s 5h 4c 4s Qs]
Seat 2: roemje1620 (small blind) (button) showed [Js 9s] and won 900 with Flush Queen high
Seat 3: _SKR (big blind) showed [Ah 2c] and lost with Two pairs : 4 and 2


