Winamax Poker - Tournament "Expresso Nitro" buyIn: 0.93€ + 0.07€ level: 1 - HandId: #2717568349553819649-1-1676227264 - Holdem no limit (10/20) - 2023/02/12 18:41:04 UTC
Table: 'Expresso Nitro(632733188)#0' 3-max (real money) Seat #1 is the button
Seat 1: _SKR (300)
Seat 2: 3Soles (300)
Seat 3: sommati38 (300)
*** ANTE/BLINDS ***
3Soles posts small blind 10
sommati38 posts big blind 20
Dealt to _SKR [Qh 9c]
*** PRE-FLOP *** 
_SKR folds
3Soles raises 280 to 300 and is all-in
sommati38 folds
3Soles collected 320 from pot
*** SUMMARY ***
Total pot 320 | No rake
Seat 2: 3Soles (small blind) won 320


Winamax Poker - Tournament "Expresso Nitro" buyIn: 0.93€ + 0.07€ level: 1 - HandId: #2717568349553819649-2-1676227274 - Holdem no limit (10/20) - 2023/02/12 18:41:14 UTC
Table: 'Expresso Nitro(632733188)#0' 3-max (real money) Seat #2 is the button
Seat 1: _SKR (300)
Seat 2: 3Soles (320)
Seat 3: sommati38 (280)
*** ANTE/BLINDS ***
sommati38 posts small blind 10
_SKR posts big blind 20
Dealt to _SKR [7s 6h]
*** PRE-FLOP *** 
3Soles raises 300 to 320 and is all-in
sommati38 folds
_SKR folds
3Soles collected 350 from pot
*** SUMMARY ***
Total pot 350 | No rake
Seat 2: 3Soles (button) won 350


Winamax Poker - Tournament "Expresso Nitro" buyIn: 0.93€ + 0.07€ level: 1 - HandId: #2717568349553819649-3-1676227290 - Holdem no limit (10/20) - 2023/02/12 18:41:30 UTC
Table: 'Expresso Nitro(632733188)#0' 3-max (real money) Seat #3 is the button
Seat 1: _SKR (280)
Seat 2: 3Soles (350)
Seat 3: sommati38 (270)
*** ANTE/BLINDS ***
_SKR posts small blind 10
3Soles posts big blind 20
Dealt to _SKR [9s 5c]
*** PRE-FLOP *** 
sommati38 folds
_SKR folds
3Soles collected 30 from pot
*** SUMMARY ***
Total pot 30 | No rake
Seat 2: 3Soles (big blind) won 30


Winamax Poker - Tournament "Expresso Nitro" buyIn: 0.93€ + 0.07€ level: 1 - HandId: #2717568349553819649-4-1676227297 - Holdem no limit (10/20) - 2023/02/12 18:41:37 UTC
Table: 'Expresso Nitro(632733188)#0' 3-max (real money) Seat #1 is the button
Seat 1: _SKR (270)
Seat 2: 3Soles (360)
Seat 3: sommati38 (270)
*** ANTE/BLINDS ***
3Soles posts small blind 10
sommati38 posts big blind 20
Dealt to _SKR [6s 7d]
*** PRE-FLOP *** 
_SKR folds
3Soles raises 340 to 360 and is all-in
sommati38 folds
3Soles collected 380 from pot
*** SUMMARY ***
Total pot 380 | No rake
Seat 2: 3Soles (small blind) won 380


Winamax Poker - Tournament "Expresso Nitro" buyIn: 0.93€ + 0.07€ level: 1 - HandId: #2717568349553819649-5-1676227305 - Holdem no limit (10/20) - 2023/02/12 18:41:45 UTC
Table: 'Expresso Nitro(632733188)#0' 3-max (real money) Seat #2 is the button
Seat 1: _SKR (270)
Seat 2: 3Soles (380)
Seat 3: sommati38 (250)
*** ANTE/BLINDS ***
sommati38 posts small blind 10
_SKR posts big blind 20
Dealt to _SKR [7s 5c]
*** PRE-FLOP *** 
3Soles raises 360 to 380 and is all-in
sommati38 calls 240 and is all-in
_SKR folds
*** FLOP *** [4d 7h 2s]
*** TURN *** [4d 7h 2s][Kh]
*** RIVER *** [4d 7h 2s Kh][Qs]
*** SHOW DOWN ***
sommati38 shows [Ah 6s] (High card : Ace)
3Soles shows [Ad Ts] (High card : Ace)
3Soles collected 650 from pot
*** SUMMARY ***
Total pot 650 | No rake
Board: [4d 7h 2s Kh Qs]
Seat 2: 3Soles (button) showed [Ad Ts] and won 650 with High card : Ace
Seat 3: sommati38 (small blind) showed [Ah 6s] and lost with High card : Ace


Winamax Poker - Tournament "Expresso Nitro" buyIn: 0.93€ + 0.07€ level: 2 - HandId: #2717568349553819649-6-1676227320 - Holdem no limit (15/30) - 2023/02/12 18:42:00 UTC
Table: 'Expresso Nitro(632733188)#0' 3-max (real money) Seat #1 is the button
Seat 1: _SKR (250)
Seat 2: 3Soles (650)
*** ANTE/BLINDS ***
_SKR posts small blind 15
3Soles posts big blind 30
Dealt to _SKR [7s 2d]
*** PRE-FLOP *** 
_SKR folds
3Soles collected 45 from pot
*** SUMMARY ***
Total pot 45 | No rake
Seat 2: 3Soles (big blind) won 45


Winamax Poker - Tournament "Expresso Nitro" buyIn: 0.93€ + 0.07€ level: 2 - HandId: #2717568349553819649-7-1676227324 - Holdem no limit (15/30) - 2023/02/12 18:42:04 UTC
Table: 'Expresso Nitro(632733188)#0' 3-max (real money) Seat #2 is the button
Seat 1: _SKR (235)
Seat 2: 3Soles (665)
*** ANTE/BLINDS ***
3Soles posts small blind 15
_SKR posts big blind 30
Dealt to _SKR [7d 3h]
*** PRE-FLOP *** 
3Soles raises 635 to 665 and is all-in
_SKR folds
3Soles collected 695 from pot
*** SUMMARY ***
Total pot 695 | No rake
Seat 2: 3Soles (small blind) (button) won 695


Winamax Poker - Tournament "Expresso Nitro" buyIn: 0.93€ + 0.07€ level: 2 - HandId: #2717568349553819649-8-1676227330 - Holdem no limit (15/30) - 2023/02/12 18:42:10 UTC
Table: 'Expresso Nitro(632733188)#0' 3-max (real money) Seat #1 is the button
Seat 1: _SKR (205)
Seat 2: 3Soles (695)
*** ANTE/BLINDS ***
_SKR posts small blind 15
3Soles posts big blind 30
Dealt to _SKR [5c 7d]
*** PRE-FLOP *** 
_SKR folds
3Soles collected 45 from pot
*** SUMMARY ***
Total pot 45 | No rake
Seat 2: 3Soles (big blind) won 45


Winamax Poker - Tournament "Expresso Nitro" buyIn: 0.93€ + 0.07€ level: 2 - HandId: #2717568349553819649-9-1676227334 - Holdem no limit (15/30) - 2023/02/12 18:42:14 UTC
Table: 'Expresso Nitro(632733188)#0' 3-max (real money) Seat #2 is the button
Seat 1: _SKR (190)
Seat 2: 3Soles (710)
*** ANTE/BLINDS ***
3Soles posts small blind 15
_SKR posts big blind 30
Dealt to _SKR [4c 2h]
*** PRE-FLOP *** 
3Soles raises 60 to 90
_SKR folds
3Soles collected 120 from pot
*** SUMMARY ***
Total pot 120 | No rake
Seat 2: 3Soles (small blind) (button) won 120


Winamax Poker - Tournament "Expresso Nitro" buyIn: 0.93€ + 0.07€ level: 2 - HandId: #2717568349553819649-10-1676227340 - Holdem no limit (15/30) - 2023/02/12 18:42:20 UTC
Table: 'Expresso Nitro(632733188)#0' 3-max (real money) Seat #1 is the button
Seat 1: _SKR (160)
Seat 2: 3Soles (740)
*** ANTE/BLINDS ***
_SKR posts small blind 15
3Soles posts big blind 30
Dealt to _SKR [6c Qh]
*** PRE-FLOP *** 
_SKR raises 130 to 160 and is all-in
3Soles calls 130
*** FLOP *** [Qd Qc Jd]
*** TURN *** [Qd Qc Jd][Ks]
*** RIVER *** [Qd Qc Jd Ks][5s]
*** SHOW DOWN ***
3Soles shows [2s Kd] (Two pairs : Kings and Queens)
_SKR shows [6c Qh] (Trips of Queens)
_SKR collected 320 from pot
*** SUMMARY ***
Total pot 320 | No rake
Board: [Qd Qc Jd Ks 5s]
Seat 1: _SKR (small blind) (button) showed [6c Qh] and won 320 with Trips of Queens
Seat 2: 3Soles (big blind) showed [2s Kd] and lost with Two pairs : Kings and Queens


Winamax Poker - Tournament "Expresso Nitro" buyIn: 0.93€ + 0.07€ level: 2 - HandId: #2717568349553819649-11-1676227355 - Holdem no limit (15/30) - 2023/02/12 18:42:35 UTC
Table: 'Expresso Nitro(632733188)#0' 3-max (real money) Seat #2 is the button
Seat 1: _SKR (320)
Seat 2: 3Soles (580)
*** ANTE/BLINDS ***
3Soles posts small blind 15
_SKR posts big blind 30
Dealt to _SKR [Ks Kc]
*** PRE-FLOP *** 
3Soles calls 15
_SKR raises 45 to 75
3Soles calls 45
*** FLOP *** [5c Td Jd]
_SKR bets 75
3Soles raises 430 to 505 and is all-in
_SKR calls 170 and is all-in
*** TURN *** [5c Td Jd][8h]
*** RIVER *** [5c Td Jd 8h][3d]
*** SHOW DOWN ***
_SKR shows [Ks Kc] (One pair : Kings)
3Soles shows [Tc 9s] (One pair : Tens)
3Soles collected 260 from side pot 1
_SKR collected 640 from main pot
*** SUMMARY ***
Total pot 900 | No rake
Board: [5c Td Jd 8h 3d]
Seat 1: _SKR (big blind) showed [Ks Kc] and won 640 with One pair : Kings
Seat 2: 3Soles (small blind) (button) showed [Tc 9s] and won 260 with One pair : Tens


Winamax Poker - Tournament "Expresso Nitro" buyIn: 0.93€ + 0.07€ level: 2 - HandId: #2717568349553819649-12-1676227379 - Holdem no limit (15/30) - 2023/02/12 18:42:59 UTC
Table: 'Expresso Nitro(632733188)#0' 3-max (real money) Seat #1 is the button
Seat 1: _SKR (640)
Seat 2: 3Soles (260)
*** ANTE/BLINDS ***
_SKR posts small blind 15
3Soles posts big blind 30
Dealt to _SKR [4d 6d]
*** PRE-FLOP *** 
_SKR folds
3Soles collected 45 from pot
*** SUMMARY ***
Total pot 45 | No rake
Seat 2: 3Soles (big blind) won 45


Winamax Poker - Tournament "Expresso Nitro" buyIn: 0.93€ + 0.07€ level: 3 - HandId: #2717568349553819649-13-1676227383 - Holdem no limit (20/40) - 2023/02/12 18:43:03 UTC
Table: 'Expresso Nitro(632733188)#0' 3-max (real money) Seat #2 is the button
Seat 1: _SKR (625)
Seat 2: 3Soles (275)
*** ANTE/BLINDS ***
3Soles posts small blind 20
_SKR posts big blind 40
Dealt to _SKR [2d Td]
*** PRE-FLOP *** 
3Soles folds
_SKR collected 60 from pot
*** SUMMARY ***
Total pot 60 | No rake
Seat 1: _SKR (big blind) won 60


Winamax Poker - Tournament "Expresso Nitro" buyIn: 0.93€ + 0.07€ level: 3 - HandId: #2717568349553819649-14-1676227388 - Holdem no limit (20/40) - 2023/02/12 18:43:08 UTC
Table: 'Expresso Nitro(632733188)#0' 3-max (real money) Seat #1 is the button
Seat 1: _SKR (645)
Seat 2: 3Soles (255)
*** ANTE/BLINDS ***
_SKR posts small blind 20
3Soles posts big blind 40
Dealt to _SKR [2c 6s]
*** PRE-FLOP *** 
_SKR folds
3Soles collected 60 from pot
*** SUMMARY ***
Total pot 60 | No rake
Seat 2: 3Soles (big blind) won 60


Winamax Poker - Tournament "Expresso Nitro" buyIn: 0.93€ + 0.07€ level: 3 - HandId: #2717568349553819649-15-1676227394 - Holdem no limit (20/40) - 2023/02/12 18:43:14 UTC
Table: 'Expresso Nitro(632733188)#0' 3-max (real money) Seat #2 is the button
Seat 1: _SKR (625)
Seat 2: 3Soles (275)
*** ANTE/BLINDS ***
3Soles posts small blind 20
_SKR posts big blind 40
Dealt to _SKR [Ks Qh]
*** PRE-FLOP *** 
3Soles raises 235 to 275 and is all-in
_SKR calls 235
*** FLOP *** [5d 5h 3d]
*** TURN *** [5d 5h 3d][6c]
*** RIVER *** [5d 5h 3d 6c][Kd]
*** SHOW DOWN ***
3Soles shows [Jd 9c] (One pair : 5)
_SKR shows [Ks Qh] (Two pairs : Kings and 5)
_SKR collected 550 from pot
*** SUMMARY ***
Total pot 550 | No rake
Board: [5d 5h 3d 6c Kd]
Seat 1: _SKR (big blind) showed [Ks Qh] and won 550 with Two pairs : Kings and 5
Seat 2: 3Soles (small blind) (button) showed [Jd 9c] and lost with One pair : 5


