Winamax Poker - Tournament "Expresso Nitro" buyIn: 1.86€ + 0.14€ level: 1 - HandId: #2698234240738263041-1-1675186698 - Holdem no limit (10/20) - 2023/01/31 17:38:18 UTC
Table: 'Expresso Nitro(628231615)#0' 3-max (real money) Seat #1 is the button
Seat 1: _SKR (300)
Seat 2: Vnik (300)
Seat 3: Juliomad375 (300)
*** ANTE/BLINDS ***
Vnik posts small blind 10
Juliomad375 posts big blind 20
Dealt to _SKR [As Ks]
*** PRE-FLOP *** 
_SKR raises 20 to 40
Vnik raises 260 to 300 and is all-in
Juliomad375 folds
_SKR calls 260 and is all-in
*** FLOP *** [7s Td Ac]
*** TURN *** [7s Td Ac][9h]
*** RIVER *** [7s Td Ac 9h][6d]
*** SHOW DOWN ***
Vnik shows [Kh Qd] (High card : Ace)
_SKR shows [As Ks] (One pair : Aces)
_SKR collected 620 from pot
*** SUMMARY ***
Total pot 620 | No rake
Board: [7s Td Ac 9h 6d]
Seat 1: _SKR (button) showed [As Ks] and won 620 with One pair : Aces
Seat 2: Vnik (small blind) showed [Kh Qd] and lost with High card : Ace


Winamax Poker - Tournament "Expresso Nitro" buyIn: 1.86€ + 0.14€ level: 1 - HandId: #2698234240738263041-2-1675186715 - Holdem no limit (10/20) - 2023/01/31 17:38:35 UTC
Table: 'Expresso Nitro(628231615)#0' 3-max (real money) Seat #3 is the button
Seat 1: _SKR (620)
Seat 3: Juliomad375 (280)
*** ANTE/BLINDS ***
Juliomad375 posts small blind 10
_SKR posts big blind 20
Dealt to _SKR [2s 7c]
*** PRE-FLOP *** 
Juliomad375 calls 10
_SKR checks
*** FLOP *** [2d 6s Jd]
_SKR checks
Juliomad375 bets 26
_SKR calls 26
*** TURN *** [2d 6s Jd][8s]
_SKR checks
Juliomad375 bets 20
_SKR folds
Juliomad375 collected 112 from pot
*** SUMMARY ***
Total pot 112 | No rake
Board: [2d 6s Jd 8s]
Seat 3: Juliomad375 (small blind) (button) won 112


Winamax Poker - Tournament "Expresso Nitro" buyIn: 1.86€ + 0.14€ level: 1 - HandId: #2698234240738263041-3-1675186744 - Holdem no limit (10/20) - 2023/01/31 17:39:04 UTC
Table: 'Expresso Nitro(628231615)#0' 3-max (real money) Seat #1 is the button
Seat 1: _SKR (574)
Seat 3: Juliomad375 (326)
*** ANTE/BLINDS ***
_SKR posts small blind 10
Juliomad375 posts big blind 20
Dealt to _SKR [Qd 2d]
*** PRE-FLOP *** 
_SKR raises 20 to 40
Juliomad375 folds
_SKR collected 60 from pot
*** SUMMARY ***
Total pot 60 | No rake
Seat 1: _SKR (small blind) (button) won 60


Winamax Poker - Tournament "Expresso Nitro" buyIn: 1.86€ + 0.14€ level: 1 - HandId: #2698234240738263041-4-1675186752 - Holdem no limit (10/20) - 2023/01/31 17:39:12 UTC
Table: 'Expresso Nitro(628231615)#0' 3-max (real money) Seat #3 is the button
Seat 1: _SKR (594)
Seat 3: Juliomad375 (306)
*** ANTE/BLINDS ***
Juliomad375 posts small blind 10
_SKR posts big blind 20
Dealt to _SKR [Qh Jd]
*** PRE-FLOP *** 
Juliomad375 calls 10
_SKR raises 574 to 594 and is all-in
Juliomad375 folds
_SKR collected 614 from pot
*** SUMMARY ***
Total pot 614 | No rake
Seat 1: _SKR (big blind) won 614


Winamax Poker - Tournament "Expresso Nitro" buyIn: 1.86€ + 0.14€ level: 2 - HandId: #2698234240738263041-5-1675186759 - Holdem no limit (15/30) - 2023/01/31 17:39:19 UTC
Table: 'Expresso Nitro(628231615)#0' 3-max (real money) Seat #1 is the button
Seat 1: _SKR (614)
Seat 3: Juliomad375 (286)
*** ANTE/BLINDS ***
_SKR posts small blind 15
Juliomad375 posts big blind 30
Dealt to _SKR [3c 9d]
*** PRE-FLOP *** 
_SKR folds
Juliomad375 collected 45 from pot
*** SUMMARY ***
Total pot 45 | No rake
Seat 3: Juliomad375 (big blind) won 45


Winamax Poker - Tournament "Expresso Nitro" buyIn: 1.86€ + 0.14€ level: 2 - HandId: #2698234240738263041-6-1675186762 - Holdem no limit (15/30) - 2023/01/31 17:39:22 UTC
Table: 'Expresso Nitro(628231615)#0' 3-max (real money) Seat #3 is the button
Seat 1: _SKR (599)
Seat 3: Juliomad375 (301)
*** ANTE/BLINDS ***
Juliomad375 posts small blind 15
_SKR posts big blind 30
Dealt to _SKR [Kd Th]
*** PRE-FLOP *** 
Juliomad375 calls 15
_SKR raises 569 to 599 and is all-in
Juliomad375 folds
_SKR collected 629 from pot
*** SUMMARY ***
Total pot 629 | No rake
Seat 1: _SKR (big blind) won 629


Winamax Poker - Tournament "Expresso Nitro" buyIn: 1.86€ + 0.14€ level: 2 - HandId: #2698234240738263041-7-1675186776 - Holdem no limit (15/30) - 2023/01/31 17:39:36 UTC
Table: 'Expresso Nitro(628231615)#0' 3-max (real money) Seat #1 is the button
Seat 1: _SKR (629)
Seat 3: Juliomad375 (271)
*** ANTE/BLINDS ***
_SKR posts small blind 15
Juliomad375 posts big blind 30
Dealt to _SKR [6d 9s]
*** PRE-FLOP *** 
_SKR folds
Juliomad375 collected 45 from pot
*** SUMMARY ***
Total pot 45 | No rake
Seat 3: Juliomad375 (big blind) won 45


Winamax Poker - Tournament "Expresso Nitro" buyIn: 1.86€ + 0.14€ level: 2 - HandId: #2698234240738263041-8-1675186780 - Holdem no limit (15/30) - 2023/01/31 17:39:40 UTC
Table: 'Expresso Nitro(628231615)#0' 3-max (real money) Seat #3 is the button
Seat 1: _SKR (614)
Seat 3: Juliomad375 (286)
*** ANTE/BLINDS ***
Juliomad375 posts small blind 15
_SKR posts big blind 30
Dealt to _SKR [9h 7h]
*** PRE-FLOP *** 
Juliomad375 calls 15
_SKR raises 584 to 614 and is all-in
Juliomad375 calls 256 and is all-in
*** FLOP *** [8h As 7c]
*** TURN *** [8h As 7c][Jc]
*** RIVER *** [8h As 7c Jc][5s]
*** SHOW DOWN ***
_SKR shows [9h 7h] (One pair : 7)
Juliomad375 shows [Ad 2d] (One pair : Aces)
Juliomad375 collected 572 from main pot
_SKR collected 328 from side pot 1
*** SUMMARY ***
Total pot 900 | No rake
Board: [8h As 7c Jc 5s]
Seat 1: _SKR (big blind) showed [9h 7h] and won 328 with One pair : 7
Seat 3: Juliomad375 (small blind) (button) showed [Ad 2d] and won 572 with One pair : Aces


Winamax Poker - Tournament "Expresso Nitro" buyIn: 1.86€ + 0.14€ level: 2 - HandId: #2698234240738263041-9-1675186794 - Holdem no limit (15/30) - 2023/01/31 17:39:54 UTC
Table: 'Expresso Nitro(628231615)#0' 3-max (real money) Seat #1 is the button
Seat 1: _SKR (328)
Seat 3: Juliomad375 (572)
*** ANTE/BLINDS ***
_SKR posts small blind 15
Juliomad375 posts big blind 30
Dealt to _SKR [4c 2c]
*** PRE-FLOP *** 
_SKR folds
Juliomad375 collected 45 from pot
*** SUMMARY ***
Total pot 45 | No rake
Seat 3: Juliomad375 (big blind) won 45


Winamax Poker - Tournament "Expresso Nitro" buyIn: 1.86€ + 0.14€ level: 2 - HandId: #2698234240738263041-10-1675186798 - Holdem no limit (15/30) - 2023/01/31 17:39:58 UTC
Table: 'Expresso Nitro(628231615)#0' 3-max (real money) Seat #3 is the button
Seat 1: _SKR (313)
Seat 3: Juliomad375 (587)
*** ANTE/BLINDS ***
Juliomad375 posts small blind 15
_SKR posts big blind 30
Dealt to _SKR [Td 4h]
*** PRE-FLOP *** 
Juliomad375 calls 15
_SKR checks
*** FLOP *** [Jd Qd Kd]
_SKR checks
Juliomad375 bets 39
_SKR raises 244 to 283 and is all-in
Juliomad375 folds
_SKR collected 382 from pot
*** SUMMARY ***
Total pot 382 | No rake
Board: [Jd Qd Kd]
Seat 1: _SKR (big blind) won 382


Winamax Poker - Tournament "Expresso Nitro" buyIn: 1.86€ + 0.14€ level: 2 - HandId: #2698234240738263041-11-1675186813 - Holdem no limit (15/30) - 2023/01/31 17:40:13 UTC
Table: 'Expresso Nitro(628231615)#0' 3-max (real money) Seat #1 is the button
Seat 1: _SKR (382)
Seat 3: Juliomad375 (518)
*** ANTE/BLINDS ***
_SKR posts small blind 15
Juliomad375 posts big blind 30
Dealt to _SKR [7c 8h]
*** PRE-FLOP *** 
_SKR folds
Juliomad375 collected 45 from pot
*** SUMMARY ***
Total pot 45 | No rake
Seat 3: Juliomad375 (big blind) won 45


Winamax Poker - Tournament "Expresso Nitro" buyIn: 1.86€ + 0.14€ level: 3 - HandId: #2698234240738263041-12-1675186816 - Holdem no limit (20/40) - 2023/01/31 17:40:16 UTC
Table: 'Expresso Nitro(628231615)#0' 3-max (real money) Seat #3 is the button
Seat 1: _SKR (367)
Seat 3: Juliomad375 (533)
*** ANTE/BLINDS ***
Juliomad375 posts small blind 20
_SKR posts big blind 40
Dealt to _SKR [9d Kh]
*** PRE-FLOP *** 
Juliomad375 calls 20
_SKR raises 327 to 367 and is all-in
Juliomad375 raises 166 to 533 and is all-in
*** FLOP *** [5s 8d Ts]
*** TURN *** [5s 8d Ts][6d]
*** RIVER *** [5s 8d Ts 6d][Kc]
*** SHOW DOWN ***
_SKR shows [9d Kh] (One pair : Kings)
Juliomad375 shows [Ks Qc] (One pair : Kings)
Juliomad375 collected 900 from pot
*** SUMMARY ***
Total pot 900 | No rake
Board: [5s 8d Ts 6d Kc]
Seat 1: _SKR (big blind) showed [9d Kh] and lost with One pair : Kings
Seat 3: Juliomad375 (small blind) (button) showed [Ks Qc] and won 900 with One pair : Kings


