Winamax Poker - Tournament "Expresso Nitro" buyIn: 0.93€ + 0.07€ level: 1 - HandId: #2661423459023716353-1-1673012522 - Holdem no limit (10/20) - 2023/01/06 13:42:02 UTC
Table: 'Expresso Nitro(619660937)#0' 3-max (real money) Seat #2 is the button
Seat 1: ben4576 (300)
Seat 2: _SKR (300)
Seat 3: KENETO29 (300)
*** ANTE/BLINDS ***
KENETO29 posts small blind 10
ben4576 posts big blind 20
Dealt to _SKR [Ts 3d]
*** PRE-FLOP *** 
_SKR folds
KENETO29 folds
ben4576 collected 30 from pot
*** SUMMARY ***
Total pot 30 | No rake
Seat 1: ben4576 (big blind) won 30


Winamax Poker - Tournament "Expresso Nitro" buyIn: 0.93€ + 0.07€ level: 1 - HandId: #2661423459023716353-2-1673012528 - Holdem no limit (10/20) - 2023/01/06 13:42:08 UTC
Table: 'Expresso Nitro(619660937)#0' 3-max (real money) Seat #3 is the button
Seat 1: ben4576 (310)
Seat 2: _SKR (300)
Seat 3: KENETO29 (290)
*** ANTE/BLINDS ***
ben4576 posts small blind 10
_SKR posts big blind 20
Dealt to _SKR [8d 9h]
*** PRE-FLOP *** 
KENETO29 calls 20
ben4576 folds
_SKR checks
*** FLOP *** [As 2d 6d]
_SKR checks
KENETO29 checks
*** TURN *** [As 2d 6d][Ts]
_SKR checks
KENETO29 checks
*** RIVER *** [As 2d 6d Ts][6h]
_SKR bets 33
KENETO29 folds
_SKR collected 83 from pot
*** SUMMARY ***
Total pot 83 | No rake
Board: [As 2d 6d Ts 6h]
Seat 2: _SKR (big blind) won 83


Winamax Poker - Tournament "Expresso Nitro" buyIn: 0.93€ + 0.07€ level: 1 - HandId: #2661423459023716353-3-1673012553 - Holdem no limit (10/20) - 2023/01/06 13:42:33 UTC
Table: 'Expresso Nitro(619660937)#0' 3-max (real money) Seat #1 is the button
Seat 1: ben4576 (300)
Seat 2: _SKR (330)
Seat 3: KENETO29 (270)
*** ANTE/BLINDS ***
_SKR posts small blind 10
KENETO29 posts big blind 20
Dealt to _SKR [Jc 2h]
*** PRE-FLOP *** 
ben4576 folds
_SKR calls 10
KENETO29 checks
*** FLOP *** [8c Tc Ad]
_SKR checks
KENETO29 checks
*** TURN *** [8c Tc Ad][8h]
_SKR checks
KENETO29 bets 40
_SKR folds
KENETO29 collected 80 from pot
*** SUMMARY ***
Total pot 80 | No rake
Board: [8c Tc Ad 8h]
Seat 3: KENETO29 (big blind) won 80


Winamax Poker - Tournament "Expresso Nitro" buyIn: 0.93€ + 0.07€ level: 1 - HandId: #2661423459023716353-4-1673012574 - Holdem no limit (10/20) - 2023/01/06 13:42:54 UTC
Table: 'Expresso Nitro(619660937)#0' 3-max (real money) Seat #2 is the button
Seat 1: ben4576 (300)
Seat 2: _SKR (310)
Seat 3: KENETO29 (290)
*** ANTE/BLINDS ***
KENETO29 posts small blind 10
ben4576 posts big blind 20
Dealt to _SKR [4h 5d]
*** PRE-FLOP *** 
_SKR folds
KENETO29 folds
ben4576 collected 30 from pot
*** SUMMARY ***
Total pot 30 | No rake
Seat 1: ben4576 (big blind) won 30


Winamax Poker - Tournament "Expresso Nitro" buyIn: 0.93€ + 0.07€ level: 2 - HandId: #2661423459023716353-5-1673012580 - Holdem no limit (15/30) - 2023/01/06 13:43:00 UTC
Table: 'Expresso Nitro(619660937)#0' 3-max (real money) Seat #3 is the button
Seat 1: ben4576 (310)
Seat 2: _SKR (310)
Seat 3: KENETO29 (280)
*** ANTE/BLINDS ***
ben4576 posts small blind 15
_SKR posts big blind 30
Dealt to _SKR [Kh Qh]
*** PRE-FLOP *** 
KENETO29 folds
ben4576 folds
_SKR collected 45 from pot
*** SUMMARY ***
Total pot 45 | No rake
Seat 2: _SKR (big blind) won 45


Winamax Poker - Tournament "Expresso Nitro" buyIn: 0.93€ + 0.07€ level: 2 - HandId: #2661423459023716353-6-1673012585 - Holdem no limit (15/30) - 2023/01/06 13:43:05 UTC
Table: 'Expresso Nitro(619660937)#0' 3-max (real money) Seat #1 is the button
Seat 1: ben4576 (295)
Seat 2: _SKR (325)
Seat 3: KENETO29 (280)
*** ANTE/BLINDS ***
_SKR posts small blind 15
KENETO29 posts big blind 30
Dealt to _SKR [Ac 9d]
*** PRE-FLOP *** 
ben4576 calls 30
_SKR raises 295 to 325 and is all-in
KENETO29 folds
ben4576 calls 265 and is all-in
*** FLOP *** [Kc 2h 3c]
*** TURN *** [Kc 2h 3c][Ad]
*** RIVER *** [Kc 2h 3c Ad][9h]
*** SHOW DOWN ***
ben4576 shows [Kd Kh] (Trips of Kings)
_SKR shows [Ac 9d] (Two pairs : Aces and 9)
_SKR collected 30 from side pot 1
ben4576 collected 620 from main pot
*** SUMMARY ***
Total pot 650 | No rake
Board: [Kc 2h 3c Ad 9h]
Seat 1: ben4576 (button) showed [Kd Kh] and won 620 with Trips of Kings
Seat 2: _SKR (small blind) showed [Ac 9d] and won 30 with Two pairs : Aces and 9


Winamax Poker - Tournament "Expresso Nitro" buyIn: 0.93€ + 0.07€ level: 2 - HandId: #2661423459023716353-7-1673012599 - Holdem no limit (15/30) - 2023/01/06 13:43:19 UTC
Table: 'Expresso Nitro(619660937)#0' 3-max (real money) Seat #2 is the button
Seat 1: ben4576 (620)
Seat 2: _SKR (30)
Seat 3: KENETO29 (250)
*** ANTE/BLINDS ***
KENETO29 posts small blind 15
ben4576 posts big blind 30
Dealt to _SKR [Td 5c]
*** PRE-FLOP *** 
_SKR calls 30 and is all-in
KENETO29 calls 15
ben4576 checks
*** FLOP *** [5h Ac 2d]
KENETO29 bets 30
ben4576 folds
*** TURN *** [5h Ac 2d][7d]
*** RIVER *** [5h Ac 2d 7d][Ks]
*** SHOW DOWN ***
_SKR shows [Td 5c] (One pair : 5)
KENETO29 shows [3h Ad] (One pair : Aces)
KENETO29 collected 120 from pot
*** SUMMARY ***
Total pot 120 | No rake
Board: [5h Ac 2d 7d Ks]
Seat 2: _SKR (button) showed [Td 5c] and lost with One pair : 5
Seat 3: KENETO29 (small blind) showed [3h Ad] and won 120 with One pair : Aces


