Winamax Poker - Tournament "Expresso Nitro" buyIn: 1.86€ + 0.14€ level: 1 - HandId: #2694781091327246337-1-1674956706 - Holdem no limit (10/20) - 2023/01/29 01:45:06 UTC
Table: 'Expresso Nitro(627427616)#0' 3-max (real money) Seat #3 is the button
Seat 1: Nahaa34 (300)
Seat 2: _SKR (300)
Seat 3: shagyy_90 (300)
*** ANTE/BLINDS ***
Nahaa34 posts small blind 10
_SKR posts big blind 20
Dealt to _SKR [Qh 2d]
*** PRE-FLOP *** 
shagyy_90 calls 20
Nahaa34 raises 20 to 40
_SKR folds
shagyy_90 calls 20
*** FLOP *** [6d 6h Tc]
Nahaa34 checks
shagyy_90 checks
*** TURN *** [6d 6h Tc][As]
Nahaa34 bets 35
shagyy_90 folds
Nahaa34 collected 135 from pot
*** SUMMARY ***
Total pot 135 | No rake
Board: [6d 6h Tc As]
Seat 1: Nahaa34 (small blind) won 135


Winamax Poker - Tournament "Expresso Nitro" buyIn: 1.86€ + 0.14€ level: 1 - HandId: #2694781091327246337-2-1674956754 - Holdem no limit (10/20) - 2023/01/29 01:45:54 UTC
Table: 'Expresso Nitro(627427616)#0' 3-max (real money) Seat #1 is the button
Seat 1: Nahaa34 (360)
Seat 2: _SKR (280)
Seat 3: shagyy_90 (260)
*** ANTE/BLINDS ***
_SKR posts small blind 10
shagyy_90 posts big blind 20
Dealt to _SKR [7s 8c]
*** PRE-FLOP *** 
Nahaa34 calls 20
_SKR folds
shagyy_90 checks
*** FLOP *** [Qs Kh Js]
shagyy_90 checks
Nahaa34 bets 20
shagyy_90 folds
Nahaa34 collected 70 from pot
*** SUMMARY ***
Total pot 70 | No rake
Board: [Qs Kh Js]
Seat 1: Nahaa34 (button) won 70


Winamax Poker - Tournament "Expresso Nitro" buyIn: 1.86€ + 0.14€ level: 2 - HandId: #2694781091327246337-3-1674956776 - Holdem no limit (15/30) - 2023/01/29 01:46:16 UTC
Table: 'Expresso Nitro(627427616)#0' 3-max (real money) Seat #2 is the button
Seat 1: Nahaa34 (390)
Seat 2: _SKR (270)
Seat 3: shagyy_90 (240)
*** ANTE/BLINDS ***
shagyy_90 posts small blind 15
Nahaa34 posts big blind 30
Dealt to _SKR [4d 6h]
*** PRE-FLOP *** 
_SKR folds
shagyy_90 calls 15
Nahaa34 checks
*** FLOP *** [3s 5h 3d]
shagyy_90 bets 39
Nahaa34 folds
shagyy_90 collected 99 from pot
*** SUMMARY ***
Total pot 99 | No rake
Board: [3s 5h 3d]
Seat 3: shagyy_90 (small blind) won 99


Winamax Poker - Tournament "Expresso Nitro" buyIn: 1.86€ + 0.14€ level: 2 - HandId: #2694781091327246337-4-1674956817 - Holdem no limit (15/30) - 2023/01/29 01:46:57 UTC
Table: 'Expresso Nitro(627427616)#0' 3-max (real money) Seat #3 is the button
Seat 1: Nahaa34 (360)
Seat 2: _SKR (270)
Seat 3: shagyy_90 (270)
*** ANTE/BLINDS ***
Nahaa34 posts small blind 15
_SKR posts big blind 30
Dealt to _SKR [3s Ts]
*** PRE-FLOP *** 
shagyy_90 folds
Nahaa34 folds
_SKR collected 45 from pot
*** SUMMARY ***
Total pot 45 | No rake
Seat 2: _SKR (big blind) won 45


Winamax Poker - Tournament "Expresso Nitro" buyIn: 1.86€ + 0.14€ level: 3 - HandId: #2694781091327246337-5-1674956825 - Holdem no limit (20/40) - 2023/01/29 01:47:05 UTC
Table: 'Expresso Nitro(627427616)#0' 3-max (real money) Seat #1 is the button
Seat 1: Nahaa34 (345)
Seat 2: _SKR (285)
Seat 3: shagyy_90 (270)
*** ANTE/BLINDS ***
_SKR posts small blind 20
shagyy_90 posts big blind 40
Dealt to _SKR [Jc 9h]
*** PRE-FLOP *** 
Nahaa34 folds
_SKR raises 245 to 285 and is all-in
shagyy_90 folds
_SKR collected 325 from pot
*** SUMMARY ***
Total pot 325 | No rake
Seat 2: _SKR (small blind) won 325


Winamax Poker - Tournament "Expresso Nitro" buyIn: 1.86€ + 0.14€ level: 3 - HandId: #2694781091327246337-6-1674956843 - Holdem no limit (20/40) - 2023/01/29 01:47:23 UTC
Table: 'Expresso Nitro(627427616)#0' 3-max (real money) Seat #2 is the button
Seat 1: Nahaa34 (345)
Seat 2: _SKR (325)
Seat 3: shagyy_90 (230)
*** ANTE/BLINDS ***
shagyy_90 posts small blind 20
Nahaa34 posts big blind 40
Dealt to _SKR [9h 8c]
*** PRE-FLOP *** 
_SKR folds
shagyy_90 raises 60 to 100
Nahaa34 calls 60
*** FLOP *** [Ts 4d 9c]
shagyy_90 bets 130 and is all-in
Nahaa34 calls 130
*** TURN *** [Ts 4d 9c][Kc]
*** RIVER *** [Ts 4d 9c Kc][7c]
*** SHOW DOWN ***
shagyy_90 shows [Qh Tc] (One pair : Tens)
Nahaa34 shows [Qc 3c] (Flush King high)
Nahaa34 collected 460 from pot
*** SUMMARY ***
Total pot 460 | No rake
Board: [Ts 4d 9c Kc 7c]
Seat 1: Nahaa34 (big blind) showed [Qc 3c] and won 460 with Flush King high
Seat 3: shagyy_90 (small blind) showed [Qh Tc] and lost with One pair : Tens


Winamax Poker - Tournament "Expresso Nitro" buyIn: 1.86€ + 0.14€ level: 3 - HandId: #2694781091327246337-7-1674956874 - Holdem no limit (20/40) - 2023/01/29 01:47:54 UTC
Table: 'Expresso Nitro(627427616)#0' 3-max (real money) Seat #1 is the button
Seat 1: Nahaa34 (575)
Seat 2: _SKR (325)
*** ANTE/BLINDS ***
Nahaa34 posts small blind 20
_SKR posts big blind 40
Dealt to _SKR [4c 3c]
*** PRE-FLOP *** 
Nahaa34 raises 60 to 100
_SKR folds
Nahaa34 collected 140 from pot
*** SUMMARY ***
Total pot 140 | No rake
Seat 1: Nahaa34 (small blind) (button) won 140


Winamax Poker - Tournament "Expresso Nitro" buyIn: 1.86€ + 0.14€ level: 4 - HandId: #2694781091327246337-8-1674956883 - Holdem no limit (30/60) - 2023/01/29 01:48:03 UTC
Table: 'Expresso Nitro(627427616)#0' 3-max (real money) Seat #2 is the button
Seat 1: Nahaa34 (615)
Seat 2: _SKR (285)
*** ANTE/BLINDS ***
_SKR posts small blind 30
Nahaa34 posts big blind 60
Dealt to _SKR [3s 2h]
*** PRE-FLOP *** 
_SKR folds
Nahaa34 collected 90 from pot
*** SUMMARY ***
Total pot 90 | No rake
Seat 1: Nahaa34 (big blind) won 90


Winamax Poker - Tournament "Expresso Nitro" buyIn: 1.86€ + 0.14€ level: 4 - HandId: #2694781091327246337-9-1674956887 - Holdem no limit (30/60) - 2023/01/29 01:48:07 UTC
Table: 'Expresso Nitro(627427616)#0' 3-max (real money) Seat #1 is the button
Seat 1: Nahaa34 (645)
Seat 2: _SKR (255)
*** ANTE/BLINDS ***
Nahaa34 posts small blind 30
_SKR posts big blind 60
Dealt to _SKR [5h Qd]
*** PRE-FLOP *** 
Nahaa34 folds
_SKR collected 90 from pot
*** SUMMARY ***
Total pot 90 | No rake
Seat 2: _SKR (big blind) won 90


Winamax Poker - Tournament "Expresso Nitro" buyIn: 1.86€ + 0.14€ level: 4 - HandId: #2694781091327246337-10-1674956894 - Holdem no limit (30/60) - 2023/01/29 01:48:14 UTC
Table: 'Expresso Nitro(627427616)#0' 3-max (real money) Seat #2 is the button
Seat 1: Nahaa34 (615)
Seat 2: _SKR (285)
*** ANTE/BLINDS ***
_SKR posts small blind 30
Nahaa34 posts big blind 60
Dealt to _SKR [7d 4d]
*** PRE-FLOP *** 
_SKR folds
Nahaa34 collected 90 from pot
*** SUMMARY ***
Total pot 90 | No rake
Seat 1: Nahaa34 (big blind) won 90


Winamax Poker - Tournament "Expresso Nitro" buyIn: 1.86€ + 0.14€ level: 4 - HandId: #2694781091327246337-11-1674956898 - Holdem no limit (30/60) - 2023/01/29 01:48:18 UTC
Table: 'Expresso Nitro(627427616)#0' 3-max (real money) Seat #1 is the button
Seat 1: Nahaa34 (645)
Seat 2: _SKR (255)
*** ANTE/BLINDS ***
Nahaa34 posts small blind 30
_SKR posts big blind 60
Dealt to _SKR [Js 2c]
*** PRE-FLOP *** 
Nahaa34 folds
_SKR collected 90 from pot
*** SUMMARY ***
Total pot 90 | No rake
Seat 2: _SKR (big blind) won 90


Winamax Poker - Tournament "Expresso Nitro" buyIn: 1.86€ + 0.14€ level: 4 - HandId: #2694781091327246337-12-1674956912 - Holdem no limit (30/60) - 2023/01/29 01:48:32 UTC
Table: 'Expresso Nitro(627427616)#0' 3-max (real money) Seat #2 is the button
Seat 1: Nahaa34 (615)
Seat 2: _SKR (285)
*** ANTE/BLINDS ***
_SKR posts small blind 30
Nahaa34 posts big blind 60
Dealt to _SKR [4c Td]
*** PRE-FLOP *** 
_SKR raises 60 to 120
Nahaa34 raises 60 to 180
_SKR raises 60 to 240
Nahaa34 raises 375 to 615 and is all-in
_SKR calls 45 and is all-in
*** FLOP *** [7s Ac 3d]
*** TURN *** [7s Ac 3d][Js]
*** RIVER *** [7s Ac 3d Js][7d]
*** SHOW DOWN ***
_SKR shows [4c Td] (One pair : 7)
Nahaa34 shows [Ad 9s] (Two pairs : Aces and 7)
Nahaa34 collected 900 from pot
*** SUMMARY ***
Total pot 900 | No rake
Board: [7s Ac 3d Js 7d]
Seat 1: Nahaa34 (big blind) showed [Ad 9s] and won 900 with Two pairs : Aces and 7
Seat 2: _SKR (small blind) (button) showed [4c Td] and lost with One pair : 7


