Winamax Poker - Tournament "Expresso Nitro" buyIn: 0.93€ + 0.07€ level: 1 - HandId: #2675083542379102209-1-1673743417 - Holdem no limit (10/20) - 2023/01/15 00:43:37 UTC
Table: 'Expresso Nitro(622841423)#0' 3-max (real money) Seat #2 is the button
Seat 1: Kemetic (300)
Seat 2: _SKR (300)
Seat 3: matoufdepoil (300)
*** ANTE/BLINDS ***
matoufdepoil posts small blind 10
Kemetic posts big blind 20
Dealt to _SKR [2s 4c]
*** PRE-FLOP *** 
_SKR folds
matoufdepoil calls 10
Kemetic checks
*** FLOP *** [Th 8c 3d]
matoufdepoil checks
Kemetic checks
*** TURN *** [Th 8c 3d][Kd]
matoufdepoil checks
Kemetic checks
*** RIVER *** [Th 8c 3d Kd][8d]
matoufdepoil checks
Kemetic bets 181
matoufdepoil calls 181
*** SHOW DOWN ***
matoufdepoil shows [3c 5c] (Two pairs : 8 and 3)
Kemetic shows [8h 9d] (Trips of 8)
Kemetic collected 402 from pot
*** SUMMARY ***
Total pot 402 | No rake
Board: [Th 8c 3d Kd 8d]
Seat 1: Kemetic (big blind) showed [8h 9d] and won 402 with Trips of 8
Seat 3: matoufdepoil (small blind) showed [3c 5c] and lost with Two pairs : 8 and 3


Winamax Poker - Tournament "Expresso Nitro" buyIn: 0.93€ + 0.07€ level: 2 - HandId: #2675083542379102209-2-1673743474 - Holdem no limit (15/30) - 2023/01/15 00:44:34 UTC
Table: 'Expresso Nitro(622841423)#0' 3-max (real money) Seat #3 is the button
Seat 1: Kemetic (501)
Seat 2: _SKR (300)
Seat 3: matoufdepoil (99)
*** ANTE/BLINDS ***
Kemetic posts small blind 15
_SKR posts big blind 30
Dealt to _SKR [Kh Kc]
*** PRE-FLOP *** 
matoufdepoil raises 69 to 99 and is all-in
Kemetic calls 84
_SKR raises 69 to 168
Kemetic calls 69
*** FLOP *** [7c 2h 7h]
Kemetic checks
_SKR bets 132 and is all-in
Kemetic calls 132
*** TURN *** [7c 2h 7h][9d]
*** RIVER *** [7c 2h 7h 9d][6d]
*** SHOW DOWN ***
Kemetic shows [As 5d] (One pair : 7)
_SKR shows [Kh Kc] (Two pairs : Kings and 7)
matoufdepoil shows [8h 7s] (Trips of 7)
matoufdepoil collected 297 from main pot
_SKR collected 402 from side pot 1
*** SUMMARY ***
Total pot 699 | No rake
Board: [7c 2h 7h 9d 6d]
Seat 1: Kemetic (small blind) showed [As 5d] and lost with One pair : 7
Seat 2: _SKR (big blind) showed [Kh Kc] and won 402 with Two pairs : Kings and 7
Seat 3: matoufdepoil (button) showed [8h 7s] and won 297 with Trips of 7


Winamax Poker - Tournament "Expresso Nitro" buyIn: 0.93€ + 0.07€ level: 2 - HandId: #2675083542379102209-3-1673743501 - Holdem no limit (15/30) - 2023/01/15 00:45:01 UTC
Table: 'Expresso Nitro(622841423)#0' 3-max (real money) Seat #1 is the button
Seat 1: Kemetic (201)
Seat 2: _SKR (402)
Seat 3: matoufdepoil (297)
*** ANTE/BLINDS ***
_SKR posts small blind 15
matoufdepoil posts big blind 30
Dealt to _SKR [Ts 8h]
*** PRE-FLOP *** 
Kemetic folds
_SKR folds
matoufdepoil collected 45 from pot
*** SUMMARY ***
Total pot 45 | No rake
Seat 3: matoufdepoil (big blind) won 45


Winamax Poker - Tournament "Expresso Nitro" buyIn: 0.93€ + 0.07€ level: 2 - HandId: #2675083542379102209-4-1673743506 - Holdem no limit (15/30) - 2023/01/15 00:45:06 UTC
Table: 'Expresso Nitro(622841423)#0' 3-max (real money) Seat #2 is the button
Seat 1: Kemetic (201)
Seat 2: _SKR (387)
Seat 3: matoufdepoil (312)
*** ANTE/BLINDS ***
matoufdepoil posts small blind 15
Kemetic posts big blind 30
Dealt to _SKR [Qc 8d]
*** PRE-FLOP *** 
_SKR folds
matoufdepoil raises 282 to 312 and is all-in
Kemetic folds
matoufdepoil collected 342 from pot
*** SUMMARY ***
Total pot 342 | No rake
Seat 3: matoufdepoil (small blind) won 342


Winamax Poker - Tournament "Expresso Nitro" buyIn: 0.93€ + 0.07€ level: 2 - HandId: #2675083542379102209-5-1673743516 - Holdem no limit (15/30) - 2023/01/15 00:45:16 UTC
Table: 'Expresso Nitro(622841423)#0' 3-max (real money) Seat #3 is the button
Seat 1: Kemetic (171)
Seat 2: _SKR (387)
Seat 3: matoufdepoil (342)
*** ANTE/BLINDS ***
Kemetic posts small blind 15
_SKR posts big blind 30
Dealt to _SKR [6h Js]
*** PRE-FLOP *** 
matoufdepoil calls 30
Kemetic raises 141 to 171 and is all-in
_SKR folds
matoufdepoil calls 141
*** FLOP *** [Jh 6d 9d]
*** TURN *** [Jh 6d 9d][Ts]
*** RIVER *** [Jh 6d 9d Ts][As]
*** SHOW DOWN ***
matoufdepoil shows [8s 9s] (One pair : 9)
Kemetic shows [Qs Ad] (One pair : Aces)
Kemetic collected 372 from pot
*** SUMMARY ***
Total pot 372 | No rake
Board: [Jh 6d 9d Ts As]
Seat 1: Kemetic (small blind) showed [Qs Ad] and won 372 with One pair : Aces
Seat 3: matoufdepoil (button) showed [8s 9s] and lost with One pair : 9


Winamax Poker - Tournament "Expresso Nitro" buyIn: 0.93€ + 0.07€ level: 3 - HandId: #2675083542379102209-6-1673743536 - Holdem no limit (20/40) - 2023/01/15 00:45:36 UTC
Table: 'Expresso Nitro(622841423)#0' 3-max (real money) Seat #1 is the button
Seat 1: Kemetic (372)
Seat 2: _SKR (357)
Seat 3: matoufdepoil (171)
*** ANTE/BLINDS ***
_SKR posts small blind 20
matoufdepoil posts big blind 40
Dealt to _SKR [9h Ks]
*** PRE-FLOP *** 
Kemetic folds
_SKR raises 317 to 357 and is all-in
matoufdepoil calls 131 and is all-in
*** FLOP *** [Qc 6s 8c]
*** TURN *** [Qc 6s 8c][Jd]
*** RIVER *** [Qc 6s 8c Jd][5h]
*** SHOW DOWN ***
_SKR shows [9h Ks] (High card : King)
matoufdepoil shows [Ah 9s] (High card : Ace)
matoufdepoil collected 342 from main pot
_SKR collected 186 from side pot 1
*** SUMMARY ***
Total pot 528 | No rake
Board: [Qc 6s 8c Jd 5h]
Seat 2: _SKR (small blind) showed [9h Ks] and won 186 with High card : King
Seat 3: matoufdepoil (big blind) showed [Ah 9s] and won 342 with High card : Ace


Winamax Poker - Tournament "Expresso Nitro" buyIn: 0.93€ + 0.07€ level: 3 - HandId: #2675083542379102209-7-1673743559 - Holdem no limit (20/40) - 2023/01/15 00:45:59 UTC
Table: 'Expresso Nitro(622841423)#0' 3-max (real money) Seat #2 is the button
Seat 1: Kemetic (372)
Seat 2: _SKR (186)
Seat 3: matoufdepoil (342)
*** ANTE/BLINDS ***
matoufdepoil posts small blind 20
Kemetic posts big blind 40
Dealt to _SKR [Ad 6h]
*** PRE-FLOP *** 
_SKR raises 146 to 186 and is all-in
matoufdepoil raises 156 to 342 and is all-in
Kemetic folds
*** FLOP *** [3d Td 9c]
*** TURN *** [3d Td 9c][Jd]
*** RIVER *** [3d Td 9c Jd][7h]
*** SHOW DOWN ***
_SKR shows [Ad 6h] (High card : Ace)
matoufdepoil shows [As Ac] (One pair : Aces)
matoufdepoil collected 568 from pot
*** SUMMARY ***
Total pot 568 | No rake
Board: [3d Td 9c Jd 7h]
Seat 2: _SKR (button) showed [Ad 6h] and lost with High card : Ace
Seat 3: matoufdepoil (small blind) showed [As Ac] and won 568 with One pair : Aces


