Winamax Poker - Tournament "Expresso Nitro" buyIn: 1.86€ + 0.14€ level: 1 - HandId: #2698105559223107585-1-1675180873 - Holdem no limit (10/20) - 2023/01/31 16:01:13 UTC
Table: 'Expresso Nitro(628201654)#0' 3-max (real money) Seat #1 is the button
Seat 1: _SKR (300)
Seat 2: Efficace 100 (300)
Seat 3: Vnik (300)
*** ANTE/BLINDS ***
Efficace 100 posts small blind 10
Vnik posts big blind 20
Dealt to _SKR [6d 2s]
*** PRE-FLOP *** 
_SKR folds
Efficace 100 folds
Vnik collected 30 from pot
*** SUMMARY ***
Total pot 30 | No rake
Seat 3: Vnik (big blind) won 30


Winamax Poker - Tournament "Expresso Nitro" buyIn: 1.86€ + 0.14€ level: 1 - HandId: #2698105559223107585-2-1675180879 - Holdem no limit (10/20) - 2023/01/31 16:01:19 UTC
Table: 'Expresso Nitro(628201654)#0' 3-max (real money) Seat #2 is the button
Seat 1: _SKR (300)
Seat 2: Efficace 100 (290)
Seat 3: Vnik (310)
*** ANTE/BLINDS ***
Vnik posts small blind 10
_SKR posts big blind 20
Dealt to _SKR [5s Th]
*** PRE-FLOP *** 
Efficace 100 folds
Vnik calls 10
_SKR checks
*** FLOP *** [Ac Ah 5c]
Vnik checks
_SKR checks
*** TURN *** [Ac Ah 5c][Kd]
Vnik checks
_SKR checks
*** RIVER *** [Ac Ah 5c Kd][4d]
Vnik checks
_SKR checks
*** SHOW DOWN ***
Vnik shows [9d 7h] (One pair : Aces)
_SKR shows [5s Th] (Two pairs : Aces and 5)
_SKR collected 40 from pot
*** SUMMARY ***
Total pot 40 | No rake
Board: [Ac Ah 5c Kd 4d]
Seat 1: _SKR (big blind) showed [5s Th] and won 40 with Two pairs : Aces and 5
Seat 3: Vnik (small blind) showed [9d 7h] and lost with One pair : Aces


Winamax Poker - Tournament "Expresso Nitro" buyIn: 1.86€ + 0.14€ level: 1 - HandId: #2698105559223107585-3-1675180919 - Holdem no limit (10/20) - 2023/01/31 16:01:59 UTC
Table: 'Expresso Nitro(628201654)#0' 3-max (real money) Seat #3 is the button
Seat 1: _SKR (320)
Seat 2: Efficace 100 (290)
Seat 3: Vnik (290)
*** ANTE/BLINDS ***
_SKR posts small blind 10
Efficace 100 posts big blind 20
Dealt to _SKR [9d 8c]
*** PRE-FLOP *** 
Vnik folds
_SKR calls 10
Efficace 100 checks
*** FLOP *** [7h 5d 3h]
_SKR checks
Efficace 100 checks
*** TURN *** [7h 5d 3h][4d]
_SKR checks
Efficace 100 checks
*** RIVER *** [7h 5d 3h 4d][3c]
_SKR checks
Efficace 100 checks
*** SHOW DOWN ***
_SKR shows [9d 8c] (One pair : 3)
Efficace 100 shows [Qs As] (One pair : 3)
Efficace 100 collected 40 from pot
*** SUMMARY ***
Total pot 40 | No rake
Board: [7h 5d 3h 4d 3c]
Seat 1: _SKR (small blind) showed [9d 8c] and lost with One pair : 3
Seat 2: Efficace 100 (big blind) showed [Qs As] and won 40 with One pair : 3


Winamax Poker - Tournament "Expresso Nitro" buyIn: 1.86€ + 0.14€ level: 2 - HandId: #2698105559223107585-4-1675180950 - Holdem no limit (15/30) - 2023/01/31 16:02:30 UTC
Table: 'Expresso Nitro(628201654)#0' 3-max (real money) Seat #1 is the button
Seat 1: _SKR (300)
Seat 2: Efficace 100 (310)
Seat 3: Vnik (290)
*** ANTE/BLINDS ***
Efficace 100 posts small blind 15
Vnik posts big blind 30
Dealt to _SKR [9s 6d]
*** PRE-FLOP *** 
_SKR folds
Efficace 100 calls 15
Vnik checks
*** FLOP *** [Th 5s Tc]
Efficace 100 bets 30
Vnik folds
Efficace 100 collected 90 from pot
*** SUMMARY ***
Total pot 90 | No rake
Board: [Th 5s Tc]
Seat 2: Efficace 100 (small blind) won 90


Winamax Poker - Tournament "Expresso Nitro" buyIn: 1.86€ + 0.14€ level: 2 - HandId: #2698105559223107585-5-1675180961 - Holdem no limit (15/30) - 2023/01/31 16:02:41 UTC
Table: 'Expresso Nitro(628201654)#0' 3-max (real money) Seat #2 is the button
Seat 1: _SKR (300)
Seat 2: Efficace 100 (340)
Seat 3: Vnik (260)
*** ANTE/BLINDS ***
Vnik posts small blind 15
_SKR posts big blind 30
Dealt to _SKR [8c Ad]
*** PRE-FLOP *** 
Efficace 100 folds
Vnik folds
_SKR collected 45 from pot
*** SUMMARY ***
Total pot 45 | No rake
Seat 1: _SKR (big blind) won 45


Winamax Poker - Tournament "Expresso Nitro" buyIn: 1.86€ + 0.14€ level: 2 - HandId: #2698105559223107585-6-1675180970 - Holdem no limit (15/30) - 2023/01/31 16:02:50 UTC
Table: 'Expresso Nitro(628201654)#0' 3-max (real money) Seat #3 is the button
Seat 1: _SKR (315)
Seat 2: Efficace 100 (340)
Seat 3: Vnik (245)
*** ANTE/BLINDS ***
_SKR posts small blind 15
Efficace 100 posts big blind 30
Dealt to _SKR [Kd 4d]
*** PRE-FLOP *** 
Vnik raises 215 to 245 and is all-in
_SKR folds
Efficace 100 calls 215
*** FLOP *** [9d Qd Qs]
*** TURN *** [9d Qd Qs][7s]
*** RIVER *** [9d Qd Qs 7s][9s]
*** SHOW DOWN ***
Efficace 100 shows [8d 8c] (Two pairs : Queens and 9)
Vnik shows [Jd Tc] (Two pairs : Queens and 9)
Vnik collected 505 from pot
*** SUMMARY ***
Total pot 505 | No rake
Board: [9d Qd Qs 7s 9s]
Seat 2: Efficace 100 (big blind) showed [8d 8c] and lost with Two pairs : Queens and 9
Seat 3: Vnik (button) showed [Jd Tc] and won 505 with Two pairs : Queens and 9


Winamax Poker - Tournament "Expresso Nitro" buyIn: 1.86€ + 0.14€ level: 3 - HandId: #2698105559223107585-7-1675180996 - Holdem no limit (20/40) - 2023/01/31 16:03:16 UTC
Table: 'Expresso Nitro(628201654)#0' 3-max (real money) Seat #1 is the button
Seat 1: _SKR (300)
Seat 2: Efficace 100 (95)
Seat 3: Vnik (505)
*** ANTE/BLINDS ***
Efficace 100 posts small blind 20
Vnik posts big blind 40
Dealt to _SKR [9d 8h]
*** PRE-FLOP *** 
_SKR folds
Efficace 100 folds
Vnik collected 60 from pot
*** SUMMARY ***
Total pot 60 | No rake
Seat 3: Vnik (big blind) won 60


Winamax Poker - Tournament "Expresso Nitro" buyIn: 1.86€ + 0.14€ level: 3 - HandId: #2698105559223107585-8-1675181001 - Holdem no limit (20/40) - 2023/01/31 16:03:21 UTC
Table: 'Expresso Nitro(628201654)#0' 3-max (real money) Seat #2 is the button
Seat 1: _SKR (300)
Seat 2: Efficace 100 (75)
Seat 3: Vnik (525)
*** ANTE/BLINDS ***
Vnik posts small blind 20
_SKR posts big blind 40
Dealt to _SKR [5d Jd]
*** PRE-FLOP *** 
Efficace 100 raises 35 to 75 and is all-in
Vnik raises 450 to 525 and is all-in
_SKR folds
*** FLOP *** [7h Qc 7d]
*** TURN *** [7h Qc 7d][Kd]
*** RIVER *** [7h Qc 7d Kd][6h]
*** SHOW DOWN ***
Efficace 100 shows [Ah 9d] (One pair : 7)
Vnik shows [3h Ac] (One pair : 7)
Vnik collected 545 from side pot 1
Efficace 100 collected 95 from main pot
*** SUMMARY ***
Total pot 640 | No rake
Board: [7h Qc 7d Kd 6h]
Seat 2: Efficace 100 (button) showed [Ah 9d] and won 95 with One pair : 7
Seat 3: Vnik (small blind) showed [3h Ac] and won 545 with One pair : 7


Winamax Poker - Tournament "Expresso Nitro" buyIn: 1.86€ + 0.14€ level: 3 - HandId: #2698105559223107585-9-1675181018 - Holdem no limit (20/40) - 2023/01/31 16:03:38 UTC
Table: 'Expresso Nitro(628201654)#0' 3-max (real money) Seat #3 is the button
Seat 1: _SKR (260)
Seat 2: Efficace 100 (95)
Seat 3: Vnik (545)
*** ANTE/BLINDS ***
_SKR posts small blind 20
Efficace 100 posts big blind 40
Dealt to _SKR [Jh 9d]
*** PRE-FLOP *** 
Vnik folds
_SKR raises 220 to 260 and is all-in
Efficace 100 folds
_SKR collected 300 from pot
*** SUMMARY ***
Total pot 300 | No rake
Seat 1: _SKR (small blind) won 300


Winamax Poker - Tournament "Expresso Nitro" buyIn: 1.86€ + 0.14€ level: 3 - HandId: #2698105559223107585-10-1675181027 - Holdem no limit (20/40) - 2023/01/31 16:03:47 UTC
Table: 'Expresso Nitro(628201654)#0' 3-max (real money) Seat #1 is the button
Seat 1: _SKR (300)
Seat 2: Efficace 100 (55)
Seat 3: Vnik (545)
*** ANTE/BLINDS ***
Efficace 100 posts small blind 20
Vnik posts big blind 40
Dealt to _SKR [Qs 5h]
*** PRE-FLOP *** 
_SKR folds
Efficace 100 raises 15 to 55 and is all-in
Vnik calls 15
*** FLOP *** [Kc Jh As]
*** TURN *** [Kc Jh As][Jd]
*** RIVER *** [Kc Jh As Jd][Ad]
*** SHOW DOWN ***
Efficace 100 shows [2s 5s] (Two pairs : Aces and Jacks)
Vnik shows [Td Js] (Full of Jacks and Aces)
Vnik collected 110 from pot
*** SUMMARY ***
Total pot 110 | No rake
Board: [Kc Jh As Jd Ad]
Seat 2: Efficace 100 (small blind) showed [2s 5s] and lost with Two pairs : Aces and Jacks
Seat 3: Vnik (big blind) showed [Td Js] and won 110 with Full of Jacks and Aces


Winamax Poker - Tournament "Expresso Nitro" buyIn: 1.86€ + 0.14€ level: 3 - HandId: #2698105559223107585-11-1675181041 - Holdem no limit (20/40) - 2023/01/31 16:04:01 UTC
Table: 'Expresso Nitro(628201654)#0' 3-max (real money) Seat #3 is the button
Seat 1: _SKR (300)
Seat 3: Vnik (600)
*** ANTE/BLINDS ***
Vnik posts small blind 20
_SKR posts big blind 40
Dealt to _SKR [2c 2s]
*** PRE-FLOP *** 
Vnik raises 560 to 600 and is all-in
_SKR calls 260 and is all-in
*** FLOP *** [6c 3d 4h]
*** TURN *** [6c 3d 4h][Kc]
*** RIVER *** [6c 3d 4h Kc][Qs]
*** SHOW DOWN ***
_SKR shows [2c 2s] (One pair : 2)
Vnik shows [7s Jc] (High card : King)
Vnik collected 300 from side pot 1
_SKR collected 600 from main pot
*** SUMMARY ***
Total pot 900 | No rake
Board: [6c 3d 4h Kc Qs]
Seat 1: _SKR (big blind) showed [2c 2s] and won 600 with One pair : 2
Seat 3: Vnik (small blind) (button) showed [7s Jc] and won 300 with High card : King


Winamax Poker - Tournament "Expresso Nitro" buyIn: 1.86€ + 0.14€ level: 4 - HandId: #2698105559223107585-12-1675181067 - Holdem no limit (30/60) - 2023/01/31 16:04:27 UTC
Table: 'Expresso Nitro(628201654)#0' 3-max (real money) Seat #1 is the button
Seat 1: _SKR (600)
Seat 3: Vnik (300)
*** ANTE/BLINDS ***
_SKR posts small blind 30
Vnik posts big blind 60
Dealt to _SKR [9s Kc]
*** PRE-FLOP *** 
_SKR raises 540 to 600 and is all-in
Vnik folds
_SKR collected 660 from pot
*** SUMMARY ***
Total pot 660 | No rake
Seat 1: _SKR (small blind) (button) won 660


Winamax Poker - Tournament "Expresso Nitro" buyIn: 1.86€ + 0.14€ level: 4 - HandId: #2698105559223107585-13-1675181077 - Holdem no limit (30/60) - 2023/01/31 16:04:37 UTC
Table: 'Expresso Nitro(628201654)#0' 3-max (real money) Seat #3 is the button
Seat 1: _SKR (660)
Seat 3: Vnik (240)
*** ANTE/BLINDS ***
Vnik posts small blind 30
_SKR posts big blind 60
Dealt to _SKR [7h 4h]
*** PRE-FLOP *** 
Vnik folds
_SKR collected 90 from pot
*** SUMMARY ***
Total pot 90 | No rake
Seat 1: _SKR (big blind) won 90


Winamax Poker - Tournament "Expresso Nitro" buyIn: 1.86€ + 0.14€ level: 4 - HandId: #2698105559223107585-14-1675181085 - Holdem no limit (30/60) - 2023/01/31 16:04:45 UTC
Table: 'Expresso Nitro(628201654)#0' 3-max (real money) Seat #1 is the button
Seat 1: _SKR (690)
Seat 3: Vnik (210)
*** ANTE/BLINDS ***
_SKR posts small blind 30
Vnik posts big blind 60
Dealt to _SKR [2s 6c]
*** PRE-FLOP *** 
_SKR folds
Vnik collected 90 from pot
*** SUMMARY ***
Total pot 90 | No rake
Seat 3: Vnik (big blind) won 90


Winamax Poker - Tournament "Expresso Nitro" buyIn: 1.86€ + 0.14€ level: 4 - HandId: #2698105559223107585-15-1675181101 - Holdem no limit (30/60) - 2023/01/31 16:05:01 UTC
Table: 'Expresso Nitro(628201654)#0' 3-max (real money) Seat #3 is the button
Seat 1: _SKR (660)
Seat 3: Vnik (240)
*** ANTE/BLINDS ***
Vnik posts small blind 30
_SKR posts big blind 60
Dealt to _SKR [Ad Kh]
*** PRE-FLOP *** 
Vnik raises 180 to 240 and is all-in
_SKR calls 180
*** FLOP *** [4s 5c 7c]
*** TURN *** [4s 5c 7c][8h]
*** RIVER *** [4s 5c 7c 8h][3s]
*** SHOW DOWN ***
_SKR shows [Ad Kh] (High card : Ace)
Vnik shows [Qs 7h] (One pair : 7)
Vnik collected 480 from pot
*** SUMMARY ***
Total pot 480 | No rake
Board: [4s 5c 7c 8h 3s]
Seat 1: _SKR (big blind) showed [Ad Kh] and lost with High card : Ace
Seat 3: Vnik (small blind) (button) showed [Qs 7h] and won 480 with One pair : 7


Winamax Poker - Tournament "Expresso Nitro" buyIn: 1.86€ + 0.14€ level: 5 - HandId: #2698105559223107585-16-1675181117 - Holdem no limit (40/80) - 2023/01/31 16:05:17 UTC
Table: 'Expresso Nitro(628201654)#0' 3-max (real money) Seat #1 is the button
Seat 1: _SKR (420)
Seat 3: Vnik (480)
*** ANTE/BLINDS ***
_SKR posts small blind 40
Vnik posts big blind 80
Dealt to _SKR [Ad Kc]
*** PRE-FLOP *** 
_SKR raises 340 to 420 and is all-in
Vnik calls 340
*** FLOP *** [8h 5d 6d]
*** TURN *** [8h 5d 6d][7s]
*** RIVER *** [8h 5d 6d 7s][2s]
*** SHOW DOWN ***
Vnik shows [3d Jd] (High card : Jack)
_SKR shows [Ad Kc] (High card : Ace)
_SKR collected 840 from pot
*** SUMMARY ***
Total pot 840 | No rake
Board: [8h 5d 6d 7s 2s]
Seat 1: _SKR (small blind) (button) showed [Ad Kc] and won 840 with High card : Ace
Seat 3: Vnik (big blind) showed [3d Jd] and lost with High card : Jack


Winamax Poker - Tournament "Expresso Nitro" buyIn: 1.86€ + 0.14€ level: 5 - HandId: #2698105559223107585-17-1675181135 - Holdem no limit (40/80) - 2023/01/31 16:05:35 UTC
Table: 'Expresso Nitro(628201654)#0' 3-max (real money) Seat #3 is the button
Seat 1: _SKR (840)
Seat 3: Vnik (60)
*** ANTE/BLINDS ***
Vnik posts small blind 40
_SKR posts big blind 80
Dealt to _SKR [9d As]
*** PRE-FLOP *** 
Vnik calls 20 and is all-in
*** FLOP *** [6d 5h Kc]
*** TURN *** [6d 5h Kc][Qs]
*** RIVER *** [6d 5h Kc Qs][5c]
*** SHOW DOWN ***
Vnik shows [2c 7c] (One pair : 5)
_SKR shows [9d As] (One pair : 5)
_SKR collected 140 from pot
*** SUMMARY ***
Total pot 140 | No rake
Board: [6d 5h Kc Qs 5c]
Seat 1: _SKR (big blind) showed [9d As] and won 140 with One pair : 5
Seat 3: Vnik (small blind) (button) showed [2c 7c] and lost with One pair : 5


