Winamax Poker - Tournament "Expresso Nitro" buyIn: 0.93€ + 0.07€ level: 1 - HandId: #2717809408888274945-1-1676236112 - Holdem no limit (10/20) - 2023/02/12 21:08:32 UTC
Table: 'Expresso Nitro(632789314)#0' 3-max (real money) Seat #1 is the button
Seat 1: _SKR (300)
Seat 2: Davixin24195 (300)
Seat 3: Monfilscharl (300)
*** ANTE/BLINDS ***
Davixin24195 posts small blind 10
Monfilscharl posts big blind 20
Dealt to _SKR [Kd 8c]
*** PRE-FLOP *** 
_SKR folds
Davixin24195 folds
Monfilscharl collected 30 from pot
*** SUMMARY ***
Total pot 30 | No rake
Seat 3: Monfilscharl (big blind) won 30


Winamax Poker - Tournament "Expresso Nitro" buyIn: 0.93€ + 0.07€ level: 1 - HandId: #2717809408888274945-2-1676236118 - Holdem no limit (10/20) - 2023/02/12 21:08:38 UTC
Table: 'Expresso Nitro(632789314)#0' 3-max (real money) Seat #2 is the button
Seat 1: _SKR (300)
Seat 2: Davixin24195 (290)
Seat 3: Monfilscharl (310)
*** ANTE/BLINDS ***
Monfilscharl posts small blind 10
_SKR posts big blind 20
Dealt to _SKR [9c Ac]
*** PRE-FLOP *** 
Davixin24195 calls 20
Monfilscharl calls 10
_SKR raises 280 to 300 and is all-in
Davixin24195 folds
Monfilscharl folds
_SKR collected 340 from pot
*** SUMMARY ***
Total pot 340 | No rake
Seat 1: _SKR (big blind) won 340


Winamax Poker - Tournament "Expresso Nitro" buyIn: 0.93€ + 0.07€ level: 1 - HandId: #2717809408888274945-3-1676236141 - Holdem no limit (10/20) - 2023/02/12 21:09:01 UTC
Table: 'Expresso Nitro(632789314)#0' 3-max (real money) Seat #3 is the button
Seat 1: _SKR (340)
Seat 2: Davixin24195 (270)
Seat 3: Monfilscharl (290)
*** ANTE/BLINDS ***
_SKR posts small blind 10
Davixin24195 posts big blind 20
Dealt to _SKR [Ts 6d]
*** PRE-FLOP *** 
Monfilscharl calls 20
_SKR folds
Davixin24195 checks
*** FLOP *** [8c Kd Qh]
Davixin24195 checks
Monfilscharl bets 33
Davixin24195 folds
Monfilscharl collected 83 from pot
*** SUMMARY ***
Total pot 83 | No rake
Board: [8c Kd Qh]
Seat 3: Monfilscharl (button) won 83


Winamax Poker - Tournament "Expresso Nitro" buyIn: 0.93€ + 0.07€ level: 1 - HandId: #2717809408888274945-4-1676236164 - Holdem no limit (10/20) - 2023/02/12 21:09:24 UTC
Table: 'Expresso Nitro(632789314)#0' 3-max (real money) Seat #1 is the button
Seat 1: _SKR (330)
Seat 2: Davixin24195 (250)
Seat 3: Monfilscharl (320)
*** ANTE/BLINDS ***
Davixin24195 posts small blind 10
Monfilscharl posts big blind 20
Dealt to _SKR [Ks 2h]
*** PRE-FLOP *** 
_SKR folds
Davixin24195 calls 10
Monfilscharl checks
*** FLOP *** [8h 8d 5s]
Davixin24195 checks
Monfilscharl checks
*** TURN *** [8h 8d 5s][Qh]
Davixin24195 checks
Monfilscharl checks
*** RIVER *** [8h 8d 5s Qh][3h]
Davixin24195 checks
Monfilscharl checks
*** SHOW DOWN ***
Monfilscharl shows [4d Th] (One pair : 8)
Davixin24195 shows [3s Kc] (Two pairs : 8 and 3)
Davixin24195 collected 40 from pot
*** SUMMARY ***
Total pot 40 | No rake
Board: [8h 8d 5s Qh 3h]
Seat 2: Davixin24195 (small blind) showed [3s Kc] and won 40 with Two pairs : 8 and 3
Seat 3: Monfilscharl (big blind) showed [4d Th] and lost with One pair : 8


Winamax Poker - Tournament "Expresso Nitro" buyIn: 0.93€ + 0.07€ level: 2 - HandId: #2717809408888274945-5-1676236207 - Holdem no limit (15/30) - 2023/02/12 21:10:07 UTC
Table: 'Expresso Nitro(632789314)#0' 3-max (real money) Seat #2 is the button
Seat 1: _SKR (330)
Seat 2: Davixin24195 (270)
Seat 3: Monfilscharl (300)
*** ANTE/BLINDS ***
Monfilscharl posts small blind 15
_SKR posts big blind 30
Dealt to _SKR [6d Ad]
*** PRE-FLOP *** 
Davixin24195 raises 240 to 270 and is all-in
Monfilscharl calls 255
_SKR folds
*** FLOP *** [Ac 9d 9c]
*** TURN *** [Ac 9d 9c][7h]
*** RIVER *** [Ac 9d 9c 7h][Qd]
*** SHOW DOWN ***
Davixin24195 shows [Ah 2c] (Two pairs : Aces and 9)
Monfilscharl shows [9h Qc] (Full of 9 and Queens)
Monfilscharl collected 570 from pot
*** SUMMARY ***
Total pot 570 | No rake
Board: [Ac 9d 9c 7h Qd]
Seat 2: Davixin24195 (button) showed [Ah 2c] and lost with Two pairs : Aces and 9
Seat 3: Monfilscharl (small blind) showed [9h Qc] and won 570 with Full of 9 and Queens


Winamax Poker - Tournament "Expresso Nitro" buyIn: 0.93€ + 0.07€ level: 3 - HandId: #2717809408888274945-6-1676236230 - Holdem no limit (20/40) - 2023/02/12 21:10:30 UTC
Table: 'Expresso Nitro(632789314)#0' 3-max (real money) Seat #1 is the button
Seat 1: _SKR (300)
Seat 3: Monfilscharl (600)
*** ANTE/BLINDS ***
_SKR posts small blind 20
Monfilscharl posts big blind 40
Dealt to _SKR [Jd Jh]
*** PRE-FLOP *** 
_SKR raises 260 to 300 and is all-in
Monfilscharl calls 260
*** FLOP *** [6c Td 5h]
*** TURN *** [6c Td 5h][Ad]
*** RIVER *** [6c Td 5h Ad][4s]
*** SHOW DOWN ***
_SKR shows [Jd Jh] (One pair : Jacks)
Monfilscharl shows [As 8c] (One pair : Aces)
Monfilscharl collected 600 from pot
*** SUMMARY ***
Total pot 600 | No rake
Board: [6c Td 5h Ad 4s]
Seat 1: _SKR (small blind) (button) showed [Jd Jh] and lost with One pair : Jacks
Seat 3: Monfilscharl (big blind) showed [As 8c] and won 600 with One pair : Aces


