Winamax Poker - Tournament "Expresso Nitro" buyIn: 0.93€ + 0.07€ level: 1 - HandId: #2676343741618323457-1-1673820887 - Holdem no limit (10/20) - 2023/01/15 22:14:47 UTC
Table: 'Expresso Nitro(623134836)#0' 3-max (real money) Seat #3 is the button
Seat 1: gagich1986 (300)
Seat 2: Josefanalyse (300)
Seat 3: _SKR (300)
*** ANTE/BLINDS ***
gagich1986 posts small blind 10
Josefanalyse posts big blind 20
Dealt to _SKR [8c Qs]
*** PRE-FLOP *** 
_SKR folds
gagich1986 folds
Josefanalyse collected 30 from pot
*** SUMMARY ***
Total pot 30 | No rake
Seat 2: Josefanalyse (big blind) won 30


Winamax Poker - Tournament "Expresso Nitro" buyIn: 0.93€ + 0.07€ level: 1 - HandId: #2676343741618323457-2-1673820892 - Holdem no limit (10/20) - 2023/01/15 22:14:52 UTC
Table: 'Expresso Nitro(623134836)#0' 3-max (real money) Seat #1 is the button
Seat 1: gagich1986 (290)
Seat 2: Josefanalyse (310)
Seat 3: _SKR (300)
*** ANTE/BLINDS ***
Josefanalyse posts small blind 10
_SKR posts big blind 20
Dealt to _SKR [Jh 2d]
*** PRE-FLOP *** 
gagich1986 folds
Josefanalyse calls 10
_SKR checks
*** FLOP *** [9h Kc 4d]
Josefanalyse checks
_SKR checks
*** TURN *** [9h Kc 4d][Td]
Josefanalyse bets 60
_SKR folds
Josefanalyse collected 100 from pot
*** SUMMARY ***
Total pot 100 | No rake
Board: [9h Kc 4d Td]
Seat 2: Josefanalyse (small blind) won 100


Winamax Poker - Tournament "Expresso Nitro" buyIn: 0.93€ + 0.07€ level: 1 - HandId: #2676343741618323457-3-1673820927 - Holdem no limit (10/20) - 2023/01/15 22:15:27 UTC
Table: 'Expresso Nitro(623134836)#0' 3-max (real money) Seat #2 is the button
Seat 1: gagich1986 (290)
Seat 2: Josefanalyse (330)
Seat 3: _SKR (280)
*** ANTE/BLINDS ***
_SKR posts small blind 10
gagich1986 posts big blind 20
Dealt to _SKR [2d As]
*** PRE-FLOP *** 
Josefanalyse calls 20
_SKR raises 260 to 280 and is all-in
gagich1986 folds
Josefanalyse calls 260
*** FLOP *** [Jd 4c 5c]
*** TURN *** [Jd 4c 5c][2h]
*** RIVER *** [Jd 4c 5c 2h][3c]
*** SHOW DOWN ***
Josefanalyse shows [Kh Td] (High card : King)
_SKR shows [2d As] (Straight 5 high)
_SKR collected 580 from pot
*** SUMMARY ***
Total pot 580 | No rake
Board: [Jd 4c 5c 2h 3c]
Seat 2: Josefanalyse (button) showed [Kh Td] and lost with High card : King
Seat 3: _SKR (small blind) showed [2d As] and won 580 with Straight 5 high


Winamax Poker - Tournament "Expresso Nitro" buyIn: 0.93€ + 0.07€ level: 2 - HandId: #2676343741618323457-4-1673820952 - Holdem no limit (15/30) - 2023/01/15 22:15:52 UTC
Table: 'Expresso Nitro(623134836)#0' 3-max (real money) Seat #3 is the button
Seat 1: gagich1986 (270)
Seat 2: Josefanalyse (50)
Seat 3: _SKR (580)
*** ANTE/BLINDS ***
gagich1986 posts small blind 15
Josefanalyse posts big blind 30
Dealt to _SKR [8s 8h]
*** PRE-FLOP *** 
_SKR raises 550 to 580 and is all-in
gagich1986 folds
Josefanalyse calls 20 and is all-in
*** FLOP *** [6d Kc 7h]
*** TURN *** [6d Kc 7h][5h]
*** RIVER *** [6d Kc 7h 5h][Td]
*** SHOW DOWN ***
Josefanalyse shows [4h 4s] (One pair : 4)
_SKR shows [8s 8h] (One pair : 8)
_SKR collected 645 from pot
*** SUMMARY ***
Total pot 645 | No rake
Board: [6d Kc 7h 5h Td]
Seat 2: Josefanalyse (big blind) showed [4h 4s] and lost with One pair : 4
Seat 3: _SKR (button) showed [8s 8h] and won 645 with One pair : 8


Winamax Poker - Tournament "Expresso Nitro" buyIn: 0.93€ + 0.07€ level: 2 - HandId: #2676343741618323457-5-1673820972 - Holdem no limit (15/30) - 2023/01/15 22:16:12 UTC
Table: 'Expresso Nitro(623134836)#0' 3-max (real money) Seat #3 is the button
Seat 1: gagich1986 (255)
Seat 3: _SKR (645)
*** ANTE/BLINDS ***
_SKR posts small blind 15
gagich1986 posts big blind 30
Dealt to _SKR [Ah 2d]
*** PRE-FLOP *** 
_SKR raises 615 to 645 and is all-in
gagich1986 folds
_SKR collected 675 from pot
*** SUMMARY ***
Total pot 675 | No rake
Seat 3: _SKR (small blind) (button) won 675


Winamax Poker - Tournament "Expresso Nitro" buyIn: 0.93€ + 0.07€ level: 2 - HandId: #2676343741618323457-6-1673820980 - Holdem no limit (15/30) - 2023/01/15 22:16:20 UTC
Table: 'Expresso Nitro(623134836)#0' 3-max (real money) Seat #1 is the button
Seat 1: gagich1986 (225)
Seat 3: _SKR (675)
*** ANTE/BLINDS ***
gagich1986 posts small blind 15
_SKR posts big blind 30
Dealt to _SKR [9c 8h]
*** PRE-FLOP *** 
gagich1986 raises 195 to 225 and is all-in
_SKR folds
gagich1986 collected 255 from pot
*** SUMMARY ***
Total pot 255 | No rake
Seat 1: gagich1986 (small blind) (button) won 255


Winamax Poker - Tournament "Expresso Nitro" buyIn: 0.93€ + 0.07€ level: 2 - HandId: #2676343741618323457-7-1673820995 - Holdem no limit (15/30) - 2023/01/15 22:16:35 UTC
Table: 'Expresso Nitro(623134836)#0' 3-max (real money) Seat #3 is the button
Seat 1: gagich1986 (255)
Seat 3: _SKR (645)
*** ANTE/BLINDS ***
_SKR posts small blind 15
gagich1986 posts big blind 30
Dealt to _SKR [5s 3d]
*** PRE-FLOP *** 
_SKR folds
gagich1986 collected 45 from pot
*** SUMMARY ***
Total pot 45 | No rake
Seat 1: gagich1986 (big blind) won 45


Winamax Poker - Tournament "Expresso Nitro" buyIn: 0.93€ + 0.07€ level: 2 - HandId: #2676343741618323457-8-1673820998 - Holdem no limit (15/30) - 2023/01/15 22:16:38 UTC
Table: 'Expresso Nitro(623134836)#0' 3-max (real money) Seat #1 is the button
Seat 1: gagich1986 (270)
Seat 3: _SKR (630)
*** ANTE/BLINDS ***
gagich1986 posts small blind 15
_SKR posts big blind 30
Dealt to _SKR [Jd 9h]
*** PRE-FLOP *** 
gagich1986 raises 30 to 60
_SKR calls 30
*** FLOP *** [6d 3c 5s]
_SKR checks
gagich1986 checks
*** TURN *** [6d 3c 5s][Jc]
_SKR bets 60
gagich1986 folds
_SKR collected 180 from pot
*** SUMMARY ***
Total pot 180 | No rake
Board: [6d 3c 5s Jc]
Seat 3: _SKR (big blind) won 180


Winamax Poker - Tournament "Expresso Nitro" buyIn: 0.93€ + 0.07€ level: 3 - HandId: #2676343741618323457-9-1673821030 - Holdem no limit (20/40) - 2023/01/15 22:17:10 UTC
Table: 'Expresso Nitro(623134836)#0' 3-max (real money) Seat #3 is the button
Seat 1: gagich1986 (210)
Seat 3: _SKR (690)
*** ANTE/BLINDS ***
_SKR posts small blind 20
gagich1986 posts big blind 40
Dealt to _SKR [8d 5h]
*** PRE-FLOP *** 
_SKR folds
gagich1986 collected 60 from pot
*** SUMMARY ***
Total pot 60 | No rake
Seat 1: gagich1986 (big blind) won 60


Winamax Poker - Tournament "Expresso Nitro" buyIn: 0.93€ + 0.07€ level: 3 - HandId: #2676343741618323457-10-1673821034 - Holdem no limit (20/40) - 2023/01/15 22:17:14 UTC
Table: 'Expresso Nitro(623134836)#0' 3-max (real money) Seat #1 is the button
Seat 1: gagich1986 (230)
Seat 3: _SKR (670)
*** ANTE/BLINDS ***
gagich1986 posts small blind 20
_SKR posts big blind 40
Dealt to _SKR [9c 2d]
*** PRE-FLOP *** 
gagich1986 raises 190 to 230 and is all-in
_SKR folds
gagich1986 collected 270 from pot
*** SUMMARY ***
Total pot 270 | No rake
Seat 1: gagich1986 (small blind) (button) won 270


Winamax Poker - Tournament "Expresso Nitro" buyIn: 0.93€ + 0.07€ level: 3 - HandId: #2676343741618323457-11-1673821048 - Holdem no limit (20/40) - 2023/01/15 22:17:28 UTC
Table: 'Expresso Nitro(623134836)#0' 3-max (real money) Seat #3 is the button
Seat 1: gagich1986 (270)
Seat 3: _SKR (630)
*** ANTE/BLINDS ***
_SKR posts small blind 20
gagich1986 posts big blind 40
Dealt to _SKR [7d Tc]
*** PRE-FLOP *** 
_SKR folds
gagich1986 collected 60 from pot
*** SUMMARY ***
Total pot 60 | No rake
Seat 1: gagich1986 (big blind) won 60


Winamax Poker - Tournament "Expresso Nitro" buyIn: 0.93€ + 0.07€ level: 3 - HandId: #2676343741618323457-12-1673821053 - Holdem no limit (20/40) - 2023/01/15 22:17:33 UTC
Table: 'Expresso Nitro(623134836)#0' 3-max (real money) Seat #1 is the button
Seat 1: gagich1986 (290)
Seat 3: _SKR (610)
*** ANTE/BLINDS ***
gagich1986 posts small blind 20
_SKR posts big blind 40
Dealt to _SKR [Js As]
*** PRE-FLOP *** 
gagich1986 folds
_SKR collected 60 from pot
*** SUMMARY ***
Total pot 60 | No rake
Seat 3: _SKR (big blind) won 60


Winamax Poker - Tournament "Expresso Nitro" buyIn: 0.93€ + 0.07€ level: 4 - HandId: #2676343741618323457-13-1673821064 - Holdem no limit (30/60) - 2023/01/15 22:17:44 UTC
Table: 'Expresso Nitro(623134836)#0' 3-max (real money) Seat #3 is the button
Seat 1: gagich1986 (270)
Seat 3: _SKR (630)
*** ANTE/BLINDS ***
_SKR posts small blind 30
gagich1986 posts big blind 60
Dealt to _SKR [Ad Kc]
*** PRE-FLOP *** 
_SKR raises 570 to 630 and is all-in
gagich1986 folds
_SKR collected 690 from pot
*** SUMMARY ***
Total pot 690 | No rake
Seat 3: _SKR (small blind) (button) won 690


Winamax Poker - Tournament "Expresso Nitro" buyIn: 0.93€ + 0.07€ level: 4 - HandId: #2676343741618323457-14-1673821076 - Holdem no limit (30/60) - 2023/01/15 22:17:56 UTC
Table: 'Expresso Nitro(623134836)#0' 3-max (real money) Seat #1 is the button
Seat 1: gagich1986 (210)
Seat 3: _SKR (690)
*** ANTE/BLINDS ***
gagich1986 posts small blind 30
_SKR posts big blind 60
Dealt to _SKR [3c 7h]
*** PRE-FLOP *** 
gagich1986 raises 150 to 210 and is all-in
_SKR folds
gagich1986 collected 270 from pot
*** SUMMARY ***
Total pot 270 | No rake
Seat 1: gagich1986 (small blind) (button) won 270


Winamax Poker - Tournament "Expresso Nitro" buyIn: 0.93€ + 0.07€ level: 4 - HandId: #2676343741618323457-15-1673821088 - Holdem no limit (30/60) - 2023/01/15 22:18:08 UTC
Table: 'Expresso Nitro(623134836)#0' 3-max (real money) Seat #3 is the button
Seat 1: gagich1986 (270)
Seat 3: _SKR (630)
*** ANTE/BLINDS ***
_SKR posts small blind 30
gagich1986 posts big blind 60
Dealt to _SKR [4d 9c]
*** PRE-FLOP *** 
_SKR folds
gagich1986 collected 90 from pot
*** SUMMARY ***
Total pot 90 | No rake
Seat 1: gagich1986 (big blind) won 90


Winamax Poker - Tournament "Expresso Nitro" buyIn: 0.93€ + 0.07€ level: 4 - HandId: #2676343741618323457-16-1673821098 - Holdem no limit (30/60) - 2023/01/15 22:18:18 UTC
Table: 'Expresso Nitro(623134836)#0' 3-max (real money) Seat #1 is the button
Seat 1: gagich1986 (300)
Seat 3: _SKR (600)
*** ANTE/BLINDS ***
gagich1986 posts small blind 30
_SKR posts big blind 60
Dealt to _SKR [5c Qs]
*** PRE-FLOP *** 
gagich1986 folds
_SKR collected 90 from pot
*** SUMMARY ***
Total pot 90 | No rake
Seat 3: _SKR (big blind) won 90


Winamax Poker - Tournament "Expresso Nitro" buyIn: 0.93€ + 0.07€ level: 4 - HandId: #2676343741618323457-17-1673821105 - Holdem no limit (30/60) - 2023/01/15 22:18:25 UTC
Table: 'Expresso Nitro(623134836)#0' 3-max (real money) Seat #3 is the button
Seat 1: gagich1986 (270)
Seat 3: _SKR (630)
*** ANTE/BLINDS ***
_SKR posts small blind 30
gagich1986 posts big blind 60
Dealt to _SKR [Qh 6s]
*** PRE-FLOP *** 
_SKR raises 570 to 630 and is all-in
gagich1986 calls 210 and is all-in
*** FLOP *** [8d Qd Kd]
*** TURN *** [8d Qd Kd][Js]
*** RIVER *** [8d Qd Kd Js][4s]
*** SHOW DOWN ***
gagich1986 shows [Ad 8s] (One pair : 8)
_SKR shows [Qh 6s] (One pair : Queens)
_SKR collected 900 from pot
*** SUMMARY ***
Total pot 900 | No rake
Board: [8d Qd Kd Js 4s]
Seat 1: gagich1986 (big blind) showed [Ad 8s] and lost with One pair : 8
Seat 3: _SKR (small blind) (button) showed [Qh 6s] and won 900 with One pair : Queens


