Winamax Poker - Tournament "Expresso Nitro" buyIn: 1.86€ + 0.14€ level: 1 - HandId: #2695174639180578817-1-1674998053 - Holdem no limit (10/20) - 2023/01/29 13:14:13 UTC
Table: 'Expresso Nitro(627519246)#0' 3-max (real money) Seat #1 is the button
Seat 1: xhelo (300)
Seat 2: _SKR (300)
Seat 3: Kevdelyon080 (300)
*** ANTE/BLINDS ***
_SKR posts small blind 10
Kevdelyon080 posts big blind 20
Dealt to _SKR [2d Kd]
*** PRE-FLOP *** 
xhelo raises 50 to 70
_SKR folds
Kevdelyon080 folds
xhelo collected 100 from pot
*** SUMMARY ***
Total pot 100 | No rake
Seat 1: xhelo (button) won 100


Winamax Poker - Tournament "Expresso Nitro" buyIn: 1.86€ + 0.14€ level: 1 - HandId: #2695174639180578817-2-1674998061 - Holdem no limit (10/20) - 2023/01/29 13:14:21 UTC
Table: 'Expresso Nitro(627519246)#0' 3-max (real money) Seat #2 is the button
Seat 1: xhelo (330)
Seat 2: _SKR (290)
Seat 3: Kevdelyon080 (280)
*** ANTE/BLINDS ***
Kevdelyon080 posts small blind 10
xhelo posts big blind 20
Dealt to _SKR [As Kd]
*** PRE-FLOP *** 
_SKR raises 20 to 40
Kevdelyon080 folds
xhelo raises 80 to 120
_SKR raises 170 to 290 and is all-in
xhelo calls 170
*** FLOP *** [Tc Qc 5d]
*** TURN *** [Tc Qc 5d][Jh]
*** RIVER *** [Tc Qc 5d Jh][Ks]
*** SHOW DOWN ***
xhelo shows [Ad 3s] (Straight Ace high)
_SKR shows [As Kd] (Straight Ace high)
_SKR collected 295 from pot
xhelo collected 295 from pot
*** SUMMARY ***
Total pot 590 | No rake
Board: [Tc Qc 5d Jh Ks]
Seat 1: xhelo (big blind) showed [Ad 3s] and won 295 with Straight Ace high
Seat 2: _SKR (button) showed [As Kd] and won 295 with Straight Ace high


Winamax Poker - Tournament "Expresso Nitro" buyIn: 1.86€ + 0.14€ level: 1 - HandId: #2695174639180578817-3-1674998082 - Holdem no limit (10/20) - 2023/01/29 13:14:42 UTC
Table: 'Expresso Nitro(627519246)#0' 3-max (real money) Seat #3 is the button
Seat 1: xhelo (335)
Seat 2: _SKR (295)
Seat 3: Kevdelyon080 (270)
*** ANTE/BLINDS ***
xhelo posts small blind 10
_SKR posts big blind 20
Dealt to _SKR [Ts 9d]
*** PRE-FLOP *** 
Kevdelyon080 folds
xhelo raises 315 to 335 and is all-in
_SKR folds
xhelo collected 355 from pot
*** SUMMARY ***
Total pot 355 | No rake
Seat 1: xhelo (small blind) won 355


Winamax Poker - Tournament "Expresso Nitro" buyIn: 1.86€ + 0.14€ level: 1 - HandId: #2695174639180578817-4-1674998089 - Holdem no limit (10/20) - 2023/01/29 13:14:49 UTC
Table: 'Expresso Nitro(627519246)#0' 3-max (real money) Seat #1 is the button
Seat 1: xhelo (355)
Seat 2: _SKR (275)
Seat 3: Kevdelyon080 (270)
*** ANTE/BLINDS ***
_SKR posts small blind 10
Kevdelyon080 posts big blind 20
Dealt to _SKR [Kd 3s]
*** PRE-FLOP *** 
xhelo calls 20
_SKR folds
Kevdelyon080 checks
*** FLOP *** [4d Qs 5d]
Kevdelyon080 checks
xhelo checks
*** TURN *** [4d Qs 5d][6d]
Kevdelyon080 bets 50
xhelo calls 50
*** RIVER *** [4d Qs 5d 6d][4s]
Kevdelyon080 bets 200 and is all-in
xhelo folds
Kevdelyon080 collected 350 from pot
*** SUMMARY ***
Total pot 350 | No rake
Board: [4d Qs 5d 6d 4s]
Seat 3: Kevdelyon080 (big blind) won 350


Winamax Poker - Tournament "Expresso Nitro" buyIn: 1.86€ + 0.14€ level: 2 - HandId: #2695174639180578817-5-1674998113 - Holdem no limit (15/30) - 2023/01/29 13:15:13 UTC
Table: 'Expresso Nitro(627519246)#0' 3-max (real money) Seat #2 is the button
Seat 1: xhelo (285)
Seat 2: _SKR (265)
Seat 3: Kevdelyon080 (350)
*** ANTE/BLINDS ***
Kevdelyon080 posts small blind 15
xhelo posts big blind 30
Dealt to _SKR [6h 6c]
*** PRE-FLOP *** 
_SKR raises 235 to 265 and is all-in
Kevdelyon080 folds
xhelo folds
_SKR collected 310 from pot
*** SUMMARY ***
Total pot 310 | No rake
Seat 2: _SKR (button) won 310


Winamax Poker - Tournament "Expresso Nitro" buyIn: 1.86€ + 0.14€ level: 2 - HandId: #2695174639180578817-6-1674998125 - Holdem no limit (15/30) - 2023/01/29 13:15:25 UTC
Table: 'Expresso Nitro(627519246)#0' 3-max (real money) Seat #3 is the button
Seat 1: xhelo (255)
Seat 2: _SKR (310)
Seat 3: Kevdelyon080 (335)
*** ANTE/BLINDS ***
xhelo posts small blind 15
_SKR posts big blind 30
Dealt to _SKR [Ts Th]
*** PRE-FLOP *** 
Kevdelyon080 folds
xhelo folds
_SKR collected 45 from pot
*** SUMMARY ***
Total pot 45 | No rake
Seat 2: _SKR (big blind) won 45


Winamax Poker - Tournament "Expresso Nitro" buyIn: 1.86€ + 0.14€ level: 2 - HandId: #2695174639180578817-7-1674998131 - Holdem no limit (15/30) - 2023/01/29 13:15:31 UTC
Table: 'Expresso Nitro(627519246)#0' 3-max (real money) Seat #1 is the button
Seat 1: xhelo (240)
Seat 2: _SKR (325)
Seat 3: Kevdelyon080 (335)
*** ANTE/BLINDS ***
_SKR posts small blind 15
Kevdelyon080 posts big blind 30
Dealt to _SKR [6h 2s]
*** PRE-FLOP *** 
xhelo raises 75 to 105
_SKR folds
Kevdelyon080 folds
xhelo collected 150 from pot
*** SUMMARY ***
Total pot 150 | No rake
Seat 1: xhelo (button) won 150


Winamax Poker - Tournament "Expresso Nitro" buyIn: 1.86€ + 0.14€ level: 2 - HandId: #2695174639180578817-8-1674998139 - Holdem no limit (15/30) - 2023/01/29 13:15:39 UTC
Table: 'Expresso Nitro(627519246)#0' 3-max (real money) Seat #2 is the button
Seat 1: xhelo (285)
Seat 2: _SKR (310)
Seat 3: Kevdelyon080 (305)
*** ANTE/BLINDS ***
Kevdelyon080 posts small blind 15
xhelo posts big blind 30
Dealt to _SKR [4s Qc]
*** PRE-FLOP *** 
_SKR folds
Kevdelyon080 folds
xhelo collected 45 from pot
*** SUMMARY ***
Total pot 45 | No rake
Seat 1: xhelo (big blind) won 45


Winamax Poker - Tournament "Expresso Nitro" buyIn: 1.86€ + 0.14€ level: 2 - HandId: #2695174639180578817-9-1674998143 - Holdem no limit (15/30) - 2023/01/29 13:15:43 UTC
Table: 'Expresso Nitro(627519246)#0' 3-max (real money) Seat #3 is the button
Seat 1: xhelo (300)
Seat 2: _SKR (310)
Seat 3: Kevdelyon080 (290)
*** ANTE/BLINDS ***
xhelo posts small blind 15
_SKR posts big blind 30
Dealt to _SKR [Jc 4s]
*** PRE-FLOP *** 
Kevdelyon080 folds
xhelo folds
_SKR collected 45 from pot
*** SUMMARY ***
Total pot 45 | No rake
Seat 2: _SKR (big blind) won 45


Winamax Poker - Tournament "Expresso Nitro" buyIn: 1.86€ + 0.14€ level: 2 - HandId: #2695174639180578817-10-1674998149 - Holdem no limit (15/30) - 2023/01/29 13:15:49 UTC
Table: 'Expresso Nitro(627519246)#0' 3-max (real money) Seat #1 is the button
Seat 1: xhelo (285)
Seat 2: _SKR (325)
Seat 3: Kevdelyon080 (290)
*** ANTE/BLINDS ***
_SKR posts small blind 15
Kevdelyon080 posts big blind 30
Dealt to _SKR [Qh Jd]
*** PRE-FLOP *** 
xhelo calls 30
_SKR raises 295 to 325 and is all-in
Kevdelyon080 folds
xhelo calls 255 and is all-in
*** FLOP *** [4s 9h 3c]
*** TURN *** [4s 9h 3c][2c]
*** RIVER *** [4s 9h 3c 2c][6s]
*** SHOW DOWN ***
xhelo shows [Ks 3d] (One pair : 3)
_SKR shows [Qh Jd] (High card : Queen)
_SKR collected 40 from side pot 1
xhelo collected 600 from main pot
*** SUMMARY ***
Total pot 640 | No rake
Board: [4s 9h 3c 2c 6s]
Seat 1: xhelo (button) showed [Ks 3d] and won 600 with One pair : 3
Seat 2: _SKR (small blind) showed [Qh Jd] and won 40 with High card : Queen


Winamax Poker - Tournament "Expresso Nitro" buyIn: 1.86€ + 0.14€ level: 3 - HandId: #2695174639180578817-11-1674998169 - Holdem no limit (20/40) - 2023/01/29 13:16:09 UTC
Table: 'Expresso Nitro(627519246)#0' 3-max (real money) Seat #2 is the button
Seat 1: xhelo (600)
Seat 2: _SKR (40)
Seat 3: Kevdelyon080 (260)
*** ANTE/BLINDS ***
Kevdelyon080 posts small blind 20
xhelo posts big blind 40
Dealt to _SKR [Kc Ts]
*** PRE-FLOP *** 
_SKR calls 40 and is all-in
Kevdelyon080 raises 220 to 260 and is all-in
xhelo folds
*** FLOP *** [4h Jd Kd]
*** TURN *** [4h Jd Kd][Kh]
*** RIVER *** [4h Jd Kd Kh][Qh]
*** SHOW DOWN ***
_SKR shows [Kc Ts] (Trips of Kings)
Kevdelyon080 shows [Qc Jc] (Two pairs : Kings and Queens)
Kevdelyon080 collected 220 from side pot 1
_SKR collected 120 from main pot
*** SUMMARY ***
Total pot 340 | No rake
Board: [4h Jd Kd Kh Qh]
Seat 2: _SKR (button) showed [Kc Ts] and won 120 with Trips of Kings
Seat 3: Kevdelyon080 (small blind) showed [Qc Jc] and won 220 with Two pairs : Kings and Queens


Winamax Poker - Tournament "Expresso Nitro" buyIn: 1.86€ + 0.14€ level: 3 - HandId: #2695174639180578817-12-1674998183 - Holdem no limit (20/40) - 2023/01/29 13:16:23 UTC
Table: 'Expresso Nitro(627519246)#0' 3-max (real money) Seat #3 is the button
Seat 1: xhelo (560)
Seat 2: _SKR (120)
Seat 3: Kevdelyon080 (220)
*** ANTE/BLINDS ***
xhelo posts small blind 20
_SKR posts big blind 40
Dealt to _SKR [Tc 7c]
*** PRE-FLOP *** 
Kevdelyon080 raises 180 to 220 and is all-in
xhelo calls 200
_SKR calls 80 and is all-in
*** FLOP *** [Ad 3h 4s]
*** TURN *** [Ad 3h 4s][Ts]
*** RIVER *** [Ad 3h 4s Ts][8d]
*** SHOW DOWN ***
xhelo shows [8h Kd] (One pair : 8)
_SKR shows [Tc 7c] (One pair : Tens)
Kevdelyon080 shows [7d Ah] (One pair : Aces)
Kevdelyon080 collected 560 from pot
*** SUMMARY ***
Total pot 560 | No rake
Board: [Ad 3h 4s Ts 8d]
Seat 1: xhelo (small blind) showed [8h Kd] and lost with One pair : 8
Seat 2: _SKR (big blind) showed [Tc 7c] and lost with One pair : Tens
Seat 3: Kevdelyon080 (button) showed [7d Ah] and won 560 with One pair : Aces


