Winamax Poker - Tournament "Expresso Nitro" buyIn: 0.93€ + 0.07€ level: 1 - HandId: #2717572842089611265-1-1676227423 - Holdem no limit (10/20) - 2023/02/12 18:43:43 UTC
Table: 'Expresso Nitro(632734234)#0' 3-max (real money) Seat #3 is the button
Seat 1: HUGE-COQ (300)
Seat 2: calipso07 (300)
Seat 3: _SKR (300)
*** ANTE/BLINDS ***
HUGE-COQ posts small blind 10
calipso07 posts big blind 20
Dealt to _SKR [5s Js]
*** PRE-FLOP *** 
_SKR folds
HUGE-COQ calls 10
calipso07 checks
*** FLOP *** [7c Ah 9d]
HUGE-COQ checks
calipso07 checks
*** TURN *** [7c Ah 9d][Jh]
HUGE-COQ checks
calipso07 bets 40
HUGE-COQ calls 40
*** RIVER *** [7c Ah 9d Jh][6d]
HUGE-COQ checks
calipso07 bets 20
HUGE-COQ raises 43 to 63
calipso07 calls 43
*** SHOW DOWN ***
calipso07 shows [2d Jc] (One pair : Jacks)
HUGE-COQ shows [5d 8d] (Straight 9 high)
HUGE-COQ collected 246 from pot
*** SUMMARY ***
Total pot 246 | No rake
Board: [7c Ah 9d Jh 6d]
Seat 1: HUGE-COQ (small blind) showed [5d 8d] and won 246 with Straight 9 high
Seat 2: calipso07 (big blind) showed [2d Jc] and lost with One pair : Jacks


Winamax Poker - Tournament "Expresso Nitro" buyIn: 0.93€ + 0.07€ level: 1 - HandId: #2717572842089611265-2-1676227464 - Holdem no limit (10/20) - 2023/02/12 18:44:24 UTC
Table: 'Expresso Nitro(632734234)#0' 3-max (real money) Seat #1 is the button
Seat 1: HUGE-COQ (423)
Seat 2: calipso07 (177)
Seat 3: _SKR (300)
*** ANTE/BLINDS ***
calipso07 posts small blind 10
_SKR posts big blind 20
Dealt to _SKR [Ad 2s]
*** PRE-FLOP *** 
HUGE-COQ folds
calipso07 calls 10
_SKR raises 280 to 300 and is all-in
calipso07 folds
_SKR collected 320 from pot
*** SUMMARY ***
Total pot 320 | No rake
Seat 3: _SKR (big blind) won 320


Winamax Poker - Tournament "Expresso Nitro" buyIn: 0.93€ + 0.07€ level: 1 - HandId: #2717572842089611265-3-1676227475 - Holdem no limit (10/20) - 2023/02/12 18:44:35 UTC
Table: 'Expresso Nitro(632734234)#0' 3-max (real money) Seat #2 is the button
Seat 1: HUGE-COQ (423)
Seat 2: calipso07 (157)
Seat 3: _SKR (320)
*** ANTE/BLINDS ***
_SKR posts small blind 10
HUGE-COQ posts big blind 20
Dealt to _SKR [5h 5d]
*** PRE-FLOP *** 
calipso07 raises 50 to 70
_SKR folds
HUGE-COQ folds
calipso07 collected 100 from pot
*** SUMMARY ***
Total pot 100 | No rake
Seat 2: calipso07 (button) won 100


Winamax Poker - Tournament "Expresso Nitro" buyIn: 0.93€ + 0.07€ level: 2 - HandId: #2717572842089611265-4-1676227484 - Holdem no limit (15/30) - 2023/02/12 18:44:44 UTC
Table: 'Expresso Nitro(632734234)#0' 3-max (real money) Seat #3 is the button
Seat 1: HUGE-COQ (403)
Seat 2: calipso07 (187)
Seat 3: _SKR (310)
*** ANTE/BLINDS ***
HUGE-COQ posts small blind 15
calipso07 posts big blind 30
Dealt to _SKR [9h 3s]
*** PRE-FLOP *** 
_SKR folds
HUGE-COQ raises 60 to 90
calipso07 folds
HUGE-COQ collected 120 from pot
*** SUMMARY ***
Total pot 120 | No rake
Seat 1: HUGE-COQ (small blind) won 120


Winamax Poker - Tournament "Expresso Nitro" buyIn: 0.93€ + 0.07€ level: 2 - HandId: #2717572842089611265-5-1676227496 - Holdem no limit (15/30) - 2023/02/12 18:44:56 UTC
Table: 'Expresso Nitro(632734234)#0' 3-max (real money) Seat #1 is the button
Seat 1: HUGE-COQ (433)
Seat 2: calipso07 (157)
Seat 3: _SKR (310)
*** ANTE/BLINDS ***
calipso07 posts small blind 15
_SKR posts big blind 30
Dealt to _SKR [7s 4s]
*** PRE-FLOP *** 
HUGE-COQ calls 30
calipso07 calls 15
_SKR checks
*** FLOP *** [Ts 2h 4c]
calipso07 bets 127 and is all-in
_SKR folds
HUGE-COQ folds
calipso07 collected 217 from pot
*** SUMMARY ***
Total pot 217 | No rake
Board: [Ts 2h 4c]
Seat 2: calipso07 (small blind) won 217


Winamax Poker - Tournament "Expresso Nitro" buyIn: 0.93€ + 0.07€ level: 2 - HandId: #2717572842089611265-6-1676227512 - Holdem no limit (15/30) - 2023/02/12 18:45:12 UTC
Table: 'Expresso Nitro(632734234)#0' 3-max (real money) Seat #2 is the button
Seat 1: HUGE-COQ (403)
Seat 2: calipso07 (217)
Seat 3: _SKR (280)
*** ANTE/BLINDS ***
_SKR posts small blind 15
HUGE-COQ posts big blind 30
Dealt to _SKR [6s 5d]
*** PRE-FLOP *** 
calipso07 calls 30
_SKR folds
HUGE-COQ checks
*** FLOP *** [9d Qh Ad]
HUGE-COQ checks
calipso07 checks
*** TURN *** [9d Qh Ad][8s]
HUGE-COQ checks
calipso07 bets 30
HUGE-COQ folds
calipso07 collected 105 from pot
*** SUMMARY ***
Total pot 105 | No rake
Board: [9d Qh Ad 8s]
Seat 2: calipso07 (button) won 105


Winamax Poker - Tournament "Expresso Nitro" buyIn: 0.93€ + 0.07€ level: 2 - HandId: #2717572842089611265-7-1676227529 - Holdem no limit (15/30) - 2023/02/12 18:45:29 UTC
Table: 'Expresso Nitro(632734234)#0' 3-max (real money) Seat #3 is the button
Seat 1: HUGE-COQ (373)
Seat 2: calipso07 (262)
Seat 3: _SKR (265)
*** ANTE/BLINDS ***
HUGE-COQ posts small blind 15
calipso07 posts big blind 30
Dealt to _SKR [3c 3d]
*** PRE-FLOP *** 
_SKR raises 235 to 265 and is all-in
HUGE-COQ calls 250
calipso07 folds
*** FLOP *** [Jh Jd Ad]
*** TURN *** [Jh Jd Ad][3h]
*** RIVER *** [Jh Jd Ad 3h][Qd]
*** SHOW DOWN ***
HUGE-COQ shows [Kh Th] (Straight Ace high)
_SKR shows [3c 3d] (Full of 3 and Jacks)
_SKR collected 560 from pot
*** SUMMARY ***
Total pot 560 | No rake
Board: [Jh Jd Ad 3h Qd]
Seat 1: HUGE-COQ (small blind) showed [Kh Th] and lost with Straight Ace high
Seat 3: _SKR (button) showed [3c 3d] and won 560 with Full of 3 and Jacks


Winamax Poker - Tournament "Expresso Nitro" buyIn: 0.93€ + 0.07€ level: 3 - HandId: #2717572842089611265-8-1676227545 - Holdem no limit (20/40) - 2023/02/12 18:45:45 UTC
Table: 'Expresso Nitro(632734234)#0' 3-max (real money) Seat #1 is the button
Seat 1: HUGE-COQ (108)
Seat 2: calipso07 (232)
Seat 3: _SKR (560)
*** ANTE/BLINDS ***
calipso07 posts small blind 20
_SKR posts big blind 40
Dealt to _SKR [Qs 8s]
*** PRE-FLOP *** 
HUGE-COQ folds
calipso07 calls 20
_SKR raises 520 to 560 and is all-in
calipso07 calls 192 and is all-in
*** FLOP *** [Jc 7d Jh]
*** TURN *** [Jc 7d Jh][Ah]
*** RIVER *** [Jc 7d Jh Ah][9h]
*** SHOW DOWN ***
calipso07 shows [Kd 6d] (One pair : Jacks)
_SKR shows [Qs 8s] (One pair : Jacks)
_SKR collected 328 from side pot 1
calipso07 collected 464 from main pot
*** SUMMARY ***
Total pot 792 | No rake
Board: [Jc 7d Jh Ah 9h]
Seat 2: calipso07 (small blind) showed [Kd 6d] and won 464 with One pair : Jacks
Seat 3: _SKR (big blind) showed [Qs 8s] and won 328 with One pair : Jacks


Winamax Poker - Tournament "Expresso Nitro" buyIn: 0.93€ + 0.07€ level: 3 - HandId: #2717572842089611265-9-1676227571 - Holdem no limit (20/40) - 2023/02/12 18:46:11 UTC
Table: 'Expresso Nitro(632734234)#0' 3-max (real money) Seat #2 is the button
Seat 1: HUGE-COQ (108)
Seat 2: calipso07 (464)
Seat 3: _SKR (328)
*** ANTE/BLINDS ***
_SKR posts small blind 20
HUGE-COQ posts big blind 40
Dealt to _SKR [8s 9d]
*** PRE-FLOP *** 
calipso07 folds
_SKR raises 288 to 328 and is all-in
HUGE-COQ calls 68 and is all-in
*** FLOP *** [Td Qd Kh]
*** TURN *** [Td Qd Kh][3s]
*** RIVER *** [Td Qd Kh 3s][Jh]
*** SHOW DOWN ***
HUGE-COQ shows [7d Th] (One pair : Tens)
_SKR shows [8s 9d] (Straight King high)
_SKR collected 436 from pot
*** SUMMARY ***
Total pot 436 | No rake
Board: [Td Qd Kh 3s Jh]
Seat 1: HUGE-COQ (big blind) showed [7d Th] and lost with One pair : Tens
Seat 3: _SKR (small blind) showed [8s 9d] and won 436 with Straight King high


Winamax Poker - Tournament "Expresso Nitro" buyIn: 0.93€ + 0.07€ level: 4 - HandId: #2717572842089611265-10-1676227601 - Holdem no limit (30/60) - 2023/02/12 18:46:41 UTC
Table: 'Expresso Nitro(632734234)#0' 3-max (real money) Seat #2 is the button
Seat 2: calipso07 (464)
Seat 3: _SKR (436)
*** ANTE/BLINDS ***
calipso07 posts small blind 30
_SKR posts big blind 60
Dealt to _SKR [9c 3h]
*** PRE-FLOP *** 
calipso07 calls 30
_SKR checks
*** FLOP *** [9h Qs Th]
_SKR checks
calipso07 checks
*** TURN *** [9h Qs Th][3d]
_SKR checks
calipso07 bets 60
_SKR calls 60
*** RIVER *** [9h Qs Th 3d][Kc]
_SKR checks
calipso07 bets 60
_SKR calls 60
*** SHOW DOWN ***
calipso07 shows [5c Qc] (One pair : Queens)
_SKR shows [9c 3h] (Two pairs : 9 and 3)
_SKR collected 360 from pot
*** SUMMARY ***
Total pot 360 | No rake
Board: [9h Qs Th 3d Kc]
Seat 2: calipso07 (small blind) (button) showed [5c Qc] and lost with One pair : Queens
Seat 3: _SKR (big blind) showed [9c 3h] and won 360 with Two pairs : 9 and 3


Winamax Poker - Tournament "Expresso Nitro" buyIn: 0.93€ + 0.07€ level: 4 - HandId: #2717572842089611265-11-1676227647 - Holdem no limit (30/60) - 2023/02/12 18:47:27 UTC
Table: 'Expresso Nitro(632734234)#0' 3-max (real money) Seat #3 is the button
Seat 2: calipso07 (284)
Seat 3: _SKR (616)
*** ANTE/BLINDS ***
_SKR posts small blind 30
calipso07 posts big blind 60
Dealt to _SKR [3s 2h]
*** PRE-FLOP *** 
_SKR folds
calipso07 collected 90 from pot
*** SUMMARY ***
Total pot 90 | No rake
Seat 2: calipso07 (big blind) won 90


Winamax Poker - Tournament "Expresso Nitro" buyIn: 0.93€ + 0.07€ level: 4 - HandId: #2717572842089611265-12-1676227655 - Holdem no limit (30/60) - 2023/02/12 18:47:35 UTC
Table: 'Expresso Nitro(632734234)#0' 3-max (real money) Seat #2 is the button
Seat 2: calipso07 (314)
Seat 3: _SKR (586)
*** ANTE/BLINDS ***
calipso07 posts small blind 30
_SKR posts big blind 60
Dealt to _SKR [5c 4s]
*** PRE-FLOP *** 
calipso07 calls 30
_SKR checks
*** FLOP *** [7d Kh 6d]
_SKR checks
calipso07 bets 60
_SKR calls 60
*** TURN *** [7d Kh 6d][2d]
_SKR checks
calipso07 bets 60
_SKR folds
calipso07 collected 300 from pot
*** SUMMARY ***
Total pot 300 | No rake
Board: [7d Kh 6d 2d]
Seat 2: calipso07 (small blind) (button) won 300


Winamax Poker - Tournament "Expresso Nitro" buyIn: 0.93€ + 0.07€ level: 5 - HandId: #2717572842089611265-13-1676227682 - Holdem no limit (40/80) - 2023/02/12 18:48:02 UTC
Table: 'Expresso Nitro(632734234)#0' 3-max (real money) Seat #3 is the button
Seat 2: calipso07 (434)
Seat 3: _SKR (466)
*** ANTE/BLINDS ***
_SKR posts small blind 40
calipso07 posts big blind 80
Dealt to _SKR [2h 5d]
*** PRE-FLOP *** 
_SKR folds
calipso07 collected 120 from pot
*** SUMMARY ***
Total pot 120 | No rake
Seat 2: calipso07 (big blind) won 120


Winamax Poker - Tournament "Expresso Nitro" buyIn: 0.93€ + 0.07€ level: 5 - HandId: #2717572842089611265-14-1676227686 - Holdem no limit (40/80) - 2023/02/12 18:48:06 UTC
Table: 'Expresso Nitro(632734234)#0' 3-max (real money) Seat #2 is the button
Seat 2: calipso07 (474)
Seat 3: _SKR (426)
*** ANTE/BLINDS ***
calipso07 posts small blind 40
_SKR posts big blind 80
Dealt to _SKR [Qd 8c]
*** PRE-FLOP *** 
calipso07 calls 40
_SKR raises 346 to 426 and is all-in
calipso07 folds
_SKR collected 506 from pot
*** SUMMARY ***
Total pot 506 | No rake
Seat 3: _SKR (big blind) won 506


Winamax Poker - Tournament "Expresso Nitro" buyIn: 0.93€ + 0.07€ level: 5 - HandId: #2717572842089611265-15-1676227695 - Holdem no limit (40/80) - 2023/02/12 18:48:15 UTC
Table: 'Expresso Nitro(632734234)#0' 3-max (real money) Seat #3 is the button
Seat 2: calipso07 (394)
Seat 3: _SKR (506)
*** ANTE/BLINDS ***
_SKR posts small blind 40
calipso07 posts big blind 80
Dealt to _SKR [Kh Qs]
*** PRE-FLOP *** 
_SKR raises 426 to 506 and is all-in
calipso07 calls 314 and is all-in
*** FLOP *** [5c 7s 6s]
*** TURN *** [5c 7s 6s][Td]
*** RIVER *** [5c 7s 6s Td][9s]
*** SHOW DOWN ***
calipso07 shows [8s Ah] (Straight Ten high)
_SKR shows [Kh Qs] (High card : King)
_SKR collected 112 from side pot 1
calipso07 collected 788 from main pot
*** SUMMARY ***
Total pot 900 | No rake
Board: [5c 7s 6s Td 9s]
Seat 2: calipso07 (big blind) showed [8s Ah] and won 788 with Straight Ten high
Seat 3: _SKR (small blind) (button) showed [Kh Qs] and won 112 with High card : King


Winamax Poker - Tournament "Expresso Nitro" buyIn: 0.93€ + 0.07€ level: 5 - HandId: #2717572842089611265-16-1676227706 - Holdem no limit (40/80) - 2023/02/12 18:48:26 UTC
Table: 'Expresso Nitro(632734234)#0' 3-max (real money) Seat #2 is the button
Seat 2: calipso07 (788)
Seat 3: _SKR (112)
*** ANTE/BLINDS ***
calipso07 posts small blind 40
_SKR posts big blind 80
Dealt to _SKR [Jc Kh]
*** PRE-FLOP *** 
calipso07 calls 40
_SKR raises 32 to 112 and is all-in
calipso07 calls 32
*** FLOP *** [6h 8h 7c]
*** TURN *** [6h 8h 7c][As]
*** RIVER *** [6h 8h 7c As][2d]
*** SHOW DOWN ***
calipso07 shows [Qc Ts] (High card : Ace)
_SKR shows [Jc Kh] (High card : Ace)
_SKR collected 224 from pot
*** SUMMARY ***
Total pot 224 | No rake
Board: [6h 8h 7c As 2d]
Seat 2: calipso07 (small blind) (button) showed [Qc Ts] and lost with High card : Ace
Seat 3: _SKR (big blind) showed [Jc Kh] and won 224 with High card : Ace


Winamax Poker - Tournament "Expresso Nitro" buyIn: 0.93€ + 0.07€ level: 6 - HandId: #2717572842089611265-17-1676227731 - Holdem no limit (50/100) - 2023/02/12 18:48:51 UTC
Table: 'Expresso Nitro(632734234)#0' 3-max (real money) Seat #3 is the button
Seat 2: calipso07 (676)
Seat 3: _SKR (224)
*** ANTE/BLINDS ***
_SKR posts small blind 50
calipso07 posts big blind 100
Dealt to _SKR [Th 3c]
*** PRE-FLOP *** 
_SKR raises 124 to 224 and is all-in
calipso07 calls 124
*** FLOP *** [5h 2c Qc]
*** TURN *** [5h 2c Qc][2h]
*** RIVER *** [5h 2c Qc 2h][5s]
*** SHOW DOWN ***
calipso07 shows [8c 9c] (Two pairs : 5 and 2)
_SKR shows [Th 3c] (Two pairs : 5 and 2)
_SKR collected 224 from pot
calipso07 collected 224 from pot
*** SUMMARY ***
Total pot 448 | No rake
Board: [5h 2c Qc 2h 5s]
Seat 2: calipso07 (big blind) showed [8c 9c] and won 224 with Two pairs : 5 and 2
Seat 3: _SKR (small blind) (button) showed [Th 3c] and won 224 with Two pairs : 5 and 2


Winamax Poker - Tournament "Expresso Nitro" buyIn: 0.93€ + 0.07€ level: 6 - HandId: #2717572842089611265-18-1676227745 - Holdem no limit (50/100) - 2023/02/12 18:49:05 UTC
Table: 'Expresso Nitro(632734234)#0' 3-max (real money) Seat #2 is the button
Seat 2: calipso07 (676)
Seat 3: _SKR (224)
*** ANTE/BLINDS ***
calipso07 posts small blind 50
_SKR posts big blind 100
Dealt to _SKR [Ac Ks]
*** PRE-FLOP *** 
calipso07 calls 50
_SKR raises 124 to 224 and is all-in
calipso07 folds
_SKR collected 324 from pot
*** SUMMARY ***
Total pot 324 | No rake
Seat 3: _SKR (big blind) won 324


Winamax Poker - Tournament "Expresso Nitro" buyIn: 0.93€ + 0.07€ level: 6 - HandId: #2717572842089611265-19-1676227763 - Holdem no limit (50/100) - 2023/02/12 18:49:23 UTC
Table: 'Expresso Nitro(632734234)#0' 3-max (real money) Seat #3 is the button
Seat 2: calipso07 (576)
Seat 3: _SKR (324)
*** ANTE/BLINDS ***
_SKR posts small blind 50
calipso07 posts big blind 100
Dealt to _SKR [8h 5h]
*** PRE-FLOP *** 
_SKR raises 224 to 324 and is all-in
calipso07 folds
_SKR collected 424 from pot
*** SUMMARY ***
Total pot 424 | No rake
Seat 3: _SKR (small blind) (button) won 424


Winamax Poker - Tournament "Expresso Nitro" buyIn: 0.93€ + 0.07€ level: 6 - HandId: #2717572842089611265-20-1676227769 - Holdem no limit (50/100) - 2023/02/12 18:49:29 UTC
Table: 'Expresso Nitro(632734234)#0' 3-max (real money) Seat #2 is the button
Seat 2: calipso07 (476)
Seat 3: _SKR (424)
*** ANTE/BLINDS ***
calipso07 posts small blind 50
_SKR posts big blind 100
Dealt to _SKR [7d 8d]
*** PRE-FLOP *** 
calipso07 raises 376 to 476 and is all-in
_SKR calls 324 and is all-in
*** FLOP *** [5s 2h Kc]
*** TURN *** [5s 2h Kc][3c]
*** RIVER *** [5s 2h Kc 3c][4d]
*** SHOW DOWN ***
_SKR shows [7d 8d] (High card : King)
calipso07 shows [Ad Td] (Straight 5 high)
calipso07 collected 900 from pot
*** SUMMARY ***
Total pot 900 | No rake
Board: [5s 2h Kc 3c 4d]
Seat 2: calipso07 (small blind) (button) showed [Ad Td] and won 900 with Straight 5 high
Seat 3: _SKR (big blind) showed [7d 8d] and lost with High card : King


