Winamax Poker - Tournament "Expresso Nitro" buyIn: 1.86€ + 0.14€ level: 1 - HandId: #2698250793542221825-1-1675187470 - Holdem no limit (10/20) - 2023/01/31 17:51:10 UTC
Table: 'Expresso Nitro(628235469)#0' 3-max (real money) Seat #3 is the button
Seat 1: _SKR (300)
Seat 2: ci_95zz (300)
Seat 3: YRGM99 (300)
*** ANTE/BLINDS ***
_SKR posts small blind 10
ci_95zz posts big blind 20
Dealt to _SKR [7s 6d]
*** PRE-FLOP *** 
YRGM99 folds
_SKR folds
ci_95zz collected 30 from pot
*** SUMMARY ***
Total pot 30 | No rake
Seat 2: ci_95zz (big blind) won 30


Winamax Poker - Tournament "Expresso Nitro" buyIn: 1.86€ + 0.14€ level: 1 - HandId: #2698250793542221825-2-1675187477 - Holdem no limit (10/20) - 2023/01/31 17:51:17 UTC
Table: 'Expresso Nitro(628235469)#0' 3-max (real money) Seat #1 is the button
Seat 1: _SKR (290)
Seat 2: ci_95zz (310)
Seat 3: YRGM99 (300)
*** ANTE/BLINDS ***
ci_95zz posts small blind 10
YRGM99 posts big blind 20
Dealt to _SKR [4h 6h]
*** PRE-FLOP *** 
_SKR folds
ci_95zz raises 290 to 310 and is all-in
YRGM99 folds
ci_95zz collected 330 from pot
*** SUMMARY ***
Total pot 330 | No rake
Seat 2: ci_95zz (small blind) won 330


Winamax Poker - Tournament "Expresso Nitro" buyIn: 1.86€ + 0.14€ level: 1 - HandId: #2698250793542221825-3-1675187489 - Holdem no limit (10/20) - 2023/01/31 17:51:29 UTC
Table: 'Expresso Nitro(628235469)#0' 3-max (real money) Seat #2 is the button
Seat 1: _SKR (290)
Seat 2: ci_95zz (330)
Seat 3: YRGM99 (280)
*** ANTE/BLINDS ***
YRGM99 posts small blind 10
_SKR posts big blind 20
Dealt to _SKR [8h Kh]
*** PRE-FLOP *** 
ci_95zz raises 310 to 330 and is all-in
YRGM99 folds
_SKR folds
ci_95zz collected 360 from pot
*** SUMMARY ***
Total pot 360 | No rake
Seat 2: ci_95zz (button) won 360


Winamax Poker - Tournament "Expresso Nitro" buyIn: 1.86€ + 0.14€ level: 1 - HandId: #2698250793542221825-4-1675187505 - Holdem no limit (10/20) - 2023/01/31 17:51:45 UTC
Table: 'Expresso Nitro(628235469)#0' 3-max (real money) Seat #3 is the button
Seat 1: _SKR (270)
Seat 2: ci_95zz (360)
Seat 3: YRGM99 (270)
*** ANTE/BLINDS ***
_SKR posts small blind 10
ci_95zz posts big blind 20
Dealt to _SKR [8c 6h]
*** PRE-FLOP *** 
YRGM99 raises 250 to 270 and is all-in
_SKR folds
ci_95zz raises 90 to 360 and is all-in
*** FLOP *** [Tc Jh Kh]
*** TURN *** [Tc Jh Kh][2c]
*** RIVER *** [Tc Jh Kh 2c][2h]
*** SHOW DOWN ***
ci_95zz shows [Ac 4c] (One pair : 2)
YRGM99 shows [As Kd] (Two pairs : Kings and 2)
YRGM99 collected 550 from main pot
ci_95zz collected 90 from side pot 1
*** SUMMARY ***
Total pot 640 | No rake
Board: [Tc Jh Kh 2c 2h]
Seat 2: ci_95zz (big blind) showed [Ac 4c] and won 90 with One pair : 2
Seat 3: YRGM99 (button) showed [As Kd] and won 550 with Two pairs : Kings and 2


Winamax Poker - Tournament "Expresso Nitro" buyIn: 1.86€ + 0.14€ level: 2 - HandId: #2698250793542221825-5-1675187529 - Holdem no limit (15/30) - 2023/01/31 17:52:09 UTC
Table: 'Expresso Nitro(628235469)#0' 3-max (real money) Seat #1 is the button
Seat 1: _SKR (260)
Seat 2: ci_95zz (90)
Seat 3: YRGM99 (550)
*** ANTE/BLINDS ***
ci_95zz posts small blind 15
YRGM99 posts big blind 30
Dealt to _SKR [3c Qd]
*** PRE-FLOP *** 
_SKR folds
ci_95zz raises 60 to 90 and is all-in
YRGM99 calls 60
*** FLOP *** [6s Tc Qs]
*** TURN *** [6s Tc Qs][Th]
*** RIVER *** [6s Tc Qs Th][5d]
*** SHOW DOWN ***
ci_95zz shows [Js 9s] (One pair : Tens)
YRGM99 shows [6d 8d] (Two pairs : Tens and 6)
YRGM99 collected 180 from pot
*** SUMMARY ***
Total pot 180 | No rake
Board: [6s Tc Qs Th 5d]
Seat 2: ci_95zz (small blind) showed [Js 9s] and lost with One pair : Tens
Seat 3: YRGM99 (big blind) showed [6d 8d] and won 180 with Two pairs : Tens and 6


Winamax Poker - Tournament "Expresso Nitro" buyIn: 1.86€ + 0.14€ level: 2 - HandId: #2698250793542221825-6-1675187549 - Holdem no limit (15/30) - 2023/01/31 17:52:29 UTC
Table: 'Expresso Nitro(628235469)#0' 3-max (real money) Seat #3 is the button
Seat 1: _SKR (260)
Seat 3: YRGM99 (640)
*** ANTE/BLINDS ***
YRGM99 posts small blind 15
_SKR posts big blind 30
Dealt to _SKR [9s 9d]
*** PRE-FLOP *** 
YRGM99 calls 15
_SKR raises 230 to 260 and is all-in
YRGM99 folds
_SKR collected 290 from pot
*** SUMMARY ***
Total pot 290 | No rake
Seat 1: _SKR (big blind) won 290


Winamax Poker - Tournament "Expresso Nitro" buyIn: 1.86€ + 0.14€ level: 2 - HandId: #2698250793542221825-7-1675187560 - Holdem no limit (15/30) - 2023/01/31 17:52:40 UTC
Table: 'Expresso Nitro(628235469)#0' 3-max (real money) Seat #1 is the button
Seat 1: _SKR (290)
Seat 3: YRGM99 (610)
*** ANTE/BLINDS ***
_SKR posts small blind 15
YRGM99 posts big blind 30
Dealt to _SKR [Jd 3d]
*** PRE-FLOP *** 
_SKR folds
YRGM99 collected 45 from pot
*** SUMMARY ***
Total pot 45 | No rake
Seat 3: YRGM99 (big blind) won 45


Winamax Poker - Tournament "Expresso Nitro" buyIn: 1.86€ + 0.14€ level: 2 - HandId: #2698250793542221825-8-1675187570 - Holdem no limit (15/30) - 2023/01/31 17:52:50 UTC
Table: 'Expresso Nitro(628235469)#0' 3-max (real money) Seat #3 is the button
Seat 1: _SKR (275)
Seat 3: YRGM99 (625)
*** ANTE/BLINDS ***
YRGM99 posts small blind 15
_SKR posts big blind 30
Dealt to _SKR [5h 8s]
*** PRE-FLOP *** 
YRGM99 raises 595 to 625 and is all-in
_SKR folds
YRGM99 collected 655 from pot
*** SUMMARY ***
Total pot 655 | No rake
Seat 3: YRGM99 (small blind) (button) won 655


Winamax Poker - Tournament "Expresso Nitro" buyIn: 1.86€ + 0.14€ level: 2 - HandId: #2698250793542221825-9-1675187577 - Holdem no limit (15/30) - 2023/01/31 17:52:57 UTC
Table: 'Expresso Nitro(628235469)#0' 3-max (real money) Seat #1 is the button
Seat 1: _SKR (245)
Seat 3: YRGM99 (655)
*** ANTE/BLINDS ***
_SKR posts small blind 15
YRGM99 posts big blind 30
Dealt to _SKR [8c Qh]
*** PRE-FLOP *** 
_SKR raises 215 to 245 and is all-in
YRGM99 folds
_SKR collected 275 from pot
*** SUMMARY ***
Total pot 275 | No rake
Seat 1: _SKR (small blind) (button) won 275


Winamax Poker - Tournament "Expresso Nitro" buyIn: 1.86€ + 0.14€ level: 3 - HandId: #2698250793542221825-10-1675187588 - Holdem no limit (20/40) - 2023/01/31 17:53:08 UTC
Table: 'Expresso Nitro(628235469)#0' 3-max (real money) Seat #3 is the button
Seat 1: _SKR (275)
Seat 3: YRGM99 (625)
*** ANTE/BLINDS ***
YRGM99 posts small blind 20
_SKR posts big blind 40
Dealt to _SKR [Kh Qd]
*** PRE-FLOP *** 
YRGM99 raises 585 to 625 and is all-in
_SKR calls 235 and is all-in
*** FLOP *** [9c 8c 4d]
*** TURN *** [9c 8c 4d][8s]
*** RIVER *** [9c 8c 4d 8s][9d]
*** SHOW DOWN ***
_SKR shows [Kh Qd] (Two pairs : 9 and 8)
YRGM99 shows [7s 7d] (Two pairs : 9 and 8)
YRGM99 collected 350 from side pot 1
_SKR collected 550 from main pot
*** SUMMARY ***
Total pot 900 | No rake
Board: [9c 8c 4d 8s 9d]
Seat 1: _SKR (big blind) showed [Kh Qd] and won 550 with Two pairs : 9 and 8
Seat 3: YRGM99 (small blind) (button) showed [7s 7d] and won 350 with Two pairs : 9 and 8


Winamax Poker - Tournament "Expresso Nitro" buyIn: 1.86€ + 0.14€ level: 3 - HandId: #2698250793542221825-11-1675187604 - Holdem no limit (20/40) - 2023/01/31 17:53:24 UTC
Table: 'Expresso Nitro(628235469)#0' 3-max (real money) Seat #1 is the button
Seat 1: _SKR (550)
Seat 3: YRGM99 (350)
*** ANTE/BLINDS ***
_SKR posts small blind 20
YRGM99 posts big blind 40
Dealt to _SKR [4c 7s]
*** PRE-FLOP *** 
_SKR folds
YRGM99 collected 60 from pot
*** SUMMARY ***
Total pot 60 | No rake
Seat 3: YRGM99 (big blind) won 60


Winamax Poker - Tournament "Expresso Nitro" buyIn: 1.86€ + 0.14€ level: 3 - HandId: #2698250793542221825-12-1675187613 - Holdem no limit (20/40) - 2023/01/31 17:53:33 UTC
Table: 'Expresso Nitro(628235469)#0' 3-max (real money) Seat #3 is the button
Seat 1: _SKR (530)
Seat 3: YRGM99 (370)
*** ANTE/BLINDS ***
YRGM99 posts small blind 20
_SKR posts big blind 40
Dealt to _SKR [2s Kd]
*** PRE-FLOP *** 
YRGM99 raises 330 to 370 and is all-in
_SKR folds
YRGM99 collected 410 from pot
*** SUMMARY ***
Total pot 410 | No rake
Seat 3: YRGM99 (small blind) (button) won 410


Winamax Poker - Tournament "Expresso Nitro" buyIn: 1.86€ + 0.14€ level: 3 - HandId: #2698250793542221825-13-1675187622 - Holdem no limit (20/40) - 2023/01/31 17:53:42 UTC
Table: 'Expresso Nitro(628235469)#0' 3-max (real money) Seat #1 is the button
Seat 1: _SKR (490)
Seat 3: YRGM99 (410)
*** ANTE/BLINDS ***
_SKR posts small blind 20
YRGM99 posts big blind 40
Dealt to _SKR [4s 7d]
*** PRE-FLOP *** 
_SKR folds
YRGM99 collected 60 from pot
*** SUMMARY ***
Total pot 60 | No rake
Seat 3: YRGM99 (big blind) won 60


Winamax Poker - Tournament "Expresso Nitro" buyIn: 1.86€ + 0.14€ level: 3 - HandId: #2698250793542221825-14-1675187625 - Holdem no limit (20/40) - 2023/01/31 17:53:45 UTC
Table: 'Expresso Nitro(628235469)#0' 3-max (real money) Seat #3 is the button
Seat 1: _SKR (470)
Seat 3: YRGM99 (430)
*** ANTE/BLINDS ***
YRGM99 posts small blind 20
_SKR posts big blind 40
Dealt to _SKR [3d 4s]
*** PRE-FLOP *** 
YRGM99 calls 20
_SKR checks
*** FLOP *** [9h 3c 3s]
_SKR checks
YRGM99 bets 40
_SKR calls 40
*** TURN *** [9h 3c 3s][6d]
_SKR bets 104
YRGM99 calls 104
*** RIVER *** [9h 3c 3s 6d][As]
_SKR bets 286 and is all-in
YRGM99 calls 246 and is all-in
*** SHOW DOWN ***
YRGM99 shows [8s 9d] (Two pairs : 9 and 3)
_SKR shows [3d 4s] (Trips of 3)
_SKR collected 900 from pot
*** SUMMARY ***
Total pot 900 | No rake
Board: [9h 3c 3s 6d As]
Seat 1: _SKR (big blind) showed [3d 4s] and won 900 with Trips of 3
Seat 3: YRGM99 (small blind) (button) showed [8s 9d] and lost with Two pairs : 9 and 3


