Winamax Poker - Tournament "Expresso Nitro" buyIn: 0.93€ + 0.07€ level: 1 - HandId: #2729584259298754561-1-1676920979 - Holdem no limit (10/20) - 2023/02/20 19:22:59 UTC
Table: 'Expresso Nitro(635530860)#0' 3-max (real money) Seat #2 is the button
Seat 1: Oulvis (300)
Seat 2: _SKR (300)
Seat 3: Fgalera89 (300)
*** ANTE/BLINDS ***
Fgalera89 posts small blind 10
Oulvis posts big blind 20
Dealt to _SKR [Td 3s]
*** PRE-FLOP *** 
_SKR folds
Fgalera89 calls 10
Oulvis checks
*** FLOP *** [4s 6c Qs]
Fgalera89 checks
Oulvis checks
*** TURN *** [4s 6c Qs][Kh]
Fgalera89 checks
Oulvis checks
*** RIVER *** [4s 6c Qs Kh][3h]
Fgalera89 checks
Oulvis checks
*** SHOW DOWN ***
Oulvis shows [2h 4c] (One pair : 4)
Fgalera89 shows [9d Qh] (One pair : Queens)
Fgalera89 collected 40 from pot
*** SUMMARY ***
Total pot 40 | No rake
Board: [4s 6c Qs Kh 3h]
Seat 1: Oulvis (big blind) showed [2h 4c] and lost with One pair : 4
Seat 3: Fgalera89 (small blind) showed [9d Qh] and won 40 with One pair : Queens


Winamax Poker - Tournament "Expresso Nitro" buyIn: 0.93€ + 0.07€ level: 1 - HandId: #2729584259298754561-2-1676920999 - Holdem no limit (10/20) - 2023/02/20 19:23:19 UTC
Table: 'Expresso Nitro(635530860)#0' 3-max (real money) Seat #3 is the button
Seat 1: Oulvis (280)
Seat 2: _SKR (300)
Seat 3: Fgalera89 (320)
*** ANTE/BLINDS ***
Oulvis posts small blind 10
_SKR posts big blind 20
Dealt to _SKR [Qc Kd]
*** PRE-FLOP *** 
Fgalera89 folds
Oulvis raises 20 to 40
_SKR raises 260 to 300 and is all-in
Oulvis calls 240 and is all-in
*** FLOP *** [Qd 2h 2d]
*** TURN *** [Qd 2h 2d][3c]
*** RIVER *** [Qd 2h 2d 3c][5h]
*** SHOW DOWN ***
Oulvis shows [Jh Kh] (One pair : 2)
_SKR shows [Qc Kd] (Two pairs : Queens and 2)
_SKR collected 580 from pot
*** SUMMARY ***
Total pot 580 | No rake
Board: [Qd 2h 2d 3c 5h]
Seat 1: Oulvis (small blind) showed [Jh Kh] and lost with One pair : 2
Seat 2: _SKR (big blind) showed [Qc Kd] and won 580 with Two pairs : Queens and 2


Winamax Poker - Tournament "Expresso Nitro" buyIn: 0.93€ + 0.07€ level: 1 - HandId: #2729584259298754561-3-1676921015 - Holdem no limit (10/20) - 2023/02/20 19:23:35 UTC
Table: 'Expresso Nitro(635530860)#0' 3-max (real money) Seat #2 is the button
Seat 2: _SKR (580)
Seat 3: Fgalera89 (320)
*** ANTE/BLINDS ***
_SKR posts small blind 10
Fgalera89 posts big blind 20
Dealt to _SKR [8d 4s]
*** PRE-FLOP *** 
_SKR folds
Fgalera89 collected 30 from pot
*** SUMMARY ***
Total pot 30 | No rake
Seat 3: Fgalera89 (big blind) won 30


Winamax Poker - Tournament "Expresso Nitro" buyIn: 0.93€ + 0.07€ level: 1 - HandId: #2729584259298754561-4-1676921019 - Holdem no limit (10/20) - 2023/02/20 19:23:39 UTC
Table: 'Expresso Nitro(635530860)#0' 3-max (real money) Seat #3 is the button
Seat 2: _SKR (570)
Seat 3: Fgalera89 (330)
*** ANTE/BLINDS ***
Fgalera89 posts small blind 10
_SKR posts big blind 20
Dealt to _SKR [2c 7d]
*** PRE-FLOP *** 
Fgalera89 folds
_SKR collected 30 from pot
*** SUMMARY ***
Total pot 30 | No rake
Seat 2: _SKR (big blind) won 30


Winamax Poker - Tournament "Expresso Nitro" buyIn: 0.93€ + 0.07€ level: 1 - HandId: #2729584259298754561-5-1676921022 - Holdem no limit (10/20) - 2023/02/20 19:23:42 UTC
Table: 'Expresso Nitro(635530860)#0' 3-max (real money) Seat #2 is the button
Seat 2: _SKR (580)
Seat 3: Fgalera89 (320)
*** ANTE/BLINDS ***
_SKR posts small blind 10
Fgalera89 posts big blind 20
Dealt to _SKR [Jd 8c]
*** PRE-FLOP *** 
_SKR raises 20 to 40
Fgalera89 raises 280 to 320 and is all-in
_SKR folds
Fgalera89 collected 360 from pot
*** SUMMARY ***
Total pot 360 | No rake
Seat 3: Fgalera89 (big blind) won 360


Winamax Poker - Tournament "Expresso Nitro" buyIn: 0.93€ + 0.07€ level: 1 - HandId: #2729584259298754561-6-1676921028 - Holdem no limit (10/20) - 2023/02/20 19:23:48 UTC
Table: 'Expresso Nitro(635530860)#0' 3-max (real money) Seat #3 is the button
Seat 2: _SKR (540)
Seat 3: Fgalera89 (360)
*** ANTE/BLINDS ***
Fgalera89 posts small blind 10
_SKR posts big blind 20
Dealt to _SKR [3h Qs]
*** PRE-FLOP *** 
Fgalera89 folds
_SKR collected 30 from pot
*** SUMMARY ***
Total pot 30 | No rake
Seat 2: _SKR (big blind) won 30


Winamax Poker - Tournament "Expresso Nitro" buyIn: 0.93€ + 0.07€ level: 1 - HandId: #2729584259298754561-7-1676921031 - Holdem no limit (10/20) - 2023/02/20 19:23:51 UTC
Table: 'Expresso Nitro(635530860)#0' 3-max (real money) Seat #2 is the button
Seat 2: _SKR (550)
Seat 3: Fgalera89 (350)
*** ANTE/BLINDS ***
_SKR posts small blind 10
Fgalera89 posts big blind 20
Dealt to _SKR [5c 7s]
*** PRE-FLOP *** 
_SKR folds
Fgalera89 collected 30 from pot
*** SUMMARY ***
Total pot 30 | No rake
Seat 3: Fgalera89 (big blind) won 30


Winamax Poker - Tournament "Expresso Nitro" buyIn: 0.93€ + 0.07€ level: 2 - HandId: #2729584259298754561-8-1676921035 - Holdem no limit (15/30) - 2023/02/20 19:23:55 UTC
Table: 'Expresso Nitro(635530860)#0' 3-max (real money) Seat #3 is the button
Seat 2: _SKR (540)
Seat 3: Fgalera89 (360)
*** ANTE/BLINDS ***
Fgalera89 posts small blind 15
_SKR posts big blind 30
Dealt to _SKR [7d Ad]
*** PRE-FLOP *** 
Fgalera89 folds
_SKR collected 45 from pot
*** SUMMARY ***
Total pot 45 | No rake
Seat 2: _SKR (big blind) won 45


Winamax Poker - Tournament "Expresso Nitro" buyIn: 0.93€ + 0.07€ level: 2 - HandId: #2729584259298754561-9-1676921039 - Holdem no limit (15/30) - 2023/02/20 19:23:59 UTC
Table: 'Expresso Nitro(635530860)#0' 3-max (real money) Seat #2 is the button
Seat 2: _SKR (555)
Seat 3: Fgalera89 (345)
*** ANTE/BLINDS ***
_SKR posts small blind 15
Fgalera89 posts big blind 30
Dealt to _SKR [Qc 9d]
*** PRE-FLOP *** 
_SKR raises 30 to 60
Fgalera89 calls 30
*** FLOP *** [7d Ah 7h]
Fgalera89 checks
_SKR bets 42
Fgalera89 raises 243 to 285 and is all-in
_SKR folds
Fgalera89 collected 447 from pot
*** SUMMARY ***
Total pot 447 | No rake
Board: [7d Ah 7h]
Seat 3: Fgalera89 (big blind) won 447


Winamax Poker - Tournament "Expresso Nitro" buyIn: 0.93€ + 0.07€ level: 2 - HandId: #2729584259298754561-10-1676921059 - Holdem no limit (15/30) - 2023/02/20 19:24:19 UTC
Table: 'Expresso Nitro(635530860)#0' 3-max (real money) Seat #3 is the button
Seat 2: _SKR (453)
Seat 3: Fgalera89 (447)
*** ANTE/BLINDS ***
Fgalera89 posts small blind 15
_SKR posts big blind 30
Dealt to _SKR [Td 5c]
*** PRE-FLOP *** 
Fgalera89 folds
_SKR collected 45 from pot
*** SUMMARY ***
Total pot 45 | No rake
Seat 2: _SKR (big blind) won 45


Winamax Poker - Tournament "Expresso Nitro" buyIn: 0.93€ + 0.07€ level: 2 - HandId: #2729584259298754561-11-1676921063 - Holdem no limit (15/30) - 2023/02/20 19:24:23 UTC
Table: 'Expresso Nitro(635530860)#0' 3-max (real money) Seat #2 is the button
Seat 2: _SKR (468)
Seat 3: Fgalera89 (432)
*** ANTE/BLINDS ***
_SKR posts small blind 15
Fgalera89 posts big blind 30
Dealt to _SKR [3d 5d]
*** PRE-FLOP *** 
_SKR folds
Fgalera89 collected 45 from pot
*** SUMMARY ***
Total pot 45 | No rake
Seat 3: Fgalera89 (big blind) won 45


Winamax Poker - Tournament "Expresso Nitro" buyIn: 0.93€ + 0.07€ level: 2 - HandId: #2729584259298754561-12-1676921068 - Holdem no limit (15/30) - 2023/02/20 19:24:28 UTC
Table: 'Expresso Nitro(635530860)#0' 3-max (real money) Seat #3 is the button
Seat 2: _SKR (453)
Seat 3: Fgalera89 (447)
*** ANTE/BLINDS ***
Fgalera89 posts small blind 15
_SKR posts big blind 30
Dealt to _SKR [5h 7s]
*** PRE-FLOP *** 
Fgalera89 calls 15
_SKR checks
*** FLOP *** [4c Tc 8d]
_SKR checks
Fgalera89 bets 39
_SKR folds
Fgalera89 collected 99 from pot
*** SUMMARY ***
Total pot 99 | No rake
Board: [4c Tc 8d]
Seat 3: Fgalera89 (small blind) (button) won 99


Winamax Poker - Tournament "Expresso Nitro" buyIn: 0.93€ + 0.07€ level: 2 - HandId: #2729584259298754561-13-1676921081 - Holdem no limit (15/30) - 2023/02/20 19:24:41 UTC
Table: 'Expresso Nitro(635530860)#0' 3-max (real money) Seat #2 is the button
Seat 2: _SKR (423)
Seat 3: Fgalera89 (477)
*** ANTE/BLINDS ***
_SKR posts small blind 15
Fgalera89 posts big blind 30
Dealt to _SKR [Jh 8c]
*** PRE-FLOP *** 
_SKR raises 30 to 60
Fgalera89 folds
_SKR collected 90 from pot
*** SUMMARY ***
Total pot 90 | No rake
Seat 2: _SKR (small blind) (button) won 90


Winamax Poker - Tournament "Expresso Nitro" buyIn: 0.93€ + 0.07€ level: 2 - HandId: #2729584259298754561-14-1676921089 - Holdem no limit (15/30) - 2023/02/20 19:24:49 UTC
Table: 'Expresso Nitro(635530860)#0' 3-max (real money) Seat #3 is the button
Seat 2: _SKR (453)
Seat 3: Fgalera89 (447)
*** ANTE/BLINDS ***
Fgalera89 posts small blind 15
_SKR posts big blind 30
Dealt to _SKR [Kd 6h]
*** PRE-FLOP *** 
Fgalera89 calls 15
_SKR checks
*** FLOP *** [Ts 7h 7d]
_SKR checks
Fgalera89 checks
*** TURN *** [Ts 7h 7d][3h]
_SKR checks
Fgalera89 bets 30
_SKR folds
Fgalera89 collected 90 from pot
*** SUMMARY ***
Total pot 90 | No rake
Board: [Ts 7h 7d 3h]
Seat 3: Fgalera89 (small blind) (button) won 90


Winamax Poker - Tournament "Expresso Nitro" buyIn: 0.93€ + 0.07€ level: 3 - HandId: #2729584259298754561-15-1676921104 - Holdem no limit (20/40) - 2023/02/20 19:25:04 UTC
Table: 'Expresso Nitro(635530860)#0' 3-max (real money) Seat #2 is the button
Seat 2: _SKR (423)
Seat 3: Fgalera89 (477)
*** ANTE/BLINDS ***
_SKR posts small blind 20
Fgalera89 posts big blind 40
Dealt to _SKR [Jc Ts]
*** PRE-FLOP *** 
_SKR calls 20
Fgalera89 checks
*** FLOP *** [Qd 7c 4c]
Fgalera89 checks
_SKR bets 40
Fgalera89 folds
_SKR collected 120 from pot
*** SUMMARY ***
Total pot 120 | No rake
Board: [Qd 7c 4c]
Seat 2: _SKR (small blind) (button) won 120


Winamax Poker - Tournament "Expresso Nitro" buyIn: 0.93€ + 0.07€ level: 3 - HandId: #2729584259298754561-16-1676921116 - Holdem no limit (20/40) - 2023/02/20 19:25:16 UTC
Table: 'Expresso Nitro(635530860)#0' 3-max (real money) Seat #3 is the button
Seat 2: _SKR (463)
Seat 3: Fgalera89 (437)
*** ANTE/BLINDS ***
Fgalera89 posts small blind 20
_SKR posts big blind 40
Dealt to _SKR [8c Qc]
*** PRE-FLOP *** 
Fgalera89 folds
_SKR collected 60 from pot
*** SUMMARY ***
Total pot 60 | No rake
Seat 2: _SKR (big blind) won 60


Winamax Poker - Tournament "Expresso Nitro" buyIn: 0.93€ + 0.07€ level: 3 - HandId: #2729584259298754561-17-1676921121 - Holdem no limit (20/40) - 2023/02/20 19:25:21 UTC
Table: 'Expresso Nitro(635530860)#0' 3-max (real money) Seat #2 is the button
Seat 2: _SKR (483)
Seat 3: Fgalera89 (417)
*** ANTE/BLINDS ***
_SKR posts small blind 20
Fgalera89 posts big blind 40
Dealt to _SKR [3d Kh]
*** PRE-FLOP *** 
_SKR raises 443 to 483 and is all-in
Fgalera89 calls 377 and is all-in
*** FLOP *** [Qc Js Th]
*** TURN *** [Qc Js Th][7h]
*** RIVER *** [Qc Js Th 7h][7d]
*** SHOW DOWN ***
_SKR shows [3d Kh] (One pair : 7)
Fgalera89 shows [2d 2s] (Two pairs : 7 and 2)
Fgalera89 collected 834 from main pot
_SKR collected 66 from side pot 1
*** SUMMARY ***
Total pot 900 | No rake
Board: [Qc Js Th 7h 7d]
Seat 2: _SKR (small blind) (button) showed [3d Kh] and won 66 with One pair : 7
Seat 3: Fgalera89 (big blind) showed [2d 2s] and won 834 with Two pairs : 7 and 2


Winamax Poker - Tournament "Expresso Nitro" buyIn: 0.93€ + 0.07€ level: 3 - HandId: #2729584259298754561-18-1676921134 - Holdem no limit (20/40) - 2023/02/20 19:25:34 UTC
Table: 'Expresso Nitro(635530860)#0' 3-max (real money) Seat #3 is the button
Seat 2: _SKR (66)
Seat 3: Fgalera89 (834)
*** ANTE/BLINDS ***
Fgalera89 posts small blind 20
_SKR posts big blind 40
Dealt to _SKR [Kc Ac]
*** PRE-FLOP *** 
Fgalera89 folds
_SKR collected 60 from pot
*** SUMMARY ***
Total pot 60 | No rake
Seat 2: _SKR (big blind) won 60


Winamax Poker - Tournament "Expresso Nitro" buyIn: 0.93€ + 0.07€ level: 3 - HandId: #2729584259298754561-19-1676921138 - Holdem no limit (20/40) - 2023/02/20 19:25:38 UTC
Table: 'Expresso Nitro(635530860)#0' 3-max (real money) Seat #2 is the button
Seat 2: _SKR (86)
Seat 3: Fgalera89 (814)
*** ANTE/BLINDS ***
_SKR posts small blind 20
Fgalera89 posts big blind 40
Dealt to _SKR [Qs 6s]
*** PRE-FLOP *** 
_SKR raises 46 to 86 and is all-in
Fgalera89 folds
_SKR collected 126 from pot
*** SUMMARY ***
Total pot 126 | No rake
Seat 2: _SKR (small blind) (button) won 126


Winamax Poker - Tournament "Expresso Nitro" buyIn: 0.93€ + 0.07€ level: 3 - HandId: #2729584259298754561-20-1676921143 - Holdem no limit (20/40) - 2023/02/20 19:25:43 UTC
Table: 'Expresso Nitro(635530860)#0' 3-max (real money) Seat #3 is the button
Seat 2: _SKR (126)
Seat 3: Fgalera89 (774)
*** ANTE/BLINDS ***
Fgalera89 posts small blind 20
_SKR posts big blind 40
Dealt to _SKR [Ts 8c]
*** PRE-FLOP *** 
Fgalera89 folds
_SKR collected 60 from pot
*** SUMMARY ***
Total pot 60 | No rake
Seat 2: _SKR (big blind) won 60


Winamax Poker - Tournament "Expresso Nitro" buyIn: 0.93€ + 0.07€ level: 3 - HandId: #2729584259298754561-21-1676921147 - Holdem no limit (20/40) - 2023/02/20 19:25:47 UTC
Table: 'Expresso Nitro(635530860)#0' 3-max (real money) Seat #2 is the button
Seat 2: _SKR (146)
Seat 3: Fgalera89 (754)
*** ANTE/BLINDS ***
_SKR posts small blind 20
Fgalera89 posts big blind 40
Dealt to _SKR [Td 7h]
*** PRE-FLOP *** 
_SKR raises 106 to 146 and is all-in
Fgalera89 folds
_SKR collected 186 from pot
*** SUMMARY ***
Total pot 186 | No rake
Seat 2: _SKR (small blind) (button) won 186


Winamax Poker - Tournament "Expresso Nitro" buyIn: 0.93€ + 0.07€ level: 3 - HandId: #2729584259298754561-22-1676921154 - Holdem no limit (20/40) - 2023/02/20 19:25:54 UTC
Table: 'Expresso Nitro(635530860)#0' 3-max (real money) Seat #3 is the button
Seat 2: _SKR (186)
Seat 3: Fgalera89 (714)
*** ANTE/BLINDS ***
Fgalera89 posts small blind 20
_SKR posts big blind 40
Dealt to _SKR [Ad 4d]
*** PRE-FLOP *** 
Fgalera89 folds
_SKR collected 60 from pot
*** SUMMARY ***
Total pot 60 | No rake
Seat 2: _SKR (big blind) won 60


Winamax Poker - Tournament "Expresso Nitro" buyIn: 0.93€ + 0.07€ level: 4 - HandId: #2729584259298754561-23-1676921158 - Holdem no limit (30/60) - 2023/02/20 19:25:58 UTC
Table: 'Expresso Nitro(635530860)#0' 3-max (real money) Seat #2 is the button
Seat 2: _SKR (206)
Seat 3: Fgalera89 (694)
*** ANTE/BLINDS ***
_SKR posts small blind 30
Fgalera89 posts big blind 60
Dealt to _SKR [Jh 7s]
*** PRE-FLOP *** 
_SKR raises 146 to 206 and is all-in
Fgalera89 folds
_SKR collected 266 from pot
*** SUMMARY ***
Total pot 266 | No rake
Seat 2: _SKR (small blind) (button) won 266


Winamax Poker - Tournament "Expresso Nitro" buyIn: 0.93€ + 0.07€ level: 4 - HandId: #2729584259298754561-24-1676921163 - Holdem no limit (30/60) - 2023/02/20 19:26:03 UTC
Table: 'Expresso Nitro(635530860)#0' 3-max (real money) Seat #3 is the button
Seat 2: _SKR (266)
Seat 3: Fgalera89 (634)
*** ANTE/BLINDS ***
Fgalera89 posts small blind 30
_SKR posts big blind 60
Dealt to _SKR [Qh Ts]
*** PRE-FLOP *** 
Fgalera89 raises 574 to 634 and is all-in
_SKR calls 206 and is all-in
*** FLOP *** [Qs 7s 7d]
*** TURN *** [Qs 7s 7d][6s]
*** RIVER *** [Qs 7s 7d 6s][6h]
*** SHOW DOWN ***
_SKR shows [Qh Ts] (Two pairs : Queens and 7)
Fgalera89 shows [Kh 6d] (Full of 6 and 7)
Fgalera89 collected 900 from pot
*** SUMMARY ***
Total pot 900 | No rake
Board: [Qs 7s 7d 6s 6h]
Seat 2: _SKR (big blind) showed [Qh Ts] and lost with Two pairs : Queens and 7
Seat 3: Fgalera89 (small blind) (button) showed [Kh 6d] and won 900 with Full of 6 and 7


