Winamax Poker - Tournament "Expresso Nitro" buyIn: 0.93€ + 0.07€ level: 1 - HandId: #2717552471059726337-1-1676226686 - Holdem no limit (10/20) - 2023/02/12 18:31:26 UTC
Table: 'Expresso Nitro(632729491)#0' 3-max (real money) Seat #1 is the button
Seat 1: _SKR (300)
Seat 2: thebestever1 (300)
Seat 3: maksi (300)
*** ANTE/BLINDS ***
thebestever1 posts small blind 10
maksi posts big blind 20
Dealt to _SKR [4s 2d]
*** PRE-FLOP *** 
_SKR folds
thebestever1 raises 280 to 300 and is all-in
maksi calls 280 and is all-in
*** FLOP *** [4h 8h 5d]
*** TURN *** [4h 8h 5d][2s]
*** RIVER *** [4h 8h 5d 2s][2h]
*** SHOW DOWN ***
maksi shows [Ad Js] (One pair : 2)
thebestever1 shows [Ah 3d] (Straight 5 high)
thebestever1 collected 600 from pot
*** SUMMARY ***
Total pot 600 | No rake
Board: [4h 8h 5d 2s 2h]
Seat 2: thebestever1 (small blind) showed [Ah 3d] and won 600 with Straight 5 high
Seat 3: maksi (big blind) showed [Ad Js] and lost with One pair : 2


Winamax Poker - Tournament "Expresso Nitro" buyIn: 0.93€ + 0.07€ level: 1 - HandId: #2717552471059726337-2-1676226705 - Holdem no limit (10/20) - 2023/02/12 18:31:45 UTC
Table: 'Expresso Nitro(632729491)#0' 3-max (real money) Seat #1 is the button
Seat 1: _SKR (300)
Seat 2: thebestever1 (600)
*** ANTE/BLINDS ***
_SKR posts small blind 10
thebestever1 posts big blind 20
Dealt to _SKR [3c 5d]
*** PRE-FLOP *** 
_SKR folds
thebestever1 collected 30 from pot
*** SUMMARY ***
Total pot 30 | No rake
Seat 2: thebestever1 (big blind) won 30


Winamax Poker - Tournament "Expresso Nitro" buyIn: 0.93€ + 0.07€ level: 1 - HandId: #2717552471059726337-3-1676226711 - Holdem no limit (10/20) - 2023/02/12 18:31:51 UTC
Table: 'Expresso Nitro(632729491)#0' 3-max (real money) Seat #2 is the button
Seat 1: _SKR (290)
Seat 2: thebestever1 (610)
*** ANTE/BLINDS ***
thebestever1 posts small blind 10
_SKR posts big blind 20
Dealt to _SKR [4h 6c]
*** PRE-FLOP *** 
thebestever1 raises 20 to 40
_SKR folds
thebestever1 collected 60 from pot
*** SUMMARY ***
Total pot 60 | No rake
Seat 2: thebestever1 (small blind) (button) won 60


Winamax Poker - Tournament "Expresso Nitro" buyIn: 0.93€ + 0.07€ level: 1 - HandId: #2717552471059726337-4-1676226719 - Holdem no limit (10/20) - 2023/02/12 18:31:59 UTC
Table: 'Expresso Nitro(632729491)#0' 3-max (real money) Seat #1 is the button
Seat 1: _SKR (270)
Seat 2: thebestever1 (630)
*** ANTE/BLINDS ***
_SKR posts small blind 10
thebestever1 posts big blind 20
Dealt to _SKR [Tc 4s]
*** PRE-FLOP *** 
_SKR folds
thebestever1 collected 30 from pot
*** SUMMARY ***
Total pot 30 | No rake
Seat 2: thebestever1 (big blind) won 30


Winamax Poker - Tournament "Expresso Nitro" buyIn: 0.93€ + 0.07€ level: 1 - HandId: #2717552471059726337-5-1676226723 - Holdem no limit (10/20) - 2023/02/12 18:32:03 UTC
Table: 'Expresso Nitro(632729491)#0' 3-max (real money) Seat #2 is the button
Seat 1: _SKR (260)
Seat 2: thebestever1 (640)
*** ANTE/BLINDS ***
thebestever1 posts small blind 10
_SKR posts big blind 20
Dealt to _SKR [6s Ts]
*** PRE-FLOP *** 
thebestever1 raises 20 to 40
_SKR folds
thebestever1 collected 60 from pot
*** SUMMARY ***
Total pot 60 | No rake
Seat 2: thebestever1 (small blind) (button) won 60


Winamax Poker - Tournament "Expresso Nitro" buyIn: 0.93€ + 0.07€ level: 1 - HandId: #2717552471059726337-6-1676226728 - Holdem no limit (10/20) - 2023/02/12 18:32:08 UTC
Table: 'Expresso Nitro(632729491)#0' 3-max (real money) Seat #1 is the button
Seat 1: _SKR (240)
Seat 2: thebestever1 (660)
*** ANTE/BLINDS ***
_SKR posts small blind 10
thebestever1 posts big blind 20
Dealt to _SKR [Js 9h]
*** PRE-FLOP *** 
_SKR calls 10
thebestever1 raises 20 to 40
_SKR calls 20
*** FLOP *** [Jd Qs 9s]
thebestever1 bets 28
_SKR raises 39 to 67
thebestever1 calls 39
*** TURN *** [Jd Qs 9s][4h]
thebestever1 checks
_SKR bets 133 and is all-in
thebestever1 calls 133
*** RIVER *** [Jd Qs 9s 4h][4s]
*** SHOW DOWN ***
thebestever1 shows [Th 5c] (One pair : 4)
_SKR shows [Js 9h] (Two pairs : Jacks and 9)
_SKR collected 480 from pot
*** SUMMARY ***
Total pot 480 | No rake
Board: [Jd Qs 9s 4h 4s]
Seat 1: _SKR (small blind) (button) showed [Js 9h] and won 480 with Two pairs : Jacks and 9
Seat 2: thebestever1 (big blind) showed [Th 5c] and lost with One pair : 4


Winamax Poker - Tournament "Expresso Nitro" buyIn: 0.93€ + 0.07€ level: 2 - HandId: #2717552471059726337-7-1676226766 - Holdem no limit (15/30) - 2023/02/12 18:32:46 UTC
Table: 'Expresso Nitro(632729491)#0' 3-max (real money) Seat #2 is the button
Seat 1: _SKR (480)
Seat 2: thebestever1 (420)
*** ANTE/BLINDS ***
thebestever1 posts small blind 15
_SKR posts big blind 30
Dealt to _SKR [6h 9h]
*** PRE-FLOP *** 
thebestever1 raises 390 to 420 and is all-in
_SKR folds
thebestever1 collected 450 from pot
*** SUMMARY ***
Total pot 450 | No rake
Seat 2: thebestever1 (small blind) (button) won 450


Winamax Poker - Tournament "Expresso Nitro" buyIn: 0.93€ + 0.07€ level: 2 - HandId: #2717552471059726337-8-1676226772 - Holdem no limit (15/30) - 2023/02/12 18:32:52 UTC
Table: 'Expresso Nitro(632729491)#0' 3-max (real money) Seat #1 is the button
Seat 1: _SKR (450)
Seat 2: thebestever1 (450)
*** ANTE/BLINDS ***
_SKR posts small blind 15
thebestever1 posts big blind 30
Dealt to _SKR [2d 5c]
*** PRE-FLOP *** 
_SKR folds
thebestever1 collected 45 from pot
*** SUMMARY ***
Total pot 45 | No rake
Seat 2: thebestever1 (big blind) won 45


Winamax Poker - Tournament "Expresso Nitro" buyIn: 0.93€ + 0.07€ level: 2 - HandId: #2717552471059726337-9-1676226775 - Holdem no limit (15/30) - 2023/02/12 18:32:55 UTC
Table: 'Expresso Nitro(632729491)#0' 3-max (real money) Seat #2 is the button
Seat 1: _SKR (435)
Seat 2: thebestever1 (465)
*** ANTE/BLINDS ***
thebestever1 posts small blind 15
_SKR posts big blind 30
Dealt to _SKR [7h 4c]
*** PRE-FLOP *** 
thebestever1 raises 30 to 60
_SKR folds
thebestever1 collected 90 from pot
*** SUMMARY ***
Total pot 90 | No rake
Seat 2: thebestever1 (small blind) (button) won 90


Winamax Poker - Tournament "Expresso Nitro" buyIn: 0.93€ + 0.07€ level: 2 - HandId: #2717552471059726337-10-1676226784 - Holdem no limit (15/30) - 2023/02/12 18:33:04 UTC
Table: 'Expresso Nitro(632729491)#0' 3-max (real money) Seat #1 is the button
Seat 1: _SKR (405)
Seat 2: thebestever1 (495)
*** ANTE/BLINDS ***
_SKR posts small blind 15
thebestever1 posts big blind 30
Dealt to _SKR [Qs Js]
*** PRE-FLOP *** 
_SKR raises 30 to 60
thebestever1 calls 30
*** FLOP *** [Ts 9s Ad]
thebestever1 checks
_SKR bets 60
thebestever1 calls 60
*** TURN *** [Ts 9s Ad][3d]
thebestever1 bets 30
_SKR calls 30
*** RIVER *** [Ts 9s Ad 3d][7h]
thebestever1 bets 345 and is all-in
_SKR folds
thebestever1 collected 645 from pot
*** SUMMARY ***
Total pot 645 | No rake
Board: [Ts 9s Ad 3d 7h]
Seat 2: thebestever1 (big blind) won 645


Winamax Poker - Tournament "Expresso Nitro" buyIn: 0.93€ + 0.07€ level: 3 - HandId: #2717552471059726337-11-1676226808 - Holdem no limit (20/40) - 2023/02/12 18:33:28 UTC
Table: 'Expresso Nitro(632729491)#0' 3-max (real money) Seat #2 is the button
Seat 1: _SKR (255)
Seat 2: thebestever1 (645)
*** ANTE/BLINDS ***
thebestever1 posts small blind 20
_SKR posts big blind 40
Dealt to _SKR [6c 5c]
*** PRE-FLOP *** 
thebestever1 folds
_SKR collected 60 from pot
*** SUMMARY ***
Total pot 60 | No rake
Seat 1: _SKR (big blind) won 60


Winamax Poker - Tournament "Expresso Nitro" buyIn: 0.93€ + 0.07€ level: 3 - HandId: #2717552471059726337-12-1676226812 - Holdem no limit (20/40) - 2023/02/12 18:33:32 UTC
Table: 'Expresso Nitro(632729491)#0' 3-max (real money) Seat #1 is the button
Seat 1: _SKR (275)
Seat 2: thebestever1 (625)
*** ANTE/BLINDS ***
_SKR posts small blind 20
thebestever1 posts big blind 40
Dealt to _SKR [As 9d]
*** PRE-FLOP *** 
_SKR raises 235 to 275 and is all-in
thebestever1 folds
_SKR collected 315 from pot
*** SUMMARY ***
Total pot 315 | No rake
Seat 1: _SKR (small blind) (button) won 315


Winamax Poker - Tournament "Expresso Nitro" buyIn: 0.93€ + 0.07€ level: 3 - HandId: #2717552471059726337-13-1676226819 - Holdem no limit (20/40) - 2023/02/12 18:33:39 UTC
Table: 'Expresso Nitro(632729491)#0' 3-max (real money) Seat #2 is the button
Seat 1: _SKR (315)
Seat 2: thebestever1 (585)
*** ANTE/BLINDS ***
thebestever1 posts small blind 20
_SKR posts big blind 40
Dealt to _SKR [7h Ad]
*** PRE-FLOP *** 
thebestever1 folds
_SKR collected 60 from pot
*** SUMMARY ***
Total pot 60 | No rake
Seat 1: _SKR (big blind) won 60


Winamax Poker - Tournament "Expresso Nitro" buyIn: 0.93€ + 0.07€ level: 3 - HandId: #2717552471059726337-14-1676226823 - Holdem no limit (20/40) - 2023/02/12 18:33:43 UTC
Table: 'Expresso Nitro(632729491)#0' 3-max (real money) Seat #1 is the button
Seat 1: _SKR (335)
Seat 2: thebestever1 (565)
*** ANTE/BLINDS ***
_SKR posts small blind 20
thebestever1 posts big blind 40
Dealt to _SKR [Qc 2d]
*** PRE-FLOP *** 
_SKR folds
thebestever1 collected 60 from pot
*** SUMMARY ***
Total pot 60 | No rake
Seat 2: thebestever1 (big blind) won 60


Winamax Poker - Tournament "Expresso Nitro" buyIn: 0.93€ + 0.07€ level: 3 - HandId: #2717552471059726337-15-1676226826 - Holdem no limit (20/40) - 2023/02/12 18:33:46 UTC
Table: 'Expresso Nitro(632729491)#0' 3-max (real money) Seat #2 is the button
Seat 1: _SKR (315)
Seat 2: thebestever1 (585)
*** ANTE/BLINDS ***
thebestever1 posts small blind 20
_SKR posts big blind 40
Dealt to _SKR [Ah Kc]
*** PRE-FLOP *** 
thebestever1 calls 20
_SKR raises 275 to 315 and is all-in
thebestever1 raises 270 to 585 and is all-in
*** FLOP *** [Jh Qd 5s]
*** TURN *** [Jh Qd 5s][7s]
*** RIVER *** [Jh Qd 5s 7s][Kd]
*** SHOW DOWN ***
_SKR shows [Ah Kc] (One pair : Kings)
thebestever1 shows [Qh 9s] (One pair : Queens)
thebestever1 collected 270 from side pot 1
_SKR collected 630 from main pot
*** SUMMARY ***
Total pot 900 | No rake
Board: [Jh Qd 5s 7s Kd]
Seat 1: _SKR (big blind) showed [Ah Kc] and won 630 with One pair : Kings
Seat 2: thebestever1 (small blind) (button) showed [Qh 9s] and won 270 with One pair : Queens


Winamax Poker - Tournament "Expresso Nitro" buyIn: 0.93€ + 0.07€ level: 3 - HandId: #2717552471059726337-16-1676226847 - Holdem no limit (20/40) - 2023/02/12 18:34:07 UTC
Table: 'Expresso Nitro(632729491)#0' 3-max (real money) Seat #1 is the button
Seat 1: _SKR (630)
Seat 2: thebestever1 (270)
*** ANTE/BLINDS ***
_SKR posts small blind 20
thebestever1 posts big blind 40
Dealt to _SKR [4s 2d]
*** PRE-FLOP *** 
_SKR folds
thebestever1 collected 60 from pot
*** SUMMARY ***
Total pot 60 | No rake
Seat 2: thebestever1 (big blind) won 60


Winamax Poker - Tournament "Expresso Nitro" buyIn: 0.93€ + 0.07€ level: 3 - HandId: #2717552471059726337-17-1676226851 - Holdem no limit (20/40) - 2023/02/12 18:34:11 UTC
Table: 'Expresso Nitro(632729491)#0' 3-max (real money) Seat #2 is the button
Seat 1: _SKR (610)
Seat 2: thebestever1 (290)
*** ANTE/BLINDS ***
thebestever1 posts small blind 20
_SKR posts big blind 40
Dealt to _SKR [Ac Jh]
*** PRE-FLOP *** 
thebestever1 calls 20
_SKR raises 570 to 610 and is all-in
thebestever1 folds
_SKR collected 650 from pot
*** SUMMARY ***
Total pot 650 | No rake
Seat 1: _SKR (big blind) won 650


Winamax Poker - Tournament "Expresso Nitro" buyIn: 0.93€ + 0.07€ level: 3 - HandId: #2717552471059726337-18-1676226859 - Holdem no limit (20/40) - 2023/02/12 18:34:19 UTC
Table: 'Expresso Nitro(632729491)#0' 3-max (real money) Seat #1 is the button
Seat 1: _SKR (650)
Seat 2: thebestever1 (250)
*** ANTE/BLINDS ***
_SKR posts small blind 20
thebestever1 posts big blind 40
Dealt to _SKR [Jc Ac]
*** PRE-FLOP *** 
_SKR raises 610 to 650 and is all-in
thebestever1 calls 210 and is all-in
*** FLOP *** [2h Jd 6s]
*** TURN *** [2h Jd 6s][5h]
*** RIVER *** [2h Jd 6s 5h][9d]
*** SHOW DOWN ***
thebestever1 shows [Td 2c] (One pair : 2)
_SKR shows [Jc Ac] (One pair : Jacks)
_SKR collected 900 from pot
*** SUMMARY ***
Total pot 900 | No rake
Board: [2h Jd 6s 5h 9d]
Seat 1: _SKR (small blind) (button) showed [Jc Ac] and won 900 with One pair : Jacks
Seat 2: thebestever1 (big blind) showed [Td 2c] and lost with One pair : 2


