Winamax Poker - Tournament "Expresso Nitro" buyIn: 1.86€ + 0.14€ level: 1 - HandId: #2697315877946130433-1-1675117368 - Holdem no limit (10/20) - 2023/01/30 22:22:48 UTC
Table: 'Expresso Nitro(628017792)#0' 3-max (real money) Seat #2 is the button
Seat 1: _SKR (300)
Seat 2: Santoceo07 (300)
Seat 3: franki451 (300)
*** ANTE/BLINDS ***
franki451 posts small blind 10
_SKR posts big blind 20
Dealt to _SKR [2s 6s]
*** PRE-FLOP *** 
Santoceo07 raises 20 to 40
franki451 raises 100 to 140
_SKR folds
Santoceo07 raises 160 to 300 and is all-in
franki451 calls 160 and is all-in
*** FLOP *** [6d Ts 9h]
*** TURN *** [6d Ts 9h][Kd]
*** RIVER *** [6d Ts 9h Kd][5d]
*** SHOW DOWN ***
franki451 shows [As 4d] (High card : Ace)
Santoceo07 shows [Ac Ah] (One pair : Aces)
Santoceo07 collected 620 from pot
*** SUMMARY ***
Total pot 620 | No rake
Board: [6d Ts 9h Kd 5d]
Seat 2: Santoceo07 (button) showed [Ac Ah] and won 620 with One pair : Aces
Seat 3: franki451 (small blind) showed [As 4d] and lost with High card : Ace


Winamax Poker - Tournament "Expresso Nitro" buyIn: 1.86€ + 0.14€ level: 1 - HandId: #2697315877946130433-2-1675117386 - Holdem no limit (10/20) - 2023/01/30 22:23:06 UTC
Table: 'Expresso Nitro(628017792)#0' 3-max (real money) Seat #1 is the button
Seat 1: _SKR (280)
Seat 2: Santoceo07 (620)
*** ANTE/BLINDS ***
_SKR posts small blind 10
Santoceo07 posts big blind 20
Dealt to _SKR [2c 6h]
*** PRE-FLOP *** 
_SKR folds
Santoceo07 collected 30 from pot
*** SUMMARY ***
Total pot 30 | No rake
Seat 2: Santoceo07 (big blind) won 30


Winamax Poker - Tournament "Expresso Nitro" buyIn: 1.86€ + 0.14€ level: 1 - HandId: #2697315877946130433-3-1675117392 - Holdem no limit (10/20) - 2023/01/30 22:23:12 UTC
Table: 'Expresso Nitro(628017792)#0' 3-max (real money) Seat #2 is the button
Seat 1: _SKR (270)
Seat 2: Santoceo07 (630)
*** ANTE/BLINDS ***
Santoceo07 posts small blind 10
_SKR posts big blind 20
Dealt to _SKR [Ac 6h]
*** PRE-FLOP *** 
Santoceo07 raises 20 to 40
_SKR raises 230 to 270 and is all-in
Santoceo07 calls 230
*** FLOP *** [5s Ks 4c]
*** TURN *** [5s Ks 4c][6c]
*** RIVER *** [5s Ks 4c 6c][5c]
*** SHOW DOWN ***
Santoceo07 shows [Th Qh] (One pair : 5)
_SKR shows [Ac 6h] (Two pairs : 6 and 5)
_SKR collected 540 from pot
*** SUMMARY ***
Total pot 540 | No rake
Board: [5s Ks 4c 6c 5c]
Seat 1: _SKR (big blind) showed [Ac 6h] and won 540 with Two pairs : 6 and 5
Seat 2: Santoceo07 (small blind) (button) showed [Th Qh] and lost with One pair : 5


Winamax Poker - Tournament "Expresso Nitro" buyIn: 1.86€ + 0.14€ level: 1 - HandId: #2697315877946130433-4-1675117409 - Holdem no limit (10/20) - 2023/01/30 22:23:29 UTC
Table: 'Expresso Nitro(628017792)#0' 3-max (real money) Seat #1 is the button
Seat 1: _SKR (540)
Seat 2: Santoceo07 (360)
*** ANTE/BLINDS ***
_SKR posts small blind 10
Santoceo07 posts big blind 20
Dealt to _SKR [6h 6c]
*** PRE-FLOP *** 
_SKR raises 520 to 540 and is all-in
Santoceo07 folds
_SKR collected 560 from pot
*** SUMMARY ***
Total pot 560 | No rake
Seat 1: _SKR (small blind) (button) won 560


Winamax Poker - Tournament "Expresso Nitro" buyIn: 1.86€ + 0.14€ level: 1 - HandId: #2697315877946130433-5-1675117415 - Holdem no limit (10/20) - 2023/01/30 22:23:35 UTC
Table: 'Expresso Nitro(628017792)#0' 3-max (real money) Seat #2 is the button
Seat 1: _SKR (560)
Seat 2: Santoceo07 (340)
*** ANTE/BLINDS ***
Santoceo07 posts small blind 10
_SKR posts big blind 20
Dealt to _SKR [5d 2d]
*** PRE-FLOP *** 
Santoceo07 raises 40 to 60
_SKR folds
Santoceo07 collected 80 from pot
*** SUMMARY ***
Total pot 80 | No rake
Seat 2: Santoceo07 (small blind) (button) won 80


Winamax Poker - Tournament "Expresso Nitro" buyIn: 1.86€ + 0.14€ level: 1 - HandId: #2697315877946130433-6-1675117421 - Holdem no limit (10/20) - 2023/01/30 22:23:41 UTC
Table: 'Expresso Nitro(628017792)#0' 3-max (real money) Seat #1 is the button
Seat 1: _SKR (540)
Seat 2: Santoceo07 (360)
*** ANTE/BLINDS ***
_SKR posts small blind 10
Santoceo07 posts big blind 20
Dealt to _SKR [Ad 5h]
*** PRE-FLOP *** 
_SKR raises 520 to 540 and is all-in
Santoceo07 calls 340 and is all-in
*** FLOP *** [8s Kc 7s]
*** TURN *** [8s Kc 7s][8d]
*** RIVER *** [8s Kc 7s 8d][Ah]
*** SHOW DOWN ***
Santoceo07 shows [9h Th] (One pair : 8)
_SKR shows [Ad 5h] (Two pairs : Aces and 8)
_SKR collected 900 from pot
*** SUMMARY ***
Total pot 900 | No rake
Board: [8s Kc 7s 8d Ah]
Seat 1: _SKR (small blind) (button) showed [Ad 5h] and won 900 with Two pairs : Aces and 8
Seat 2: Santoceo07 (big blind) showed [9h Th] and lost with One pair : 8


