Winamax Poker - Tournament "Expresso Nitro" buyIn: 1.86€ + 0.14€ level: 1 - HandId: #2696866160510500865-1-1675101233 - Holdem no limit (10/20) - 2023/01/30 17:53:53 UTC
Table: 'Expresso Nitro(627913084)#0' 3-max (real money) Seat #3 is the button
Seat 1: Kingfish9100 (300)
Seat 2: _SKR (300)
Seat 3: Cal1m3ro (300)
*** ANTE/BLINDS ***
Kingfish9100 posts small blind 10
_SKR posts big blind 20
Dealt to _SKR [Qs 3s]
*** PRE-FLOP *** 
Cal1m3ro raises 280 to 300 and is all-in
Kingfish9100 folds
_SKR folds
Cal1m3ro collected 330 from pot
*** SUMMARY ***
Total pot 330 | No rake
Seat 3: Cal1m3ro (button) won 330


Winamax Poker - Tournament "Expresso Nitro" buyIn: 1.86€ + 0.14€ level: 1 - HandId: #2696866160510500865-2-1675101241 - Holdem no limit (10/20) - 2023/01/30 17:54:01 UTC
Table: 'Expresso Nitro(627913084)#0' 3-max (real money) Seat #1 is the button
Seat 1: Kingfish9100 (290)
Seat 2: _SKR (280)
Seat 3: Cal1m3ro (330)
*** ANTE/BLINDS ***
_SKR posts small blind 10
Cal1m3ro posts big blind 20
Dealt to _SKR [Ks 5d]
*** PRE-FLOP *** 
Kingfish9100 folds
_SKR folds
Cal1m3ro collected 30 from pot
*** SUMMARY ***
Total pot 30 | No rake
Seat 3: Cal1m3ro (big blind) won 30


Winamax Poker - Tournament "Expresso Nitro" buyIn: 1.86€ + 0.14€ level: 1 - HandId: #2696866160510500865-3-1675101246 - Holdem no limit (10/20) - 2023/01/30 17:54:06 UTC
Table: 'Expresso Nitro(627913084)#0' 3-max (real money) Seat #2 is the button
Seat 1: Kingfish9100 (290)
Seat 2: _SKR (270)
Seat 3: Cal1m3ro (340)
*** ANTE/BLINDS ***
Cal1m3ro posts small blind 10
Kingfish9100 posts big blind 20
Dealt to _SKR [2c 6h]
*** PRE-FLOP *** 
_SKR folds
Cal1m3ro folds
Kingfish9100 collected 30 from pot
*** SUMMARY ***
Total pot 30 | No rake
Seat 1: Kingfish9100 (big blind) won 30


Winamax Poker - Tournament "Expresso Nitro" buyIn: 1.86€ + 0.14€ level: 1 - HandId: #2696866160510500865-4-1675101255 - Holdem no limit (10/20) - 2023/01/30 17:54:15 UTC
Table: 'Expresso Nitro(627913084)#0' 3-max (real money) Seat #3 is the button
Seat 1: Kingfish9100 (300)
Seat 2: _SKR (270)
Seat 3: Cal1m3ro (330)
*** ANTE/BLINDS ***
Kingfish9100 posts small blind 10
_SKR posts big blind 20
Dealt to _SKR [8c 4s]
*** PRE-FLOP *** 
Cal1m3ro folds
Kingfish9100 calls 10
_SKR checks
*** FLOP *** [Qh 5d Ac]
Kingfish9100 checks
_SKR checks
*** TURN *** [Qh 5d Ac][8h]
Kingfish9100 checks
_SKR bets 26
Kingfish9100 calls 26
*** RIVER *** [Qh 5d Ac 8h][Kh]
Kingfish9100 bets 254 and is all-in
_SKR folds
Kingfish9100 collected 346 from pot
*** SUMMARY ***
Total pot 346 | No rake
Board: [Qh 5d Ac 8h Kh]
Seat 1: Kingfish9100 (small blind) won 346


Winamax Poker - Tournament "Expresso Nitro" buyIn: 1.86€ + 0.14€ level: 1 - HandId: #2696866160510500865-5-1675101279 - Holdem no limit (10/20) - 2023/01/30 17:54:39 UTC
Table: 'Expresso Nitro(627913084)#0' 3-max (real money) Seat #1 is the button
Seat 1: Kingfish9100 (346)
Seat 2: _SKR (224)
Seat 3: Cal1m3ro (330)
*** ANTE/BLINDS ***
_SKR posts small blind 10
Cal1m3ro posts big blind 20
Dealt to _SKR [3h 8c]
*** PRE-FLOP *** 
Kingfish9100 calls 20
_SKR folds
Cal1m3ro checks
*** FLOP *** [2s 7h Jh]
Cal1m3ro checks
Kingfish9100 bets 50
Cal1m3ro folds
Kingfish9100 collected 100 from pot
*** SUMMARY ***
Total pot 100 | No rake
Board: [2s 7h Jh]
Seat 1: Kingfish9100 (button) won 100


Winamax Poker - Tournament "Expresso Nitro" buyIn: 1.86€ + 0.14€ level: 2 - HandId: #2696866160510500865-6-1675101291 - Holdem no limit (15/30) - 2023/01/30 17:54:51 UTC
Table: 'Expresso Nitro(627913084)#0' 3-max (real money) Seat #2 is the button
Seat 1: Kingfish9100 (376)
Seat 2: _SKR (214)
Seat 3: Cal1m3ro (310)
*** ANTE/BLINDS ***
Cal1m3ro posts small blind 15
Kingfish9100 posts big blind 30
Dealt to _SKR [6s Jh]
*** PRE-FLOP *** 
_SKR folds
Cal1m3ro folds
Kingfish9100 collected 45 from pot
*** SUMMARY ***
Total pot 45 | No rake
Seat 1: Kingfish9100 (big blind) won 45


Winamax Poker - Tournament "Expresso Nitro" buyIn: 1.86€ + 0.14€ level: 2 - HandId: #2696866160510500865-7-1675101301 - Holdem no limit (15/30) - 2023/01/30 17:55:01 UTC
Table: 'Expresso Nitro(627913084)#0' 3-max (real money) Seat #3 is the button
Seat 1: Kingfish9100 (391)
Seat 2: _SKR (214)
Seat 3: Cal1m3ro (295)
*** ANTE/BLINDS ***
Kingfish9100 posts small blind 15
_SKR posts big blind 30
Dealt to _SKR [9s 7s]
*** PRE-FLOP *** 
Cal1m3ro folds
Kingfish9100 calls 15
_SKR raises 184 to 214 and is all-in
Kingfish9100 raises 177 to 391 and is all-in
*** FLOP *** [Qs Js Td]
*** TURN *** [Qs Js Td][3c]
*** RIVER *** [Qs Js Td 3c][Jh]
*** SHOW DOWN ***
_SKR shows [9s 7s] (One pair : Jacks)
Kingfish9100 shows [Tc Ts] (Full of Tens and Jacks)
Kingfish9100 collected 605 from pot
*** SUMMARY ***
Total pot 605 | No rake
Board: [Qs Js Td 3c Jh]
Seat 1: Kingfish9100 (small blind) showed [Tc Ts] and won 605 with Full of Tens and Jacks
Seat 2: _SKR (big blind) showed [9s 7s] and lost with One pair : Jacks


