Winamax Poker - Tournament "Expresso Nitro" buyIn: 0.93€ + 0.07€ level: 1 - HandId: #2718668827549237249-1-1676294494 - Holdem no limit (10/20) - 2023/02/13 13:21:34 UTC
Table: 'Expresso Nitro(632989413)#0' 3-max (real money) Seat #3 is the button
Seat 1: _SKR (300)
Seat 2: Fabpique16 (300)
Seat 3: yvanRagar (300)
*** ANTE/BLINDS ***
_SKR posts small blind 10
Fabpique16 posts big blind 20
Dealt to _SKR [4s Js]
*** PRE-FLOP *** 
yvanRagar raises 50 to 70
_SKR folds
Fabpique16 folds
yvanRagar collected 100 from pot
*** SUMMARY ***
Total pot 100 | No rake
Seat 3: yvanRagar (button) won 100


Winamax Poker - Tournament "Expresso Nitro" buyIn: 0.93€ + 0.07€ level: 1 - HandId: #2718668827549237249-2-1676294505 - Holdem no limit (10/20) - 2023/02/13 13:21:45 UTC
Table: 'Expresso Nitro(632989413)#0' 3-max (real money) Seat #1 is the button
Seat 1: _SKR (290)
Seat 2: Fabpique16 (280)
Seat 3: yvanRagar (330)
*** ANTE/BLINDS ***
Fabpique16 posts small blind 10
yvanRagar posts big blind 20
Dealt to _SKR [7c 8s]
*** PRE-FLOP *** 
_SKR folds
Fabpique16 raises 40 to 60
yvanRagar calls 40
*** FLOP *** [6c 6s 4c]
Fabpique16 bets 78
yvanRagar calls 78
*** TURN *** [6c 6s 4c][2h]
Fabpique16 bets 142 and is all-in
yvanRagar folds
Fabpique16 collected 418 from pot
*** SUMMARY ***
Total pot 418 | No rake
Board: [6c 6s 4c 2h]
Seat 2: Fabpique16 (small blind) won 418


Winamax Poker - Tournament "Expresso Nitro" buyIn: 0.93€ + 0.07€ level: 1 - HandId: #2718668827549237249-3-1676294522 - Holdem no limit (10/20) - 2023/02/13 13:22:02 UTC
Table: 'Expresso Nitro(632989413)#0' 3-max (real money) Seat #2 is the button
Seat 1: _SKR (290)
Seat 2: Fabpique16 (418)
Seat 3: yvanRagar (192)
*** ANTE/BLINDS ***
yvanRagar posts small blind 10
_SKR posts big blind 20
Dealt to _SKR [2s Ad]
*** PRE-FLOP *** 
Fabpique16 calls 20
yvanRagar folds
_SKR raises 270 to 290 and is all-in
Fabpique16 folds
_SKR collected 320 from pot
*** SUMMARY ***
Total pot 320 | No rake
Seat 1: _SKR (big blind) won 320


Winamax Poker - Tournament "Expresso Nitro" buyIn: 0.93€ + 0.07€ level: 1 - HandId: #2718668827549237249-4-1676294531 - Holdem no limit (10/20) - 2023/02/13 13:22:11 UTC
Table: 'Expresso Nitro(632989413)#0' 3-max (real money) Seat #3 is the button
Seat 1: _SKR (320)
Seat 2: Fabpique16 (398)
Seat 3: yvanRagar (182)
*** ANTE/BLINDS ***
_SKR posts small blind 10
Fabpique16 posts big blind 20
Dealt to _SKR [5s 7d]
*** PRE-FLOP *** 
yvanRagar folds
_SKR folds
Fabpique16 collected 30 from pot
*** SUMMARY ***
Total pot 30 | No rake
Seat 2: Fabpique16 (big blind) won 30


Winamax Poker - Tournament "Expresso Nitro" buyIn: 0.93€ + 0.07€ level: 1 - HandId: #2718668827549237249-5-1676294537 - Holdem no limit (10/20) - 2023/02/13 13:22:17 UTC
Table: 'Expresso Nitro(632989413)#0' 3-max (real money) Seat #1 is the button
Seat 1: _SKR (310)
Seat 2: Fabpique16 (408)
Seat 3: yvanRagar (182)
*** ANTE/BLINDS ***
Fabpique16 posts small blind 10
yvanRagar posts big blind 20
Dealt to _SKR [Td Th]
*** PRE-FLOP *** 
_SKR raises 290 to 310 and is all-in
Fabpique16 folds
yvanRagar folds
_SKR collected 340 from pot
*** SUMMARY ***
Total pot 340 | No rake
Seat 1: _SKR (button) won 340


Winamax Poker - Tournament "Expresso Nitro" buyIn: 0.93€ + 0.07€ level: 1 - HandId: #2718668827549237249-6-1676294549 - Holdem no limit (10/20) - 2023/02/13 13:22:29 UTC
Table: 'Expresso Nitro(632989413)#0' 3-max (real money) Seat #2 is the button
Seat 1: _SKR (340)
Seat 2: Fabpique16 (398)
Seat 3: yvanRagar (162)
*** ANTE/BLINDS ***
yvanRagar posts small blind 10
_SKR posts big blind 20
Dealt to _SKR [Kh 8d]
*** PRE-FLOP *** 
Fabpique16 folds
yvanRagar calls 10
_SKR raises 320 to 340 and is all-in
yvanRagar calls 142 and is all-in
*** FLOP *** [Ad 7c 4h]
*** TURN *** [Ad 7c 4h][2c]
*** RIVER *** [Ad 7c 4h 2c][4d]
*** SHOW DOWN ***
yvanRagar shows [6h 8s] (One pair : 4)
_SKR shows [Kh 8d] (One pair : 4)
_SKR collected 502 from pot
*** SUMMARY ***
Total pot 502 | No rake
Board: [Ad 7c 4h 2c 4d]
Seat 1: _SKR (big blind) showed [Kh 8d] and won 502 with One pair : 4
Seat 3: yvanRagar (small blind) showed [6h 8s] and lost with One pair : 4


Winamax Poker - Tournament "Expresso Nitro" buyIn: 0.93€ + 0.07€ level: 2 - HandId: #2718668827549237249-7-1676294570 - Holdem no limit (15/30) - 2023/02/13 13:22:50 UTC
Table: 'Expresso Nitro(632989413)#0' 3-max (real money) Seat #1 is the button
Seat 1: _SKR (502)
Seat 2: Fabpique16 (398)
*** ANTE/BLINDS ***
_SKR posts small blind 15
Fabpique16 posts big blind 30
Dealt to _SKR [Jc 9s]
*** PRE-FLOP *** 
_SKR calls 15
Fabpique16 raises 60 to 90
_SKR folds
Fabpique16 collected 120 from pot
*** SUMMARY ***
Total pot 120 | No rake
Seat 2: Fabpique16 (big blind) won 120


Winamax Poker - Tournament "Expresso Nitro" buyIn: 0.93€ + 0.07€ level: 2 - HandId: #2718668827549237249-8-1676294578 - Holdem no limit (15/30) - 2023/02/13 13:22:58 UTC
Table: 'Expresso Nitro(632989413)#0' 3-max (real money) Seat #2 is the button
Seat 1: _SKR (472)
Seat 2: Fabpique16 (428)
*** ANTE/BLINDS ***
Fabpique16 posts small blind 15
_SKR posts big blind 30
Dealt to _SKR [8h 3h]
*** PRE-FLOP *** 
Fabpique16 folds
_SKR collected 45 from pot
*** SUMMARY ***
Total pot 45 | No rake
Seat 1: _SKR (big blind) won 45


Winamax Poker - Tournament "Expresso Nitro" buyIn: 0.93€ + 0.07€ level: 2 - HandId: #2718668827549237249-9-1676294583 - Holdem no limit (15/30) - 2023/02/13 13:23:03 UTC
Table: 'Expresso Nitro(632989413)#0' 3-max (real money) Seat #1 is the button
Seat 1: _SKR (487)
Seat 2: Fabpique16 (413)
*** ANTE/BLINDS ***
_SKR posts small blind 15
Fabpique16 posts big blind 30
Dealt to _SKR [9d 2h]
*** PRE-FLOP *** 
_SKR folds
Fabpique16 collected 45 from pot
*** SUMMARY ***
Total pot 45 | No rake
Seat 2: Fabpique16 (big blind) won 45


Winamax Poker - Tournament "Expresso Nitro" buyIn: 0.93€ + 0.07€ level: 2 - HandId: #2718668827549237249-10-1676294591 - Holdem no limit (15/30) - 2023/02/13 13:23:11 UTC
Table: 'Expresso Nitro(632989413)#0' 3-max (real money) Seat #2 is the button
Seat 1: _SKR (472)
Seat 2: Fabpique16 (428)
*** ANTE/BLINDS ***
Fabpique16 posts small blind 15
_SKR posts big blind 30
Dealt to _SKR [9h 7d]
*** PRE-FLOP *** 
Fabpique16 raises 60 to 90
_SKR folds
Fabpique16 collected 120 from pot
*** SUMMARY ***
Total pot 120 | No rake
Seat 2: Fabpique16 (small blind) (button) won 120


Winamax Poker - Tournament "Expresso Nitro" buyIn: 0.93€ + 0.07€ level: 2 - HandId: #2718668827549237249-11-1676294597 - Holdem no limit (15/30) - 2023/02/13 13:23:17 UTC
Table: 'Expresso Nitro(632989413)#0' 3-max (real money) Seat #1 is the button
Seat 1: _SKR (442)
Seat 2: Fabpique16 (458)
*** ANTE/BLINDS ***
_SKR posts small blind 15
Fabpique16 posts big blind 30
Dealt to _SKR [Jd 9h]
*** PRE-FLOP *** 
_SKR calls 15
Fabpique16 checks
*** FLOP *** [Qs Js 6h]
Fabpique16 checks
_SKR checks
*** TURN *** [Qs Js 6h][4s]
Fabpique16 bets 30
_SKR calls 30
*** RIVER *** [Qs Js 6h 4s][9d]
Fabpique16 checks
_SKR bets 60
Fabpique16 folds
_SKR collected 180 from pot
*** SUMMARY ***
Total pot 180 | No rake
Board: [Qs Js 6h 4s 9d]
Seat 1: _SKR (small blind) (button) won 180


Winamax Poker - Tournament "Expresso Nitro" buyIn: 0.93€ + 0.07€ level: 3 - HandId: #2718668827549237249-12-1676294643 - Holdem no limit (20/40) - 2023/02/13 13:24:03 UTC
Table: 'Expresso Nitro(632989413)#0' 3-max (real money) Seat #2 is the button
Seat 1: _SKR (502)
Seat 2: Fabpique16 (398)
*** ANTE/BLINDS ***
Fabpique16 posts small blind 20
_SKR posts big blind 40
Dealt to _SKR [4h Th]
*** PRE-FLOP *** 
Fabpique16 folds
_SKR collected 60 from pot
*** SUMMARY ***
Total pot 60 | No rake
Seat 1: _SKR (big blind) won 60


Winamax Poker - Tournament "Expresso Nitro" buyIn: 0.93€ + 0.07€ level: 3 - HandId: #2718668827549237249-13-1676294647 - Holdem no limit (20/40) - 2023/02/13 13:24:07 UTC
Table: 'Expresso Nitro(632989413)#0' 3-max (real money) Seat #1 is the button
Seat 1: _SKR (522)
Seat 2: Fabpique16 (378)
*** ANTE/BLINDS ***
_SKR posts small blind 20
Fabpique16 posts big blind 40
Dealt to _SKR [4s 3d]
*** PRE-FLOP *** 
_SKR folds
Fabpique16 collected 60 from pot
*** SUMMARY ***
Total pot 60 | No rake
Seat 2: Fabpique16 (big blind) won 60


Winamax Poker - Tournament "Expresso Nitro" buyIn: 0.93€ + 0.07€ level: 3 - HandId: #2718668827549237249-14-1676294652 - Holdem no limit (20/40) - 2023/02/13 13:24:12 UTC
Table: 'Expresso Nitro(632989413)#0' 3-max (real money) Seat #2 is the button
Seat 1: _SKR (502)
Seat 2: Fabpique16 (398)
*** ANTE/BLINDS ***
Fabpique16 posts small blind 20
_SKR posts big blind 40
Dealt to _SKR [Qs Ad]
*** PRE-FLOP *** 
Fabpique16 calls 20
_SKR raises 462 to 502 and is all-in
Fabpique16 folds
_SKR collected 542 from pot
*** SUMMARY ***
Total pot 542 | No rake
Seat 1: _SKR (big blind) won 542


Winamax Poker - Tournament "Expresso Nitro" buyIn: 0.93€ + 0.07€ level: 3 - HandId: #2718668827549237249-15-1676294662 - Holdem no limit (20/40) - 2023/02/13 13:24:22 UTC
Table: 'Expresso Nitro(632989413)#0' 3-max (real money) Seat #1 is the button
Seat 1: _SKR (542)
Seat 2: Fabpique16 (358)
*** ANTE/BLINDS ***
_SKR posts small blind 20
Fabpique16 posts big blind 40
Dealt to _SKR [3s 3c]
*** PRE-FLOP *** 
_SKR raises 502 to 542 and is all-in
Fabpique16 calls 318 and is all-in
*** FLOP *** [4d Qd Jh]
*** TURN *** [4d Qd Jh][Qs]
*** RIVER *** [4d Qd Jh Qs][8h]
*** SHOW DOWN ***
Fabpique16 shows [Ah 9s] (One pair : Queens)
_SKR shows [3s 3c] (Two pairs : Queens and 3)
_SKR collected 900 from pot
*** SUMMARY ***
Total pot 900 | No rake
Board: [4d Qd Jh Qs 8h]
Seat 1: _SKR (small blind) (button) showed [3s 3c] and won 900 with Two pairs : Queens and 3
Seat 2: Fabpique16 (big blind) showed [Ah 9s] and lost with One pair : Queens


