Winamax Poker - Tournament "Expresso Nitro" buyIn: 1.86€ + 0.14€ level: 1 - HandId: #2696506873611288577-1-1675083973 - Holdem no limit (10/20) - 2023/01/30 13:06:13 UTC
Table: 'Expresso Nitro(627829431)#0' 3-max (real money) Seat #3 is the button
Seat 1: ASFH 72.8 (300)
Seat 2: _SKR (300)
Seat 3: 7-1croyable (300)
*** ANTE/BLINDS ***
ASFH 72.8 posts small blind 10
_SKR posts big blind 20
Dealt to _SKR [3d 4c]
*** PRE-FLOP *** 
7-1croyable folds
ASFH 72.8 raises 280 to 300 and is all-in
_SKR folds
ASFH 72.8 collected 320 from pot
*** SUMMARY ***
Total pot 320 | No rake
Seat 1: ASFH 72.8 (small blind) won 320


Winamax Poker - Tournament "Expresso Nitro" buyIn: 1.86€ + 0.14€ level: 1 - HandId: #2696506873611288577-2-1675083983 - Holdem no limit (10/20) - 2023/01/30 13:06:23 UTC
Table: 'Expresso Nitro(627829431)#0' 3-max (real money) Seat #1 is the button
Seat 1: ASFH 72.8 (320)
Seat 2: _SKR (280)
Seat 3: 7-1croyable (300)
*** ANTE/BLINDS ***
_SKR posts small blind 10
7-1croyable posts big blind 20
Dealt to _SKR [Th 6h]
*** PRE-FLOP *** 
ASFH 72.8 folds
_SKR folds
7-1croyable collected 30 from pot
*** SUMMARY ***
Total pot 30 | No rake
Seat 3: 7-1croyable (big blind) won 30


Winamax Poker - Tournament "Expresso Nitro" buyIn: 1.86€ + 0.14€ level: 1 - HandId: #2696506873611288577-3-1675083988 - Holdem no limit (10/20) - 2023/01/30 13:06:28 UTC
Table: 'Expresso Nitro(627829431)#0' 3-max (real money) Seat #2 is the button
Seat 1: ASFH 72.8 (320)
Seat 2: _SKR (270)
Seat 3: 7-1croyable (310)
*** ANTE/BLINDS ***
7-1croyable posts small blind 10
ASFH 72.8 posts big blind 20
Dealt to _SKR [3s 6h]
*** PRE-FLOP *** 
_SKR folds
7-1croyable raises 290 to 310 and is all-in
ASFH 72.8 calls 290
*** FLOP *** [9s 6s Ad]
*** TURN *** [9s 6s Ad][2s]
*** RIVER *** [9s 6s Ad 2s][9d]
*** SHOW DOWN ***
ASFH 72.8 shows [Ah 2d] (Two pairs : Aces and 9)
7-1croyable shows [Ac 8c] (Two pairs : Aces and 9)
7-1croyable collected 620 from pot
*** SUMMARY ***
Total pot 620 | No rake
Board: [9s 6s Ad 2s 9d]
Seat 1: ASFH 72.8 (big blind) showed [Ah 2d] and lost with Two pairs : Aces and 9
Seat 3: 7-1croyable (small blind) showed [Ac 8c] and won 620 with Two pairs : Aces and 9


Winamax Poker - Tournament "Expresso Nitro" buyIn: 1.86€ + 0.14€ level: 1 - HandId: #2696506873611288577-4-1675084006 - Holdem no limit (10/20) - 2023/01/30 13:06:46 UTC
Table: 'Expresso Nitro(627829431)#0' 3-max (real money) Seat #3 is the button
Seat 1: ASFH 72.8 (10)
Seat 2: _SKR (270)
Seat 3: 7-1croyable (620)
*** ANTE/BLINDS ***
ASFH 72.8 posts small blind 10 and is all-in
_SKR posts big blind 20
Dealt to _SKR [6d Qc]
*** PRE-FLOP *** 
7-1croyable calls 20
_SKR checks
*** FLOP *** [3h 8h 7h]
_SKR checks
7-1croyable checks
*** TURN *** [3h 8h 7h][8d]
_SKR checks
7-1croyable checks
*** RIVER *** [3h 8h 7h 8d][Qd]
_SKR bets 25
7-1croyable folds
*** SHOW DOWN ***
ASFH 72.8 shows [5d 2h] (One pair : 8)
_SKR shows [6d Qc] (Two pairs : Queens and 8)
_SKR collected 75 from pot
*** SUMMARY ***
Total pot 75 | No rake
Board: [3h 8h 7h 8d Qd]
Seat 1: ASFH 72.8 (small blind) showed [5d 2h] and lost with One pair : 8
Seat 2: _SKR (big blind) showed [6d Qc] and won 75 with Two pairs : Queens and 8


Winamax Poker - Tournament "Expresso Nitro" buyIn: 1.86€ + 0.14€ level: 2 - HandId: #2696506873611288577-5-1675084049 - Holdem no limit (15/30) - 2023/01/30 13:07:29 UTC
Table: 'Expresso Nitro(627829431)#0' 3-max (real money) Seat #2 is the button
Seat 2: _SKR (300)
Seat 3: 7-1croyable (600)
*** ANTE/BLINDS ***
_SKR posts small blind 15
7-1croyable posts big blind 30
Dealt to _SKR [Jc 3c]
*** PRE-FLOP *** 
_SKR folds
7-1croyable collected 45 from pot
*** SUMMARY ***
Total pot 45 | No rake
Seat 3: 7-1croyable (big blind) won 45


Winamax Poker - Tournament "Expresso Nitro" buyIn: 1.86€ + 0.14€ level: 2 - HandId: #2696506873611288577-6-1675084067 - Holdem no limit (15/30) - 2023/01/30 13:07:47 UTC
Table: 'Expresso Nitro(627829431)#0' 3-max (real money) Seat #3 is the button
Seat 2: _SKR (285)
Seat 3: 7-1croyable (615)
*** ANTE/BLINDS ***
7-1croyable posts small blind 15
_SKR posts big blind 30
Dealt to _SKR [3d Qd]
*** PRE-FLOP *** 
7-1croyable raises 585 to 615 and is all-in
_SKR folds
7-1croyable collected 645 from pot
*** SUMMARY ***
Total pot 645 | No rake
Seat 3: 7-1croyable (small blind) (button) won 645


Winamax Poker - Tournament "Expresso Nitro" buyIn: 1.86€ + 0.14€ level: 2 - HandId: #2696506873611288577-7-1675084080 - Holdem no limit (15/30) - 2023/01/30 13:08:00 UTC
Table: 'Expresso Nitro(627829431)#0' 3-max (real money) Seat #2 is the button
Seat 2: _SKR (255)
Seat 3: 7-1croyable (645)
*** ANTE/BLINDS ***
_SKR posts small blind 15
7-1croyable posts big blind 30
Dealt to _SKR [Kd 6d]
*** PRE-FLOP *** 
_SKR raises 225 to 255 and is all-in
7-1croyable folds
_SKR collected 285 from pot
*** SUMMARY ***
Total pot 285 | No rake
Seat 2: _SKR (small blind) (button) won 285


Winamax Poker - Tournament "Expresso Nitro" buyIn: 1.86€ + 0.14€ level: 2 - HandId: #2696506873611288577-8-1675084087 - Holdem no limit (15/30) - 2023/01/30 13:08:07 UTC
Table: 'Expresso Nitro(627829431)#0' 3-max (real money) Seat #3 is the button
Seat 2: _SKR (285)
Seat 3: 7-1croyable (615)
*** ANTE/BLINDS ***
7-1croyable posts small blind 15
_SKR posts big blind 30
Dealt to _SKR [7d 6c]
*** PRE-FLOP *** 
7-1croyable raises 585 to 615 and is all-in
_SKR folds
7-1croyable collected 645 from pot
*** SUMMARY ***
Total pot 645 | No rake
Seat 3: 7-1croyable (small blind) (button) won 645


Winamax Poker - Tournament "Expresso Nitro" buyIn: 1.86€ + 0.14€ level: 3 - HandId: #2696506873611288577-9-1675084096 - Holdem no limit (20/40) - 2023/01/30 13:08:16 UTC
Table: 'Expresso Nitro(627829431)#0' 3-max (real money) Seat #2 is the button
Seat 2: _SKR (255)
Seat 3: 7-1croyable (645)
*** ANTE/BLINDS ***
_SKR posts small blind 20
7-1croyable posts big blind 40
Dealt to _SKR [8d 7d]
*** PRE-FLOP *** 
_SKR raises 215 to 255 and is all-in
7-1croyable calls 215
*** FLOP *** [As Qd 2d]
*** TURN *** [As Qd 2d][Kh]
*** RIVER *** [As Qd 2d Kh][4c]
*** SHOW DOWN ***
_SKR shows [8d 7d] (High card : Ace)
7-1croyable shows [Kc 7c] (One pair : Kings)
7-1croyable collected 510 from pot
*** SUMMARY ***
Total pot 510 | No rake
Board: [As Qd 2d Kh 4c]
Seat 2: _SKR (small blind) (button) showed [8d 7d] and lost with High card : Ace
Seat 3: 7-1croyable (big blind) showed [Kc 7c] and won 510 with One pair : Kings


