Winamax Poker - Tournament "Expresso Nitro" buyIn: 0.93€ + 0.07€ level: 1 - HandId: #2718610072396627969-1-1676291480 - Holdem no limit (10/20) - 2023/02/13 12:31:20 UTC
Table: 'Expresso Nitro(632975733)#0' 3-max (real money) Seat #2 is the button
Seat 1: Loureiro7 (300)
Seat 2: _SKR (300)
Seat 3: .Nutsuko. (300)
*** ANTE/BLINDS ***
.Nutsuko. posts small blind 10
Loureiro7 posts big blind 20
Dealt to _SKR [Kc Kd]
*** PRE-FLOP *** 
_SKR raises 20 to 40
.Nutsuko. calls 30
Loureiro7 folds
*** FLOP *** [Jh 8h 4c]
.Nutsuko. bets 20
_SKR raises 36 to 56
.Nutsuko. calls 36
*** TURN *** [Jh 8h 4c][9s]
.Nutsuko. checks
_SKR bets 204 and is all-in
.Nutsuko. folds
_SKR collected 416 from pot
*** SUMMARY ***
Total pot 416 | No rake
Board: [Jh 8h 4c 9s]
Seat 2: _SKR (button) won 416


Winamax Poker - Tournament "Expresso Nitro" buyIn: 0.93€ + 0.07€ level: 1 - HandId: #2718610072396627969-2-1676291520 - Holdem no limit (10/20) - 2023/02/13 12:32:00 UTC
Table: 'Expresso Nitro(632975733)#0' 3-max (real money) Seat #3 is the button
Seat 1: Loureiro7 (280)
Seat 2: _SKR (416)
Seat 3: .Nutsuko. (204)
*** ANTE/BLINDS ***
Loureiro7 posts small blind 10
_SKR posts big blind 20
Dealt to _SKR [Ah Ac]
*** PRE-FLOP *** 
.Nutsuko. folds
Loureiro7 calls 10
_SKR raises 30 to 50
Loureiro7 folds
_SKR collected 70 from pot
*** SUMMARY ***
Total pot 70 | No rake
Seat 2: _SKR (big blind) won 70


Winamax Poker - Tournament "Expresso Nitro" buyIn: 0.93€ + 0.07€ level: 2 - HandId: #2718610072396627969-3-1676291536 - Holdem no limit (15/30) - 2023/02/13 12:32:16 UTC
Table: 'Expresso Nitro(632975733)#0' 3-max (real money) Seat #1 is the button
Seat 1: Loureiro7 (260)
Seat 2: _SKR (436)
Seat 3: .Nutsuko. (204)
*** ANTE/BLINDS ***
_SKR posts small blind 15
.Nutsuko. posts big blind 30
Dealt to _SKR [Jd 2c]
*** PRE-FLOP *** 
Loureiro7 folds
_SKR folds
.Nutsuko. collected 45 from pot
*** SUMMARY ***
Total pot 45 | No rake
Seat 3: .Nutsuko. (big blind) won 45


Winamax Poker - Tournament "Expresso Nitro" buyIn: 0.93€ + 0.07€ level: 2 - HandId: #2718610072396627969-4-1676291553 - Holdem no limit (15/30) - 2023/02/13 12:32:33 UTC
Table: 'Expresso Nitro(632975733)#0' 3-max (real money) Seat #2 is the button
Seat 1: Loureiro7 (260)
Seat 2: _SKR (421)
Seat 3: .Nutsuko. (219)
*** ANTE/BLINDS ***
.Nutsuko. posts small blind 15
Loureiro7 posts big blind 30
Dealt to _SKR [3c Kh]
*** PRE-FLOP *** 
_SKR folds
.Nutsuko. folds
Loureiro7 collected 45 from pot
*** SUMMARY ***
Total pot 45 | No rake
Seat 1: Loureiro7 (big blind) won 45


Winamax Poker - Tournament "Expresso Nitro" buyIn: 0.93€ + 0.07€ level: 2 - HandId: #2718610072396627969-5-1676291561 - Holdem no limit (15/30) - 2023/02/13 12:32:41 UTC
Table: 'Expresso Nitro(632975733)#0' 3-max (real money) Seat #3 is the button
Seat 1: Loureiro7 (275)
Seat 2: _SKR (421)
Seat 3: .Nutsuko. (204)
*** ANTE/BLINDS ***
Loureiro7 posts small blind 15
_SKR posts big blind 30
Dealt to _SKR [4h Td]
*** PRE-FLOP *** 
.Nutsuko. folds
Loureiro7 folds
_SKR collected 45 from pot
*** SUMMARY ***
Total pot 45 | No rake
Seat 2: _SKR (big blind) won 45


Winamax Poker - Tournament "Expresso Nitro" buyIn: 0.93€ + 0.07€ level: 2 - HandId: #2718610072396627969-6-1676291568 - Holdem no limit (15/30) - 2023/02/13 12:32:48 UTC
Table: 'Expresso Nitro(632975733)#0' 3-max (real money) Seat #1 is the button
Seat 1: Loureiro7 (260)
Seat 2: _SKR (436)
Seat 3: .Nutsuko. (204)
*** ANTE/BLINDS ***
_SKR posts small blind 15
.Nutsuko. posts big blind 30
Dealt to _SKR [7c Js]
*** PRE-FLOP *** 
Loureiro7 raises 230 to 260 and is all-in
_SKR folds
.Nutsuko. folds
Loureiro7 collected 305 from pot
*** SUMMARY ***
Total pot 305 | No rake
Seat 1: Loureiro7 (button) won 305


Winamax Poker - Tournament "Expresso Nitro" buyIn: 0.93€ + 0.07€ level: 2 - HandId: #2718610072396627969-7-1676291582 - Holdem no limit (15/30) - 2023/02/13 12:33:02 UTC
Table: 'Expresso Nitro(632975733)#0' 3-max (real money) Seat #2 is the button
Seat 1: Loureiro7 (305)
Seat 2: _SKR (421)
Seat 3: .Nutsuko. (174)
*** ANTE/BLINDS ***
.Nutsuko. posts small blind 15
Loureiro7 posts big blind 30
Dealt to _SKR [Td 4h]
*** PRE-FLOP *** 
_SKR folds
.Nutsuko. folds
Loureiro7 collected 45 from pot
*** SUMMARY ***
Total pot 45 | No rake
Seat 1: Loureiro7 (big blind) won 45


Winamax Poker - Tournament "Expresso Nitro" buyIn: 0.93€ + 0.07€ level: 2 - HandId: #2718610072396627969-8-1676291588 - Holdem no limit (15/30) - 2023/02/13 12:33:08 UTC
Table: 'Expresso Nitro(632975733)#0' 3-max (real money) Seat #3 is the button
Seat 1: Loureiro7 (320)
Seat 2: _SKR (421)
Seat 3: .Nutsuko. (159)
*** ANTE/BLINDS ***
Loureiro7 posts small blind 15
_SKR posts big blind 30
Dealt to _SKR [Jh Jc]
*** PRE-FLOP *** 
.Nutsuko. folds
Loureiro7 raises 290 to 320 and is all-in
_SKR raises 101 to 421 and is all-in
*** FLOP *** [4d 5c 5d]
*** TURN *** [4d 5c 5d][2d]
*** RIVER *** [4d 5c 5d 2d][Qc]
*** SHOW DOWN ***
Loureiro7 shows [Ts Kd] (One pair : 5)
_SKR shows [Jh Jc] (Two pairs : Jacks and 5)
_SKR collected 741 from pot
*** SUMMARY ***
Total pot 741 | No rake
Board: [4d 5c 5d 2d Qc]
Seat 1: Loureiro7 (small blind) showed [Ts Kd] and lost with One pair : 5
Seat 2: _SKR (big blind) showed [Jh Jc] and won 741 with Two pairs : Jacks and 5


Winamax Poker - Tournament "Expresso Nitro" buyIn: 0.93€ + 0.07€ level: 3 - HandId: #2718610072396627969-9-1676291612 - Holdem no limit (20/40) - 2023/02/13 12:33:32 UTC
Table: 'Expresso Nitro(632975733)#0' 3-max (real money) Seat #2 is the button
Seat 2: _SKR (741)
Seat 3: .Nutsuko. (159)
*** ANTE/BLINDS ***
_SKR posts small blind 20
.Nutsuko. posts big blind 40
Dealt to _SKR [Kd Td]
*** PRE-FLOP *** 
_SKR raises 701 to 741 and is all-in
.Nutsuko. calls 119 and is all-in
*** FLOP *** [8c Ad Ah]
*** TURN *** [8c Ad Ah][Jh]
*** RIVER *** [8c Ad Ah Jh][6h]
*** SHOW DOWN ***
_SKR shows [Kd Td] (One pair : Aces)
.Nutsuko. shows [Tc Th] (Two pairs : Aces and Tens)
.Nutsuko. collected 318 from main pot
_SKR collected 582 from side pot 1
*** SUMMARY ***
Total pot 900 | No rake
Board: [8c Ad Ah Jh 6h]
Seat 2: _SKR (small blind) (button) showed [Kd Td] and won 582 with One pair : Aces
Seat 3: .Nutsuko. (big blind) showed [Tc Th] and won 318 with Two pairs : Aces and Tens


Winamax Poker - Tournament "Expresso Nitro" buyIn: 0.93€ + 0.07€ level: 3 - HandId: #2718610072396627969-10-1676291629 - Holdem no limit (20/40) - 2023/02/13 12:33:49 UTC
Table: 'Expresso Nitro(632975733)#0' 3-max (real money) Seat #3 is the button
Seat 2: _SKR (582)
Seat 3: .Nutsuko. (318)
*** ANTE/BLINDS ***
.Nutsuko. posts small blind 20
_SKR posts big blind 40
Dealt to _SKR [3d 2c]
*** PRE-FLOP *** 
.Nutsuko. folds
_SKR collected 60 from pot
*** SUMMARY ***
Total pot 60 | No rake
Seat 2: _SKR (big blind) won 60


Winamax Poker - Tournament "Expresso Nitro" buyIn: 0.93€ + 0.07€ level: 3 - HandId: #2718610072396627969-11-1676291631 - Holdem no limit (20/40) - 2023/02/13 12:33:51 UTC
Table: 'Expresso Nitro(632975733)#0' 3-max (real money) Seat #2 is the button
Seat 2: _SKR (602)
Seat 3: .Nutsuko. (298)
*** ANTE/BLINDS ***
_SKR posts small blind 20
.Nutsuko. posts big blind 40
Dealt to _SKR [8c 9c]
*** PRE-FLOP *** 
_SKR raises 562 to 602 and is all-in
.Nutsuko. folds
_SKR collected 642 from pot
*** SUMMARY ***
Total pot 642 | No rake
Seat 2: _SKR (small blind) (button) won 642


Winamax Poker - Tournament "Expresso Nitro" buyIn: 0.93€ + 0.07€ level: 3 - HandId: #2718610072396627969-12-1676291637 - Holdem no limit (20/40) - 2023/02/13 12:33:57 UTC
Table: 'Expresso Nitro(632975733)#0' 3-max (real money) Seat #3 is the button
Seat 2: _SKR (642)
Seat 3: .Nutsuko. (258)
*** ANTE/BLINDS ***
.Nutsuko. posts small blind 20
_SKR posts big blind 40
Dealt to _SKR [Js 6h]
*** PRE-FLOP *** 
.Nutsuko. raises 218 to 258 and is all-in
_SKR folds
.Nutsuko. collected 298 from pot
*** SUMMARY ***
Total pot 298 | No rake
Seat 3: .Nutsuko. (small blind) (button) won 298


Winamax Poker - Tournament "Expresso Nitro" buyIn: 0.93€ + 0.07€ level: 3 - HandId: #2718610072396627969-13-1676291645 - Holdem no limit (20/40) - 2023/02/13 12:34:05 UTC
Table: 'Expresso Nitro(632975733)#0' 3-max (real money) Seat #2 is the button
Seat 2: _SKR (602)
Seat 3: .Nutsuko. (298)
*** ANTE/BLINDS ***
_SKR posts small blind 20
.Nutsuko. posts big blind 40
Dealt to _SKR [Kd 7h]
*** PRE-FLOP *** 
_SKR raises 562 to 602 and is all-in
.Nutsuko. calls 258 and is all-in
*** FLOP *** [6h 3d Js]
*** TURN *** [6h 3d Js][4h]
*** RIVER *** [6h 3d Js 4h][As]
*** SHOW DOWN ***
_SKR shows [Kd 7h] (High card : Ace)
.Nutsuko. shows [Ac Kc] (One pair : Aces)
.Nutsuko. collected 596 from main pot
_SKR collected 304 from side pot 1
*** SUMMARY ***
Total pot 900 | No rake
Board: [6h 3d Js 4h As]
Seat 2: _SKR (small blind) (button) showed [Kd 7h] and won 304 with High card : Ace
Seat 3: .Nutsuko. (big blind) showed [Ac Kc] and won 596 with One pair : Aces


Winamax Poker - Tournament "Expresso Nitro" buyIn: 0.93€ + 0.07€ level: 4 - HandId: #2718610072396627969-14-1676291656 - Holdem no limit (30/60) - 2023/02/13 12:34:16 UTC
Table: 'Expresso Nitro(632975733)#0' 3-max (real money) Seat #3 is the button
Seat 2: _SKR (304)
Seat 3: .Nutsuko. (596)
*** ANTE/BLINDS ***
.Nutsuko. posts small blind 30
_SKR posts big blind 60
Dealt to _SKR [6d Js]
*** PRE-FLOP *** 
.Nutsuko. raises 536 to 596 and is all-in
_SKR folds
.Nutsuko. collected 656 from pot
*** SUMMARY ***
Total pot 656 | No rake
Seat 3: .Nutsuko. (small blind) (button) won 656


Winamax Poker - Tournament "Expresso Nitro" buyIn: 0.93€ + 0.07€ level: 4 - HandId: #2718610072396627969-15-1676291669 - Holdem no limit (30/60) - 2023/02/13 12:34:29 UTC
Table: 'Expresso Nitro(632975733)#0' 3-max (real money) Seat #2 is the button
Seat 2: _SKR (244)
Seat 3: .Nutsuko. (656)
*** ANTE/BLINDS ***
_SKR posts small blind 30
.Nutsuko. posts big blind 60
Dealt to _SKR [7h Qd]
*** PRE-FLOP *** 
_SKR raises 184 to 244 and is all-in
.Nutsuko. folds
_SKR collected 304 from pot
*** SUMMARY ***
Total pot 304 | No rake
Seat 2: _SKR (small blind) (button) won 304


Winamax Poker - Tournament "Expresso Nitro" buyIn: 0.93€ + 0.07€ level: 4 - HandId: #2718610072396627969-16-1676291676 - Holdem no limit (30/60) - 2023/02/13 12:34:36 UTC
Table: 'Expresso Nitro(632975733)#0' 3-max (real money) Seat #3 is the button
Seat 2: _SKR (304)
Seat 3: .Nutsuko. (596)
*** ANTE/BLINDS ***
.Nutsuko. posts small blind 30
_SKR posts big blind 60
Dealt to _SKR [Kd 3h]
*** PRE-FLOP *** 
.Nutsuko. folds
_SKR collected 90 from pot
*** SUMMARY ***
Total pot 90 | No rake
Seat 2: _SKR (big blind) won 90


Winamax Poker - Tournament "Expresso Nitro" buyIn: 0.93€ + 0.07€ level: 4 - HandId: #2718610072396627969-17-1676291678 - Holdem no limit (30/60) - 2023/02/13 12:34:38 UTC
Table: 'Expresso Nitro(632975733)#0' 3-max (real money) Seat #2 is the button
Seat 2: _SKR (334)
Seat 3: .Nutsuko. (566)
*** ANTE/BLINDS ***
_SKR posts small blind 30
.Nutsuko. posts big blind 60
Dealt to _SKR [Qh As]
*** PRE-FLOP *** 
_SKR raises 274 to 334 and is all-in
.Nutsuko. raises 232 to 566 and is all-in
*** FLOP *** [5d Kd 4h]
*** TURN *** [5d Kd 4h][2h]
*** RIVER *** [5d Kd 4h 2h][3c]
*** SHOW DOWN ***
_SKR shows [Qh As] (Straight 5 high)
.Nutsuko. shows [9s 9h] (One pair : 9)
.Nutsuko. collected 232 from side pot 1
_SKR collected 668 from main pot
*** SUMMARY ***
Total pot 900 | No rake
Board: [5d Kd 4h 2h 3c]
Seat 2: _SKR (small blind) (button) showed [Qh As] and won 668 with Straight 5 high
Seat 3: .Nutsuko. (big blind) showed [9s 9h] and won 232 with One pair : 9


Winamax Poker - Tournament "Expresso Nitro" buyIn: 0.93€ + 0.07€ level: 4 - HandId: #2718610072396627969-18-1676291690 - Holdem no limit (30/60) - 2023/02/13 12:34:50 UTC
Table: 'Expresso Nitro(632975733)#0' 3-max (real money) Seat #3 is the button
Seat 2: _SKR (668)
Seat 3: .Nutsuko. (232)
*** ANTE/BLINDS ***
.Nutsuko. posts small blind 30
_SKR posts big blind 60
Dealt to _SKR [Kh 4c]
*** PRE-FLOP *** 
.Nutsuko. raises 172 to 232 and is all-in
_SKR calls 172
*** FLOP *** [5c Ks 7c]
*** TURN *** [5c Ks 7c][6c]
*** RIVER *** [5c Ks 7c 6c][Js]
*** SHOW DOWN ***
.Nutsuko. shows [6d Qc] (One pair : 6)
_SKR shows [Kh 4c] (One pair : Kings)
_SKR collected 464 from pot
*** SUMMARY ***
Total pot 464 | No rake
Board: [5c Ks 7c 6c Js]
Seat 2: _SKR (big blind) showed [Kh 4c] and won 464 with One pair : Kings
Seat 3: .Nutsuko. (small blind) (button) showed [6d Qc] and lost with One pair : 6


