Winamax Poker - Tournament "Expresso Nitro" buyIn: 1.86€ + 0.14€ level: 1 - HandId: #2695227561767600129-1-1675001046 - Holdem no limit (10/20) - 2023/01/29 14:04:06 UTC
Table: 'Expresso Nitro(627531568)#0' 3-max (real money) Seat #1 is the button
Seat 1: Yaya553 (300)
Seat 2: Idris-212 (300)
Seat 3: _SKR (300)
*** ANTE/BLINDS ***
Idris-212 posts small blind 10
_SKR posts big blind 20
Dealt to _SKR [7s 6d]
*** PRE-FLOP *** 
Yaya553 raises 20 to 40
Idris-212 folds
_SKR folds
Yaya553 collected 70 from pot
*** SUMMARY ***
Total pot 70 | No rake
Seat 1: Yaya553 (button) won 70


Winamax Poker - Tournament "Expresso Nitro" buyIn: 1.86€ + 0.14€ level: 1 - HandId: #2695227561767600129-2-1675001061 - Holdem no limit (10/20) - 2023/01/29 14:04:21 UTC
Table: 'Expresso Nitro(627531568)#0' 3-max (real money) Seat #2 is the button
Seat 1: Yaya553 (330)
Seat 2: Idris-212 (290)
Seat 3: _SKR (280)
*** ANTE/BLINDS ***
_SKR posts small blind 10
Yaya553 posts big blind 20
Dealt to _SKR [Tc 3h]
*** PRE-FLOP *** 
Idris-212 calls 20
_SKR folds
Yaya553 checks
*** FLOP *** [5d 5h Kh]
Yaya553 checks
Idris-212 checks
*** TURN *** [5d 5h Kh][Jh]
Yaya553 checks
Idris-212 bets 20
Yaya553 folds
Idris-212 collected 70 from pot
*** SUMMARY ***
Total pot 70 | No rake
Board: [5d 5h Kh Jh]
Seat 2: Idris-212 (button) won 70


Winamax Poker - Tournament "Expresso Nitro" buyIn: 1.86€ + 0.14€ level: 1 - HandId: #2695227561767600129-3-1675001078 - Holdem no limit (10/20) - 2023/01/29 14:04:38 UTC
Table: 'Expresso Nitro(627531568)#0' 3-max (real money) Seat #3 is the button
Seat 1: Yaya553 (310)
Seat 2: Idris-212 (320)
Seat 3: _SKR (270)
*** ANTE/BLINDS ***
Yaya553 posts small blind 10
Idris-212 posts big blind 20
Dealt to _SKR [5h 3d]
*** PRE-FLOP *** 
_SKR folds
Yaya553 calls 10
Idris-212 checks
*** FLOP *** [4d 4c 4h]
Yaya553 checks
Idris-212 bets 20
Yaya553 calls 20
*** TURN *** [4d 4c 4h][Jd]
Yaya553 checks
Idris-212 bets 20
Yaya553 folds
Idris-212 collected 100 from pot
*** SUMMARY ***
Total pot 100 | No rake
Board: [4d 4c 4h Jd]
Seat 2: Idris-212 (big blind) won 100


Winamax Poker - Tournament "Expresso Nitro" buyIn: 1.86€ + 0.14€ level: 1 - HandId: #2695227561767600129-4-1675001098 - Holdem no limit (10/20) - 2023/01/29 14:04:58 UTC
Table: 'Expresso Nitro(627531568)#0' 3-max (real money) Seat #1 is the button
Seat 1: Yaya553 (270)
Seat 2: Idris-212 (360)
Seat 3: _SKR (270)
*** ANTE/BLINDS ***
Idris-212 posts small blind 10
_SKR posts big blind 20
Dealt to _SKR [Ac As]
*** PRE-FLOP *** 
Yaya553 folds
Idris-212 calls 10
_SKR raises 20 to 40
Idris-212 folds
_SKR collected 60 from pot
*** SUMMARY ***
Total pot 60 | No rake
Seat 3: _SKR (big blind) won 60


Winamax Poker - Tournament "Expresso Nitro" buyIn: 1.86€ + 0.14€ level: 2 - HandId: #2695227561767600129-5-1675001108 - Holdem no limit (15/30) - 2023/01/29 14:05:08 UTC
Table: 'Expresso Nitro(627531568)#0' 3-max (real money) Seat #2 is the button
Seat 1: Yaya553 (270)
Seat 2: Idris-212 (340)
Seat 3: _SKR (290)
*** ANTE/BLINDS ***
_SKR posts small blind 15
Yaya553 posts big blind 30
Dealt to _SKR [5c Js]
*** PRE-FLOP *** 
Idris-212 folds
_SKR folds
Yaya553 collected 45 from pot
*** SUMMARY ***
Total pot 45 | No rake
Seat 1: Yaya553 (big blind) won 45


Winamax Poker - Tournament "Expresso Nitro" buyIn: 1.86€ + 0.14€ level: 2 - HandId: #2695227561767600129-6-1675001113 - Holdem no limit (15/30) - 2023/01/29 14:05:13 UTC
Table: 'Expresso Nitro(627531568)#0' 3-max (real money) Seat #3 is the button
Seat 1: Yaya553 (285)
Seat 2: Idris-212 (340)
Seat 3: _SKR (275)
*** ANTE/BLINDS ***
Yaya553 posts small blind 15
Idris-212 posts big blind 30
Dealt to _SKR [Kh Qh]
*** PRE-FLOP *** 
_SKR raises 245 to 275 and is all-in
Yaya553 folds
Idris-212 folds
_SKR collected 320 from pot
*** SUMMARY ***
Total pot 320 | No rake
Seat 3: _SKR (button) won 320


Winamax Poker - Tournament "Expresso Nitro" buyIn: 1.86€ + 0.14€ level: 2 - HandId: #2695227561767600129-7-1675001121 - Holdem no limit (15/30) - 2023/01/29 14:05:21 UTC
Table: 'Expresso Nitro(627531568)#0' 3-max (real money) Seat #1 is the button
Seat 1: Yaya553 (270)
Seat 2: Idris-212 (310)
Seat 3: _SKR (320)
*** ANTE/BLINDS ***
Idris-212 posts small blind 15
_SKR posts big blind 30
Dealt to _SKR [6c 5h]
*** PRE-FLOP *** 
Yaya553 folds
Idris-212 calls 15
_SKR checks
*** FLOP *** [6h Jd As]
Idris-212 bets 30
_SKR folds
Idris-212 collected 90 from pot
*** SUMMARY ***
Total pot 90 | No rake
Board: [6h Jd As]
Seat 2: Idris-212 (small blind) won 90


Winamax Poker - Tournament "Expresso Nitro" buyIn: 1.86€ + 0.14€ level: 2 - HandId: #2695227561767600129-8-1675001137 - Holdem no limit (15/30) - 2023/01/29 14:05:37 UTC
Table: 'Expresso Nitro(627531568)#0' 3-max (real money) Seat #2 is the button
Seat 1: Yaya553 (270)
Seat 2: Idris-212 (340)
Seat 3: _SKR (290)
*** ANTE/BLINDS ***
_SKR posts small blind 15
Yaya553 posts big blind 30
Dealt to _SKR [3c 4c]
*** PRE-FLOP *** 
Idris-212 raises 310 to 340 and is all-in
_SKR folds
Yaya553 folds
Idris-212 collected 385 from pot
*** SUMMARY ***
Total pot 385 | No rake
Seat 2: Idris-212 (button) won 385


Winamax Poker - Tournament "Expresso Nitro" buyIn: 1.86€ + 0.14€ level: 2 - HandId: #2695227561767600129-9-1675001147 - Holdem no limit (15/30) - 2023/01/29 14:05:47 UTC
Table: 'Expresso Nitro(627531568)#0' 3-max (real money) Seat #3 is the button
Seat 1: Yaya553 (240)
Seat 2: Idris-212 (385)
Seat 3: _SKR (275)
*** ANTE/BLINDS ***
Yaya553 posts small blind 15
Idris-212 posts big blind 30
Dealt to _SKR [2d Kd]
*** PRE-FLOP *** 
_SKR folds
Yaya553 folds
Idris-212 collected 45 from pot
*** SUMMARY ***
Total pot 45 | No rake
Seat 2: Idris-212 (big blind) won 45


Winamax Poker - Tournament "Expresso Nitro" buyIn: 1.86€ + 0.14€ level: 2 - HandId: #2695227561767600129-10-1675001152 - Holdem no limit (15/30) - 2023/01/29 14:05:52 UTC
Table: 'Expresso Nitro(627531568)#0' 3-max (real money) Seat #1 is the button
Seat 1: Yaya553 (225)
Seat 2: Idris-212 (400)
Seat 3: _SKR (275)
*** ANTE/BLINDS ***
Idris-212 posts small blind 15
_SKR posts big blind 30
Dealt to _SKR [7s Td]
*** PRE-FLOP *** 
Yaya553 folds
Idris-212 calls 15
_SKR checks
*** FLOP *** [9s Tc 3h]
Idris-212 bets 30
_SKR calls 30
*** TURN *** [9s Tc 3h][Kh]
Idris-212 bets 30
_SKR calls 30
*** RIVER *** [9s Tc 3h Kh][4s]
Idris-212 bets 30
_SKR calls 30
*** SHOW DOWN ***
Idris-212 shows [8s 9d] (One pair : 9)
_SKR shows [7s Td] (One pair : Tens)
_SKR collected 240 from pot
*** SUMMARY ***
Total pot 240 | No rake
Board: [9s Tc 3h Kh 4s]
Seat 2: Idris-212 (small blind) showed [8s 9d] and lost with One pair : 9
Seat 3: _SKR (big blind) showed [7s Td] and won 240 with One pair : Tens


Winamax Poker - Tournament "Expresso Nitro" buyIn: 1.86€ + 0.14€ level: 3 - HandId: #2695227561767600129-11-1675001189 - Holdem no limit (20/40) - 2023/01/29 14:06:29 UTC
Table: 'Expresso Nitro(627531568)#0' 3-max (real money) Seat #2 is the button
Seat 1: Yaya553 (225)
Seat 2: Idris-212 (280)
Seat 3: _SKR (395)
*** ANTE/BLINDS ***
_SKR posts small blind 20
Yaya553 posts big blind 40
Dealt to _SKR [Jc 9d]
*** PRE-FLOP *** 
Idris-212 raises 240 to 280 and is all-in
_SKR folds
Yaya553 calls 185 and is all-in
*** FLOP *** [8h Qh 4s]
*** TURN *** [8h Qh 4s][6c]
*** RIVER *** [8h Qh 4s 6c][2h]
*** SHOW DOWN ***
Yaya553 shows [Kd Qc] (One pair : Queens)
Idris-212 shows [6h As] (One pair : 6)
Idris-212 collected 55 from side pot 1
Yaya553 collected 470 from main pot
*** SUMMARY ***
Total pot 525 | No rake
Board: [8h Qh 4s 6c 2h]
Seat 1: Yaya553 (big blind) showed [Kd Qc] and won 470 with One pair : Queens
Seat 2: Idris-212 (button) showed [6h As] and won 55 with One pair : 6


Winamax Poker - Tournament "Expresso Nitro" buyIn: 1.86€ + 0.14€ level: 3 - HandId: #2695227561767600129-12-1675001202 - Holdem no limit (20/40) - 2023/01/29 14:06:42 UTC
Table: 'Expresso Nitro(627531568)#0' 3-max (real money) Seat #3 is the button
Seat 1: Yaya553 (470)
Seat 2: Idris-212 (55)
Seat 3: _SKR (375)
*** ANTE/BLINDS ***
Yaya553 posts small blind 20
Idris-212 posts big blind 40
Dealt to _SKR [Ac Ks]
*** PRE-FLOP *** 
_SKR raises 40 to 80
Yaya553 folds
Idris-212 calls 15 and is all-in
*** FLOP *** [Th 9s Qd]
*** TURN *** [Th 9s Qd][3s]
*** RIVER *** [Th 9s Qd 3s][Ad]
*** SHOW DOWN ***
Idris-212 shows [3d 3h] (Trips of 3)
_SKR shows [Ac Ks] (One pair : Aces)
_SKR collected 25 from side pot 1
Idris-212 collected 130 from main pot
*** SUMMARY ***
Total pot 155 | No rake
Board: [Th 9s Qd 3s Ad]
Seat 2: Idris-212 (big blind) showed [3d 3h] and won 130 with Trips of 3
Seat 3: _SKR (button) showed [Ac Ks] and won 25 with One pair : Aces


Winamax Poker - Tournament "Expresso Nitro" buyIn: 1.86€ + 0.14€ level: 3 - HandId: #2695227561767600129-13-1675001220 - Holdem no limit (20/40) - 2023/01/29 14:07:00 UTC
Table: 'Expresso Nitro(627531568)#0' 3-max (real money) Seat #1 is the button
Seat 1: Yaya553 (450)
Seat 2: Idris-212 (130)
Seat 3: _SKR (320)
*** ANTE/BLINDS ***
Idris-212 posts small blind 20
_SKR posts big blind 40
Dealt to _SKR [2s 4h]
*** PRE-FLOP *** 
Yaya553 raises 60 to 100
Idris-212 raises 30 to 130 and is all-in
_SKR folds
Yaya553 calls 30
*** FLOP *** [9s 8h Ah]
*** TURN *** [9s 8h Ah][8s]
*** RIVER *** [9s 8h Ah 8s][3d]
*** SHOW DOWN ***
Yaya553 shows [Tc Qs] (One pair : 8)
Idris-212 shows [3h Kh] (Two pairs : 8 and 3)
Idris-212 collected 300 from pot
*** SUMMARY ***
Total pot 300 | No rake
Board: [9s 8h Ah 8s 3d]
Seat 1: Yaya553 (button) showed [Tc Qs] and lost with One pair : 8
Seat 2: Idris-212 (small blind) showed [3h Kh] and won 300 with Two pairs : 8 and 3


Winamax Poker - Tournament "Expresso Nitro" buyIn: 1.86€ + 0.14€ level: 4 - HandId: #2695227561767600129-14-1675001244 - Holdem no limit (30/60) - 2023/01/29 14:07:24 UTC
Table: 'Expresso Nitro(627531568)#0' 3-max (real money) Seat #2 is the button
Seat 1: Yaya553 (320)
Seat 2: Idris-212 (300)
Seat 3: _SKR (280)
*** ANTE/BLINDS ***
_SKR posts small blind 30
Yaya553 posts big blind 60
Dealt to _SKR [9c Ad]
*** PRE-FLOP *** 
Idris-212 raises 240 to 300 and is all-in
_SKR calls 250 and is all-in
Yaya553 folds
*** FLOP *** [7c Th 9h]
*** TURN *** [7c Th 9h][Kc]
*** RIVER *** [7c Th 9h Kc][4h]
*** SHOW DOWN ***
Idris-212 shows [2d Ac] (High card : Ace)
_SKR shows [9c Ad] (One pair : 9)
_SKR collected 620 from main pot
Idris-212 collected 20 from side pot 1
*** SUMMARY ***
Total pot 640 | No rake
Board: [7c Th 9h Kc 4h]
Seat 2: Idris-212 (button) showed [2d Ac] and won 20 with High card : Ace
Seat 3: _SKR (small blind) showed [9c Ad] and won 620 with One pair : 9


Winamax Poker - Tournament "Expresso Nitro" buyIn: 1.86€ + 0.14€ level: 4 - HandId: #2695227561767600129-15-1675001264 - Holdem no limit (30/60) - 2023/01/29 14:07:44 UTC
Table: 'Expresso Nitro(627531568)#0' 3-max (real money) Seat #3 is the button
Seat 1: Yaya553 (260)
Seat 2: Idris-212 (20)
Seat 3: _SKR (620)
*** ANTE/BLINDS ***
Yaya553 posts small blind 30
Idris-212 posts big blind 20 and is all-in
Dealt to _SKR [4c Ac]
*** PRE-FLOP *** 
_SKR raises 590 to 620 and is all-in
Yaya553 folds
*** FLOP *** [Qs 6h 6d]
*** TURN *** [Qs 6h 6d][7h]
*** RIVER *** [Qs 6h 6d 7h][3s]
*** SHOW DOWN ***
Idris-212 shows [Kd 7s] (Two pairs : 7 and 6)
_SKR shows [4c Ac] (One pair : 6)
_SKR collected 610 from side pot 1
Idris-212 collected 60 from main pot
*** SUMMARY ***
Total pot 670 | No rake
Board: [Qs 6h 6d 7h 3s]
Seat 2: Idris-212 (big blind) showed [Kd 7s] and won 60 with Two pairs : 7 and 6
Seat 3: _SKR (button) showed [4c Ac] and won 610 with One pair : 6


Winamax Poker - Tournament "Expresso Nitro" buyIn: 1.86€ + 0.14€ level: 4 - HandId: #2695227561767600129-16-1675001277 - Holdem no limit (30/60) - 2023/01/29 14:07:57 UTC
Table: 'Expresso Nitro(627531568)#0' 3-max (real money) Seat #1 is the button
Seat 1: Yaya553 (230)
Seat 2: Idris-212 (60)
Seat 3: _SKR (610)
*** ANTE/BLINDS ***
Idris-212 posts small blind 30
_SKR posts big blind 60
Dealt to _SKR [Qd 7c]
*** PRE-FLOP *** 
Yaya553 folds
Idris-212 calls 30 and is all-in
*** FLOP *** [3d 3s Jc]
*** TURN *** [3d 3s Jc][4d]
*** RIVER *** [3d 3s Jc 4d][Kd]
*** SHOW DOWN ***
_SKR shows [Qd 7c] (One pair : 3)
Idris-212 shows [Ac Ts] (One pair : 3)
Idris-212 collected 120 from pot
*** SUMMARY ***
Total pot 120 | No rake
Board: [3d 3s Jc 4d Kd]
Seat 2: Idris-212 (small blind) showed [Ac Ts] and won 120 with One pair : 3
Seat 3: _SKR (big blind) showed [Qd 7c] and lost with One pair : 3


Winamax Poker - Tournament "Expresso Nitro" buyIn: 1.86€ + 0.14€ level: 5 - HandId: #2695227561767600129-17-1675001289 - Holdem no limit (40/80) - 2023/01/29 14:08:09 UTC
Table: 'Expresso Nitro(627531568)#0' 3-max (real money) Seat #2 is the button
Seat 1: Yaya553 (230)
Seat 2: Idris-212 (120)
Seat 3: _SKR (550)
*** ANTE/BLINDS ***
_SKR posts small blind 40
Yaya553 posts big blind 80
Dealt to _SKR [Td 4h]
*** PRE-FLOP *** 
Idris-212 raises 40 to 120 and is all-in
_SKR folds
Yaya553 calls 40
*** FLOP *** [7h 5h 8h]
*** TURN *** [7h 5h 8h][4d]
*** RIVER *** [7h 5h 8h 4d][5c]
*** SHOW DOWN ***
Idris-212 shows [Qh Jc] (One pair : 5)
Yaya553 shows [Qc 8s] (Two pairs : 8 and 5)
Yaya553 collected 280 from pot
*** SUMMARY ***
Total pot 280 | No rake
Board: [7h 5h 8h 4d 5c]
Seat 1: Yaya553 (big blind) showed [Qc 8s] and won 280 with Two pairs : 8 and 5
Seat 2: Idris-212 (button) showed [Qh Jc] and lost with One pair : 5


Winamax Poker - Tournament "Expresso Nitro" buyIn: 1.86€ + 0.14€ level: 5 - HandId: #2695227561767600129-18-1675001305 - Holdem no limit (40/80) - 2023/01/29 14:08:25 UTC
Table: 'Expresso Nitro(627531568)#0' 3-max (real money) Seat #1 is the button
Seat 1: Yaya553 (390)
Seat 3: _SKR (510)
*** ANTE/BLINDS ***
Yaya553 posts small blind 40
_SKR posts big blind 80
Dealt to _SKR [Jh 8c]
*** PRE-FLOP *** 
Yaya553 folds
_SKR collected 120 from pot
*** SUMMARY ***
Total pot 120 | No rake
Seat 3: _SKR (big blind) won 120


Winamax Poker - Tournament "Expresso Nitro" buyIn: 1.86€ + 0.14€ level: 5 - HandId: #2695227561767600129-19-1675001311 - Holdem no limit (40/80) - 2023/01/29 14:08:31 UTC
Table: 'Expresso Nitro(627531568)#0' 3-max (real money) Seat #3 is the button
Seat 1: Yaya553 (350)
Seat 3: _SKR (550)
*** ANTE/BLINDS ***
_SKR posts small blind 40
Yaya553 posts big blind 80
Dealt to _SKR [6c 7d]
*** PRE-FLOP *** 
_SKR folds
Yaya553 collected 120 from pot
*** SUMMARY ***
Total pot 120 | No rake
Seat 1: Yaya553 (big blind) won 120


Winamax Poker - Tournament "Expresso Nitro" buyIn: 1.86€ + 0.14€ level: 5 - HandId: #2695227561767600129-20-1675001316 - Holdem no limit (40/80) - 2023/01/29 14:08:36 UTC
Table: 'Expresso Nitro(627531568)#0' 3-max (real money) Seat #1 is the button
Seat 1: Yaya553 (390)
Seat 3: _SKR (510)
*** ANTE/BLINDS ***
Yaya553 posts small blind 40
_SKR posts big blind 80
Dealt to _SKR [Qs Td]
*** PRE-FLOP *** 
Yaya553 raises 310 to 390 and is all-in
_SKR calls 310
*** FLOP *** [As 8h 2c]
*** TURN *** [As 8h 2c][Jh]
*** RIVER *** [As 8h 2c Jh][9d]
*** SHOW DOWN ***
Yaya553 shows [Ad 6c] (One pair : Aces)
_SKR shows [Qs Td] (Straight Queen high)
_SKR collected 780 from pot
*** SUMMARY ***
Total pot 780 | No rake
Board: [As 8h 2c Jh 9d]
Seat 1: Yaya553 (small blind) (button) showed [Ad 6c] and lost with One pair : Aces
Seat 3: _SKR (big blind) showed [Qs Td] and won 780 with Straight Queen high


