Winamax Poker - Tournament "Expresso Nitro" buyIn: 1.86€ + 0.14€ level: 1 - HandId: #2695245596335276033-1-1675002091 - Holdem no limit (10/20) - 2023/01/29 14:21:31 UTC
Table: 'Expresso Nitro(627535767)#0' 3-max (real money) Seat #1 is the button
Seat 1: _SKR (300)
Seat 2: Polar68Bear (300)
Seat 3: jeje039 (300)
*** ANTE/BLINDS ***
Polar68Bear posts small blind 10
jeje039 posts big blind 20
Dealt to _SKR [9c Jd]
*** PRE-FLOP *** 
_SKR folds
Polar68Bear calls 10
jeje039 checks
*** FLOP *** [2h Jc 4c]
Polar68Bear checks
jeje039 bets 30
Polar68Bear calls 30
*** TURN *** [2h Jc 4c][3s]
Polar68Bear bets 35
jeje039 calls 35
*** RIVER *** [2h Jc 4c 3s][8s]
Polar68Bear bets 59
jeje039 folds
Polar68Bear collected 229 from pot
*** SUMMARY ***
Total pot 229 | No rake
Board: [2h Jc 4c 3s 8s]
Seat 2: Polar68Bear (small blind) won 229


Winamax Poker - Tournament "Expresso Nitro" buyIn: 1.86€ + 0.14€ level: 1 - HandId: #2695245596335276033-2-1675002133 - Holdem no limit (10/20) - 2023/01/29 14:22:13 UTC
Table: 'Expresso Nitro(627535767)#0' 3-max (real money) Seat #2 is the button
Seat 1: _SKR (300)
Seat 2: Polar68Bear (385)
Seat 3: jeje039 (215)
*** ANTE/BLINDS ***
jeje039 posts small blind 10
_SKR posts big blind 20
Dealt to _SKR [As 9s]
*** PRE-FLOP *** 
Polar68Bear folds
jeje039 raises 20 to 40
_SKR raises 260 to 300 and is all-in
jeje039 folds
_SKR collected 340 from pot
*** SUMMARY ***
Total pot 340 | No rake
Seat 1: _SKR (big blind) won 340


Winamax Poker - Tournament "Expresso Nitro" buyIn: 1.86€ + 0.14€ level: 1 - HandId: #2695245596335276033-3-1675002142 - Holdem no limit (10/20) - 2023/01/29 14:22:22 UTC
Table: 'Expresso Nitro(627535767)#0' 3-max (real money) Seat #3 is the button
Seat 1: _SKR (340)
Seat 2: Polar68Bear (385)
Seat 3: jeje039 (175)
*** ANTE/BLINDS ***
_SKR posts small blind 10
Polar68Bear posts big blind 20
Dealt to _SKR [9c 2d]
*** PRE-FLOP *** 
jeje039 folds
_SKR folds
Polar68Bear collected 30 from pot
*** SUMMARY ***
Total pot 30 | No rake
Seat 2: Polar68Bear (big blind) won 30


Winamax Poker - Tournament "Expresso Nitro" buyIn: 1.86€ + 0.14€ level: 2 - HandId: #2695245596335276033-4-1675002150 - Holdem no limit (15/30) - 2023/01/29 14:22:30 UTC
Table: 'Expresso Nitro(627535767)#0' 3-max (real money) Seat #1 is the button
Seat 1: _SKR (330)
Seat 2: Polar68Bear (395)
Seat 3: jeje039 (175)
*** ANTE/BLINDS ***
Polar68Bear posts small blind 15
jeje039 posts big blind 30
Dealt to _SKR [4d Ac]
*** PRE-FLOP *** 
_SKR raises 300 to 330 and is all-in
Polar68Bear folds
jeje039 folds
_SKR collected 375 from pot
*** SUMMARY ***
Total pot 375 | No rake
Seat 1: _SKR (button) won 375


Winamax Poker - Tournament "Expresso Nitro" buyIn: 1.86€ + 0.14€ level: 2 - HandId: #2695245596335276033-5-1675002161 - Holdem no limit (15/30) - 2023/01/29 14:22:41 UTC
Table: 'Expresso Nitro(627535767)#0' 3-max (real money) Seat #2 is the button
Seat 1: _SKR (375)
Seat 2: Polar68Bear (380)
Seat 3: jeje039 (145)
*** ANTE/BLINDS ***
jeje039 posts small blind 15
_SKR posts big blind 30
Dealt to _SKR [Th As]
*** PRE-FLOP *** 
Polar68Bear folds
jeje039 raises 115 to 145 and is all-in
_SKR calls 115
*** FLOP *** [Qc Ks Qh]
*** TURN *** [Qc Ks Qh][Ac]
*** RIVER *** [Qc Ks Qh Ac][5c]
*** SHOW DOWN ***
_SKR shows [Th As] (Two pairs : Aces and Queens)
jeje039 shows [Ad Jc] (Two pairs : Aces and Queens)
jeje039 collected 145 from pot
_SKR collected 145 from pot
*** SUMMARY ***
Total pot 290 | No rake
Board: [Qc Ks Qh Ac 5c]
Seat 1: _SKR (big blind) showed [Th As] and won 145 with Two pairs : Aces and Queens
Seat 3: jeje039 (small blind) showed [Ad Jc] and won 145 with Two pairs : Aces and Queens


Winamax Poker - Tournament "Expresso Nitro" buyIn: 1.86€ + 0.14€ level: 2 - HandId: #2695245596335276033-6-1675002188 - Holdem no limit (15/30) - 2023/01/29 14:23:08 UTC
Table: 'Expresso Nitro(627535767)#0' 3-max (real money) Seat #3 is the button
Seat 1: _SKR (375)
Seat 2: Polar68Bear (380)
Seat 3: jeje039 (145)
*** ANTE/BLINDS ***
_SKR posts small blind 15
Polar68Bear posts big blind 30
Dealt to _SKR [Tc Ad]
*** PRE-FLOP *** 
jeje039 raises 115 to 145 and is all-in
_SKR raises 230 to 375 and is all-in
Polar68Bear folds
*** FLOP *** [7s 7c 5s]
*** TURN *** [7s 7c 5s][Jd]
*** RIVER *** [7s 7c 5s Jd][8s]
*** SHOW DOWN ***
_SKR shows [Tc Ad] (One pair : 7)
jeje039 shows [As Kd] (One pair : 7)
jeje039 collected 320 from main pot
_SKR collected 230 from side pot 1
*** SUMMARY ***
Total pot 550 | No rake
Board: [7s 7c 5s Jd 8s]
Seat 1: _SKR (small blind) showed [Tc Ad] and won 230 with One pair : 7
Seat 3: jeje039 (button) showed [As Kd] and won 320 with One pair : 7


Winamax Poker - Tournament "Expresso Nitro" buyIn: 1.86€ + 0.14€ level: 2 - HandId: #2695245596335276033-7-1675002205 - Holdem no limit (15/30) - 2023/01/29 14:23:25 UTC
Table: 'Expresso Nitro(627535767)#0' 3-max (real money) Seat #1 is the button
Seat 1: _SKR (230)
Seat 2: Polar68Bear (350)
Seat 3: jeje039 (320)
*** ANTE/BLINDS ***
Polar68Bear posts small blind 15
jeje039 posts big blind 30
Dealt to _SKR [7h 7c]
*** PRE-FLOP *** 
_SKR raises 200 to 230 and is all-in
Polar68Bear folds
jeje039 raises 90 to 320 and is all-in
*** FLOP *** [2s Kc Qh]
*** TURN *** [2s Kc Qh][Ks]
*** RIVER *** [2s Kc Qh Ks][Qc]
*** SHOW DOWN ***
_SKR shows [7h 7c] (Two pairs : Kings and Queens)
jeje039 shows [2h As] (Two pairs : Kings and Queens)
jeje039 collected 565 from pot
*** SUMMARY ***
Total pot 565 | No rake
Board: [2s Kc Qh Ks Qc]
Seat 1: _SKR (button) showed [7h 7c] and lost with Two pairs : Kings and Queens
Seat 3: jeje039 (big blind) showed [2h As] and won 565 with Two pairs : Kings and Queens


