Winamax Poker - Tournament "Expresso Nitro" buyIn: 0.93€ + 0.07€ level: 1 - HandId: #2730578630127124481-1-1676986662 - Holdem no limit (10/20) - 2023/02/21 13:37:42 UTC
Table: 'Expresso Nitro(635762380)#0' 3-max (real money) Seat #3 is the button
Seat 1: _SKR (300)
Seat 2: Narkosarko94 (300)
Seat 3: Babz (300)
*** ANTE/BLINDS ***
_SKR posts small blind 10
Narkosarko94 posts big blind 20
Dealt to _SKR [9h 3c]
*** PRE-FLOP *** 
Babz raises 20 to 40
_SKR folds
Narkosarko94 calls 20
*** FLOP *** [2c Td Jc]
Narkosarko94 checks
Babz checks
*** TURN *** [2c Td Jc][Jh]
Narkosarko94 checks
Babz checks
*** RIVER *** [2c Td Jc Jh][4c]
Narkosarko94 bets 260 and is all-in
Babz folds
Narkosarko94 collected 350 from pot
*** SUMMARY ***
Total pot 350 | No rake
Board: [2c Td Jc Jh 4c]
Seat 2: Narkosarko94 (big blind) won 350


Winamax Poker - Tournament "Expresso Nitro" buyIn: 0.93€ + 0.07€ level: 1 - HandId: #2730578630127124481-2-1676986689 - Holdem no limit (10/20) - 2023/02/21 13:38:09 UTC
Table: 'Expresso Nitro(635762380)#0' 3-max (real money) Seat #1 is the button
Seat 1: _SKR (290)
Seat 2: Narkosarko94 (350)
Seat 3: Babz (260)
*** ANTE/BLINDS ***
Narkosarko94 posts small blind 10
Babz posts big blind 20
Dealt to _SKR [7d 3d]
*** PRE-FLOP *** 
_SKR folds
Narkosarko94 folds
Babz collected 30 from pot
*** SUMMARY ***
Total pot 30 | No rake
Seat 3: Babz (big blind) won 30


Winamax Poker - Tournament "Expresso Nitro" buyIn: 0.93€ + 0.07€ level: 1 - HandId: #2730578630127124481-3-1676986695 - Holdem no limit (10/20) - 2023/02/21 13:38:15 UTC
Table: 'Expresso Nitro(635762380)#0' 3-max (real money) Seat #2 is the button
Seat 1: _SKR (290)
Seat 2: Narkosarko94 (340)
Seat 3: Babz (270)
*** ANTE/BLINDS ***
Babz posts small blind 10
_SKR posts big blind 20
Dealt to _SKR [5d Ts]
*** PRE-FLOP *** 
Narkosarko94 raises 50 to 70
Babz folds
_SKR folds
Narkosarko94 collected 100 from pot
*** SUMMARY ***
Total pot 100 | No rake
Seat 2: Narkosarko94 (button) won 100


Winamax Poker - Tournament "Expresso Nitro" buyIn: 0.93€ + 0.07€ level: 1 - HandId: #2730578630127124481-4-1676986704 - Holdem no limit (10/20) - 2023/02/21 13:38:24 UTC
Table: 'Expresso Nitro(635762380)#0' 3-max (real money) Seat #3 is the button
Seat 1: _SKR (270)
Seat 2: Narkosarko94 (370)
Seat 3: Babz (260)
*** ANTE/BLINDS ***
_SKR posts small blind 10
Narkosarko94 posts big blind 20
Dealt to _SKR [Ad 9c]
*** PRE-FLOP *** 
Babz folds
_SKR raises 250 to 270 and is all-in
Narkosarko94 folds
_SKR collected 290 from pot
*** SUMMARY ***
Total pot 290 | No rake
Seat 1: _SKR (small blind) won 290


Winamax Poker - Tournament "Expresso Nitro" buyIn: 0.93€ + 0.07€ level: 1 - HandId: #2730578630127124481-5-1676986714 - Holdem no limit (10/20) - 2023/02/21 13:38:34 UTC
Table: 'Expresso Nitro(635762380)#0' 3-max (real money) Seat #1 is the button
Seat 1: _SKR (290)
Seat 2: Narkosarko94 (350)
Seat 3: Babz (260)
*** ANTE/BLINDS ***
Narkosarko94 posts small blind 10
Babz posts big blind 20
Dealt to _SKR [Kd 9c]
*** PRE-FLOP *** 
_SKR raises 20 to 40
Narkosarko94 folds
Babz folds
_SKR collected 70 from pot
*** SUMMARY ***
Total pot 70 | No rake
Seat 1: _SKR (button) won 70


Winamax Poker - Tournament "Expresso Nitro" buyIn: 0.93€ + 0.07€ level: 2 - HandId: #2730578630127124481-6-1676986723 - Holdem no limit (15/30) - 2023/02/21 13:38:43 UTC
Table: 'Expresso Nitro(635762380)#0' 3-max (real money) Seat #2 is the button
Seat 1: _SKR (320)
Seat 2: Narkosarko94 (340)
Seat 3: Babz (240)
*** ANTE/BLINDS ***
Babz posts small blind 15
_SKR posts big blind 30
Dealt to _SKR [7h 4c]
*** PRE-FLOP *** 
Narkosarko94 folds
Babz calls 15
_SKR checks
*** FLOP *** [Kh 7c 3c]
Babz checks
_SKR checks
*** TURN *** [Kh 7c 3c][Qd]
Babz checks
_SKR checks
*** RIVER *** [Kh 7c 3c Qd][Tc]
Babz bets 30
_SKR calls 30
*** SHOW DOWN ***
_SKR shows [7h 4c] (One pair : 7)
Babz shows [Js Kd] (One pair : Kings)
Babz collected 120 from pot
*** SUMMARY ***
Total pot 120 | No rake
Board: [Kh 7c 3c Qd Tc]
Seat 1: _SKR (big blind) showed [7h 4c] and lost with One pair : 7
Seat 3: Babz (small blind) showed [Js Kd] and won 120 with One pair : Kings


Winamax Poker - Tournament "Expresso Nitro" buyIn: 0.93€ + 0.07€ level: 2 - HandId: #2730578630127124481-7-1676986759 - Holdem no limit (15/30) - 2023/02/21 13:39:19 UTC
Table: 'Expresso Nitro(635762380)#0' 3-max (real money) Seat #3 is the button
Seat 1: _SKR (260)
Seat 2: Narkosarko94 (340)
Seat 3: Babz (300)
*** ANTE/BLINDS ***
_SKR posts small blind 15
Narkosarko94 posts big blind 30
Dealt to _SKR [9s Qc]
*** PRE-FLOP *** 
Babz folds
_SKR raises 230 to 260 and is all-in
Narkosarko94 calls 230
*** FLOP *** [2d Ad 4c]
*** TURN *** [2d Ad 4c][Js]
*** RIVER *** [2d Ad 4c Js][8s]
*** SHOW DOWN ***
_SKR shows [9s Qc] (High card : Ace)
Narkosarko94 shows [Kc Ac] (One pair : Aces)
Narkosarko94 collected 520 from pot
*** SUMMARY ***
Total pot 520 | No rake
Board: [2d Ad 4c Js 8s]
Seat 1: _SKR (small blind) showed [9s Qc] and lost with High card : Ace
Seat 2: Narkosarko94 (big blind) showed [Kc Ac] and won 520 with One pair : Aces


