Winamax Poker - Tournament "Expresso Nitro" buyIn: 1.86€ + 0.14€ level: 1 - HandId: #2698157485377716225-1-1675183353 - Holdem no limit (10/20) - 2023/01/31 16:42:33 UTC
Table: 'Expresso Nitro(628213744)#0' 3-max (real money) Seat #2 is the button
Seat 1: SUNWELL (300)
Seat 2: _SKR (300)
Seat 3: AAndyIrons (300)
*** ANTE/BLINDS ***
AAndyIrons posts small blind 10
SUNWELL posts big blind 20
Dealt to _SKR [Qd 8c]
*** PRE-FLOP *** 
_SKR folds
AAndyIrons calls 10
SUNWELL raises 30 to 50
AAndyIrons folds
SUNWELL collected 70 from pot
*** SUMMARY ***
Total pot 70 | No rake
Seat 1: SUNWELL (big blind) won 70


Winamax Poker - Tournament "Expresso Nitro" buyIn: 1.86€ + 0.14€ level: 1 - HandId: #2698157485377716225-2-1675183377 - Holdem no limit (10/20) - 2023/01/31 16:42:57 UTC
Table: 'Expresso Nitro(628213744)#0' 3-max (real money) Seat #3 is the button
Seat 1: SUNWELL (320)
Seat 2: _SKR (300)
Seat 3: AAndyIrons (280)
*** ANTE/BLINDS ***
SUNWELL posts small blind 10
_SKR posts big blind 20
Dealt to _SKR [3c Kh]
*** PRE-FLOP *** 
AAndyIrons folds
SUNWELL raises 20 to 40
_SKR folds
SUNWELL collected 60 from pot
*** SUMMARY ***
Total pot 60 | No rake
Seat 1: SUNWELL (small blind) won 60


Winamax Poker - Tournament "Expresso Nitro" buyIn: 1.86€ + 0.14€ level: 1 - HandId: #2698157485377716225-3-1675183401 - Holdem no limit (10/20) - 2023/01/31 16:43:21 UTC
Table: 'Expresso Nitro(628213744)#0' 3-max (real money) Seat #1 is the button
Seat 1: SUNWELL (340)
Seat 2: _SKR (280)
Seat 3: AAndyIrons (280)
*** ANTE/BLINDS ***
_SKR posts small blind 10
AAndyIrons posts big blind 20
Dealt to _SKR [9d 2h]
*** PRE-FLOP *** 
SUNWELL folds
_SKR folds
AAndyIrons collected 30 from pot
*** SUMMARY ***
Total pot 30 | No rake
Seat 3: AAndyIrons (big blind) won 30


Winamax Poker - Tournament "Expresso Nitro" buyIn: 1.86€ + 0.14€ level: 2 - HandId: #2698157485377716225-4-1675183411 - Holdem no limit (15/30) - 2023/01/31 16:43:31 UTC
Table: 'Expresso Nitro(628213744)#0' 3-max (real money) Seat #2 is the button
Seat 1: SUNWELL (340)
Seat 2: _SKR (270)
Seat 3: AAndyIrons (290)
*** ANTE/BLINDS ***
AAndyIrons posts small blind 15
SUNWELL posts big blind 30
Dealt to _SKR [2c 9s]
*** PRE-FLOP *** 
_SKR folds
AAndyIrons folds
SUNWELL collected 45 from pot
*** SUMMARY ***
Total pot 45 | No rake
Seat 1: SUNWELL (big blind) won 45


Winamax Poker - Tournament "Expresso Nitro" buyIn: 1.86€ + 0.14€ level: 2 - HandId: #2698157485377716225-5-1675183415 - Holdem no limit (15/30) - 2023/01/31 16:43:35 UTC
Table: 'Expresso Nitro(628213744)#0' 3-max (real money) Seat #3 is the button
Seat 1: SUNWELL (355)
Seat 2: _SKR (270)
Seat 3: AAndyIrons (275)
*** ANTE/BLINDS ***
SUNWELL posts small blind 15
_SKR posts big blind 30
Dealt to _SKR [2d 9h]
*** PRE-FLOP *** 
AAndyIrons calls 30
SUNWELL calls 15
_SKR checks
*** FLOP *** [2s Th Td]
SUNWELL checks
_SKR checks
AAndyIrons checks
*** TURN *** [2s Th Td][2c]
SUNWELL bets 45
_SKR calls 45
AAndyIrons folds
*** RIVER *** [2s Th Td 2c][Qh]
SUNWELL bets 63
_SKR calls 63
*** SHOW DOWN ***
SUNWELL shows [7h Kc] (Two pairs : Tens and 2)
_SKR shows [2d 9h] (Full of 2 and Tens)
_SKR collected 306 from pot
*** SUMMARY ***
Total pot 306 | No rake
Board: [2s Th Td 2c Qh]
Seat 1: SUNWELL (small blind) showed [7h Kc] and lost with Two pairs : Tens and 2
Seat 2: _SKR (big blind) showed [2d 9h] and won 306 with Full of 2 and Tens


Winamax Poker - Tournament "Expresso Nitro" buyIn: 1.86€ + 0.14€ level: 3 - HandId: #2698157485377716225-6-1675183471 - Holdem no limit (20/40) - 2023/01/31 16:44:31 UTC
Table: 'Expresso Nitro(628213744)#0' 3-max (real money) Seat #1 is the button
Seat 1: SUNWELL (217)
Seat 2: _SKR (438)
Seat 3: AAndyIrons (245)
*** ANTE/BLINDS ***
_SKR posts small blind 20
AAndyIrons posts big blind 40
Dealt to _SKR [As 7d]
*** PRE-FLOP *** 
SUNWELL folds
_SKR raises 398 to 438 and is all-in
AAndyIrons folds
_SKR collected 478 from pot
*** SUMMARY ***
Total pot 478 | No rake
Seat 2: _SKR (small blind) won 478


Winamax Poker - Tournament "Expresso Nitro" buyIn: 1.86€ + 0.14€ level: 3 - HandId: #2698157485377716225-7-1675183484 - Holdem no limit (20/40) - 2023/01/31 16:44:44 UTC
Table: 'Expresso Nitro(628213744)#0' 3-max (real money) Seat #2 is the button
Seat 1: SUNWELL (217)
Seat 2: _SKR (478)
Seat 3: AAndyIrons (205)
*** ANTE/BLINDS ***
AAndyIrons posts small blind 20
SUNWELL posts big blind 40
Dealt to _SKR [Js 2s]
*** PRE-FLOP *** 
_SKR folds
AAndyIrons raises 165 to 205 and is all-in
SUNWELL raises 12 to 217 and is all-in
*** FLOP *** [4d Kc 8d]
*** TURN *** [4d Kc 8d][7d]
*** RIVER *** [4d Kc 8d 7d][Ah]
*** SHOW DOWN ***
AAndyIrons shows [Ad 2c] (One pair : Aces)
SUNWELL shows [As 7c] (Two pairs : Aces and 7)
SUNWELL collected 422 from pot
*** SUMMARY ***
Total pot 422 | No rake
Board: [4d Kc 8d 7d Ah]
Seat 1: SUNWELL (big blind) showed [As 7c] and won 422 with Two pairs : Aces and 7
Seat 3: AAndyIrons (small blind) showed [Ad 2c] and lost with One pair : Aces


Winamax Poker - Tournament "Expresso Nitro" buyIn: 1.86€ + 0.14€ level: 3 - HandId: #2698157485377716225-8-1675183503 - Holdem no limit (20/40) - 2023/01/31 16:45:03 UTC
Table: 'Expresso Nitro(628213744)#0' 3-max (real money) Seat #1 is the button
Seat 1: SUNWELL (422)
Seat 2: _SKR (478)
*** ANTE/BLINDS ***
SUNWELL posts small blind 20
_SKR posts big blind 40
Dealt to _SKR [6s 3h]
*** PRE-FLOP *** 
SUNWELL raises 40 to 80
_SKR folds
SUNWELL collected 120 from pot
*** SUMMARY ***
Total pot 120 | No rake
Seat 1: SUNWELL (small blind) (button) won 120


Winamax Poker - Tournament "Expresso Nitro" buyIn: 1.86€ + 0.14€ level: 3 - HandId: #2698157485377716225-9-1675183517 - Holdem no limit (20/40) - 2023/01/31 16:45:17 UTC
Table: 'Expresso Nitro(628213744)#0' 3-max (real money) Seat #2 is the button
Seat 1: SUNWELL (462)
Seat 2: _SKR (438)
*** ANTE/BLINDS ***
_SKR posts small blind 20
SUNWELL posts big blind 40
Dealt to _SKR [Js 4d]
*** PRE-FLOP *** 
_SKR folds
SUNWELL collected 60 from pot
*** SUMMARY ***
Total pot 60 | No rake
Seat 1: SUNWELL (big blind) won 60


Winamax Poker - Tournament "Expresso Nitro" buyIn: 1.86€ + 0.14€ level: 3 - HandId: #2698157485377716225-10-1675183522 - Holdem no limit (20/40) - 2023/01/31 16:45:22 UTC
Table: 'Expresso Nitro(628213744)#0' 3-max (real money) Seat #1 is the button
Seat 1: SUNWELL (482)
Seat 2: _SKR (418)
*** ANTE/BLINDS ***
SUNWELL posts small blind 20
_SKR posts big blind 40
Dealt to _SKR [5c 3h]
*** PRE-FLOP *** 
SUNWELL folds
_SKR collected 60 from pot
*** SUMMARY ***
Total pot 60 | No rake
Seat 2: _SKR (big blind) won 60


Winamax Poker - Tournament "Expresso Nitro" buyIn: 1.86€ + 0.14€ level: 3 - HandId: #2698157485377716225-11-1675183527 - Holdem no limit (20/40) - 2023/01/31 16:45:27 UTC
Table: 'Expresso Nitro(628213744)#0' 3-max (real money) Seat #2 is the button
Seat 1: SUNWELL (462)
Seat 2: _SKR (438)
*** ANTE/BLINDS ***
_SKR posts small blind 20
SUNWELL posts big blind 40
Dealt to _SKR [Qd 8h]
*** PRE-FLOP *** 
_SKR calls 20
SUNWELL checks
*** FLOP *** [9c 3d Jh]
SUNWELL checks
_SKR checks
*** TURN *** [9c 3d Jh][7d]
SUNWELL bets 46
_SKR calls 46
*** RIVER *** [9c 3d Jh 7d][5s]
SUNWELL checks
_SKR checks
*** SHOW DOWN ***
_SKR shows [Qd 8h] (High card : Queen)
SUNWELL shows [3s 8s] (One pair : 3)
SUNWELL collected 172 from pot
*** SUMMARY ***
Total pot 172 | No rake
Board: [9c 3d Jh 7d 5s]
Seat 1: SUNWELL (big blind) showed [3s 8s] and won 172 with One pair : 3
Seat 2: _SKR (small blind) (button) showed [Qd 8h] and lost with High card : Queen


Winamax Poker - Tournament "Expresso Nitro" buyIn: 1.86€ + 0.14€ level: 4 - HandId: #2698157485377716225-12-1675183566 - Holdem no limit (30/60) - 2023/01/31 16:46:06 UTC
Table: 'Expresso Nitro(628213744)#0' 3-max (real money) Seat #1 is the button
Seat 1: SUNWELL (548)
Seat 2: _SKR (352)
*** ANTE/BLINDS ***
SUNWELL posts small blind 30
_SKR posts big blind 60
Dealt to _SKR [3h 3d]
*** PRE-FLOP *** 
SUNWELL calls 30
_SKR raises 292 to 352 and is all-in
SUNWELL folds
_SKR collected 412 from pot
*** SUMMARY ***
Total pot 412 | No rake
Seat 2: _SKR (big blind) won 412


Winamax Poker - Tournament "Expresso Nitro" buyIn: 1.86€ + 0.14€ level: 4 - HandId: #2698157485377716225-13-1675183575 - Holdem no limit (30/60) - 2023/01/31 16:46:15 UTC
Table: 'Expresso Nitro(628213744)#0' 3-max (real money) Seat #2 is the button
Seat 1: SUNWELL (488)
Seat 2: _SKR (412)
*** ANTE/BLINDS ***
_SKR posts small blind 30
SUNWELL posts big blind 60
Dealt to _SKR [8h Js]
*** PRE-FLOP *** 
_SKR raises 352 to 412 and is all-in
SUNWELL calls 352
*** FLOP *** [7c 4d Ad]
*** TURN *** [7c 4d Ad][Kd]
*** RIVER *** [7c 4d Ad Kd][5h]
*** SHOW DOWN ***
_SKR shows [8h Js] (High card : Ace)
SUNWELL shows [Ks 9c] (One pair : Kings)
SUNWELL collected 824 from pot
*** SUMMARY ***
Total pot 824 | No rake
Board: [7c 4d Ad Kd 5h]
Seat 1: SUNWELL (big blind) showed [Ks 9c] and won 824 with One pair : Kings
Seat 2: _SKR (small blind) (button) showed [8h Js] and lost with High card : Ace


