Winamax Poker - Tournament "Expresso Nitro" buyIn: 1.86€ + 0.14€ level: 1 - HandId: #2695227918249885697-1-1675001066 - Holdem no limit (10/20) - 2023/01/29 14:04:26 UTC
Table: 'Expresso Nitro(627531651)#0' 3-max (real money) Seat #3 is the button
Seat 1: Helder Julie (300)
Seat 2: mou.Mulet424 (300)
Seat 3: _SKR (300)
*** ANTE/BLINDS ***
Helder Julie posts small blind 10
mou.Mulet424 posts big blind 20
Dealt to _SKR [9s Qh]
*** PRE-FLOP *** 
_SKR folds
Helder Julie calls 10
mou.Mulet424 checks
*** FLOP *** [As 9c 5s]
Helder Julie bets 26
mou.Mulet424 folds
Helder Julie collected 66 from pot
*** SUMMARY ***
Total pot 66 | No rake
Board: [As 9c 5s]
Seat 1: Helder Julie (small blind) won 66


Winamax Poker - Tournament "Expresso Nitro" buyIn: 1.86€ + 0.14€ level: 1 - HandId: #2695227918249885697-2-1675001077 - Holdem no limit (10/20) - 2023/01/29 14:04:37 UTC
Table: 'Expresso Nitro(627531651)#0' 3-max (real money) Seat #1 is the button
Seat 1: Helder Julie (320)
Seat 2: mou.Mulet424 (280)
Seat 3: _SKR (300)
*** ANTE/BLINDS ***
mou.Mulet424 posts small blind 10
_SKR posts big blind 20
Dealt to _SKR [4s Jc]
*** PRE-FLOP *** 
Helder Julie raises 30 to 50
mou.Mulet424 folds
_SKR folds
Helder Julie collected 80 from pot
*** SUMMARY ***
Total pot 80 | No rake
Seat 1: Helder Julie (button) won 80


Winamax Poker - Tournament "Expresso Nitro" buyIn: 1.86€ + 0.14€ level: 1 - HandId: #2695227918249885697-3-1675001085 - Holdem no limit (10/20) - 2023/01/29 14:04:45 UTC
Table: 'Expresso Nitro(627531651)#0' 3-max (real money) Seat #2 is the button
Seat 1: Helder Julie (350)
Seat 2: mou.Mulet424 (270)
Seat 3: _SKR (280)
*** ANTE/BLINDS ***
_SKR posts small blind 10
Helder Julie posts big blind 20
Dealt to _SKR [Jh Jc]
*** PRE-FLOP *** 
mou.Mulet424 folds
_SKR raises 20 to 40
Helder Julie raises 80 to 120
_SKR raises 80 to 200
Helder Julie calls 80
*** FLOP *** [4s 7d Ad]
_SKR bets 80 and is all-in
Helder Julie calls 80
*** TURN *** [4s 7d Ad][Ts]
*** RIVER *** [4s 7d Ad Ts][9h]
*** SHOW DOWN ***
_SKR shows [Jh Jc] (One pair : Jacks)
Helder Julie shows [Ac Qh] (One pair : Aces)
Helder Julie collected 560 from pot
*** SUMMARY ***
Total pot 560 | No rake
Board: [4s 7d Ad Ts 9h]
Seat 1: Helder Julie (big blind) showed [Ac Qh] and won 560 with One pair : Aces
Seat 3: _SKR (small blind) showed [Jh Jc] and lost with One pair : Jacks


