Winamax Poker - Tournament "Expresso Nitro" buyIn: 0.93€ + 0.07€ level: 1 - HandId: #2718634042609106945-1-1676292690 - Holdem no limit (10/20) - 2023/02/13 12:51:30 UTC
Table: 'Expresso Nitro(632981314)#0' 3-max (real money) Seat #2 is the button
Seat 1: Loup.1826592 (300)
Seat 2: _SKR (300)
Seat 3: Cocalight1 (300)
*** ANTE/BLINDS ***
Cocalight1 posts small blind 10
Loup.1826592 posts big blind 20
Dealt to _SKR [Ts 2s]
*** PRE-FLOP *** 
_SKR folds
Cocalight1 folds
Loup.1826592 collected 30 from pot
*** SUMMARY ***
Total pot 30 | No rake
Seat 1: Loup.1826592 (big blind) won 30


Winamax Poker - Tournament "Expresso Nitro" buyIn: 0.93€ + 0.07€ level: 1 - HandId: #2718634042609106945-2-1676292697 - Holdem no limit (10/20) - 2023/02/13 12:51:37 UTC
Table: 'Expresso Nitro(632981314)#0' 3-max (real money) Seat #3 is the button
Seat 1: Loup.1826592 (310)
Seat 2: _SKR (300)
Seat 3: Cocalight1 (290)
*** ANTE/BLINDS ***
Loup.1826592 posts small blind 10
_SKR posts big blind 20
Dealt to _SKR [5s Th]
*** PRE-FLOP *** 
Cocalight1 calls 20
Loup.1826592 calls 10
_SKR checks
*** FLOP *** [Jh 3h 7s]
Loup.1826592 checks
_SKR checks
Cocalight1 checks
*** TURN *** [Jh 3h 7s][Kd]
Loup.1826592 bets 20
_SKR folds
Cocalight1 folds
Loup.1826592 collected 80 from pot
*** SUMMARY ***
Total pot 80 | No rake
Board: [Jh 3h 7s Kd]
Seat 1: Loup.1826592 (small blind) won 80


Winamax Poker - Tournament "Expresso Nitro" buyIn: 0.93€ + 0.07€ level: 1 - HandId: #2718634042609106945-3-1676292716 - Holdem no limit (10/20) - 2023/02/13 12:51:56 UTC
Table: 'Expresso Nitro(632981314)#0' 3-max (real money) Seat #1 is the button
Seat 1: Loup.1826592 (350)
Seat 2: _SKR (280)
Seat 3: Cocalight1 (270)
*** ANTE/BLINDS ***
_SKR posts small blind 10
Cocalight1 posts big blind 20
Dealt to _SKR [5c 7h]
*** PRE-FLOP *** 
Loup.1826592 calls 20
_SKR folds
Cocalight1 checks
*** FLOP *** [Ts 3d 5d]
Cocalight1 checks
Loup.1826592 checks
*** TURN *** [Ts 3d 5d][4s]
Cocalight1 checks
Loup.1826592 checks
*** RIVER *** [Ts 3d 5d 4s][Js]
Cocalight1 checks
Loup.1826592 checks
*** SHOW DOWN ***
Cocalight1 shows [2d 9d] (High card : Jack)
Loup.1826592 shows [Qh 6c] (High card : Queen)
Loup.1826592 collected 50 from pot
*** SUMMARY ***
Total pot 50 | No rake
Board: [Ts 3d 5d 4s Js]
Seat 1: Loup.1826592 (button) showed [Qh 6c] and won 50 with High card : Queen
Seat 3: Cocalight1 (big blind) showed [2d 9d] and lost with High card : Jack


Winamax Poker - Tournament "Expresso Nitro" buyIn: 0.93€ + 0.07€ level: 2 - HandId: #2718634042609106945-4-1676292749 - Holdem no limit (15/30) - 2023/02/13 12:52:29 UTC
Table: 'Expresso Nitro(632981314)#0' 3-max (real money) Seat #2 is the button
Seat 1: Loup.1826592 (380)
Seat 2: _SKR (270)
Seat 3: Cocalight1 (250)
*** ANTE/BLINDS ***
Cocalight1 posts small blind 15
Loup.1826592 posts big blind 30
Dealt to _SKR [5d 6h]
*** PRE-FLOP *** 
_SKR folds
Cocalight1 folds
Loup.1826592 collected 45 from pot
*** SUMMARY ***
Total pot 45 | No rake
Seat 1: Loup.1826592 (big blind) won 45


Winamax Poker - Tournament "Expresso Nitro" buyIn: 0.93€ + 0.07€ level: 2 - HandId: #2718634042609106945-5-1676292754 - Holdem no limit (15/30) - 2023/02/13 12:52:34 UTC
Table: 'Expresso Nitro(632981314)#0' 3-max (real money) Seat #3 is the button
Seat 1: Loup.1826592 (395)
Seat 2: _SKR (270)
Seat 3: Cocalight1 (235)
*** ANTE/BLINDS ***
Loup.1826592 posts small blind 15
_SKR posts big blind 30
Dealt to _SKR [3h 7c]
*** PRE-FLOP *** 
Cocalight1 folds
Loup.1826592 raises 60 to 90
_SKR folds
Loup.1826592 collected 120 from pot
*** SUMMARY ***
Total pot 120 | No rake
Seat 1: Loup.1826592 (small blind) won 120


Winamax Poker - Tournament "Expresso Nitro" buyIn: 0.93€ + 0.07€ level: 2 - HandId: #2718634042609106945-6-1676292769 - Holdem no limit (15/30) - 2023/02/13 12:52:49 UTC
Table: 'Expresso Nitro(632981314)#0' 3-max (real money) Seat #1 is the button
Seat 1: Loup.1826592 (425)
Seat 2: _SKR (240)
Seat 3: Cocalight1 (235)
*** ANTE/BLINDS ***
_SKR posts small blind 15
Cocalight1 posts big blind 30
Dealt to _SKR [Ad Qd]
*** PRE-FLOP *** 
Loup.1826592 calls 30
_SKR raises 210 to 240 and is all-in
Cocalight1 calls 205 and is all-in
Loup.1826592 raises 185 to 425 and is all-in
*** FLOP *** [9s 3s 9c]
*** TURN *** [9s 3s 9c][Kd]
*** RIVER *** [9s 3s 9c Kd][3d]
*** SHOW DOWN ***
Loup.1826592 shows [Ac 8h] (Two pairs : 9 and 3)
_SKR shows [Ad Qd] (Two pairs : 9 and 3)
Cocalight1 shows [Ks Qs] (Two pairs : Kings and 9)
Cocalight1 collected 705 from main pot
_SKR collected 5 from side pot 1
Loup.1826592 collected 190 from side pot 2
*** SUMMARY ***
Total pot 900 | No rake
Board: [9s 3s 9c Kd 3d]
Seat 1: Loup.1826592 (button) showed [Ac 8h] and won 190 with Two pairs : 9 and 3
Seat 2: _SKR (small blind) showed [Ad Qd] and won 5 with Two pairs : 9 and 3
Seat 3: Cocalight1 (big blind) showed [Ks Qs] and won 705 with Two pairs : Kings and 9


Winamax Poker - Tournament "Expresso Nitro" buyIn: 0.93€ + 0.07€ level: 2 - HandId: #2718634042609106945-7-1676292787 - Holdem no limit (15/30) - 2023/02/13 12:53:07 UTC
Table: 'Expresso Nitro(632981314)#0' 3-max (real money) Seat #2 is the button
Seat 1: Loup.1826592 (190)
Seat 2: _SKR (5)
Seat 3: Cocalight1 (705)
*** ANTE/BLINDS ***
Cocalight1 posts small blind 15
Loup.1826592 posts big blind 30
Dealt to _SKR [2d 5d]
*** PRE-FLOP *** 
_SKR folds
Cocalight1 calls 15
Loup.1826592 checks
*** FLOP *** [4c Jc 3h]
Cocalight1 checks
Loup.1826592 bets 160 and is all-in
Cocalight1 folds
Loup.1826592 collected 220 from pot
*** SUMMARY ***
Total pot 220 | No rake
Board: [4c Jc 3h]
Seat 1: Loup.1826592 (big blind) won 220


Winamax Poker - Tournament "Expresso Nitro" buyIn: 0.93€ + 0.07€ level: 3 - HandId: #2718634042609106945-8-1676292806 - Holdem no limit (20/40) - 2023/02/13 12:53:26 UTC
Table: 'Expresso Nitro(632981314)#0' 3-max (real money) Seat #3 is the button
Seat 1: Loup.1826592 (220)
Seat 2: _SKR (5)
Seat 3: Cocalight1 (675)
*** ANTE/BLINDS ***
Loup.1826592 posts small blind 20
_SKR posts big blind 5 and is all-in
Dealt to _SKR [6c Kc]
*** PRE-FLOP *** 
Cocalight1 folds
*** FLOP *** [Ks 6s Ac]
*** TURN *** [Ks 6s Ac][Kh]
*** RIVER *** [Ks 6s Ac Kh][4s]
*** SHOW DOWN ***
Loup.1826592 shows [Jc 4d] (Two pairs : Kings and 4)
_SKR shows [6c Kc] (Full of Kings and 6)
_SKR collected 10 from main pot
Loup.1826592 collected 15 from side pot 1
*** SUMMARY ***
Total pot 25 | No rake
Board: [Ks 6s Ac Kh 4s]
Seat 1: Loup.1826592 (small blind) showed [Jc 4d] and won 15 with Two pairs : Kings and 4
Seat 2: _SKR (big blind) showed [6c Kc] and won 10 with Full of Kings and 6


Winamax Poker - Tournament "Expresso Nitro" buyIn: 0.93€ + 0.07€ level: 3 - HandId: #2718634042609106945-9-1676292816 - Holdem no limit (20/40) - 2023/02/13 12:53:36 UTC
Table: 'Expresso Nitro(632981314)#0' 3-max (real money) Seat #1 is the button
Seat 1: Loup.1826592 (215)
Seat 2: _SKR (10)
Seat 3: Cocalight1 (675)
*** ANTE/BLINDS ***
_SKR posts small blind 10 and is all-in
Cocalight1 posts big blind 40
Dealt to _SKR [3c 7s]
*** PRE-FLOP *** 
Loup.1826592 raises 175 to 215 and is all-in
Cocalight1 folds
*** FLOP *** [8c 2s Ts]
*** TURN *** [8c 2s Ts][Tc]
*** RIVER *** [8c 2s Ts Tc][As]
*** SHOW DOWN ***
_SKR shows [3c 7s] (One pair : Tens)
Loup.1826592 shows [2c 3s] (Two pairs : Tens and 2)
Loup.1826592 collected 265 from pot
*** SUMMARY ***
Total pot 265 | No rake
Board: [8c 2s Ts Tc As]
Seat 1: Loup.1826592 (button) showed [2c 3s] and won 265 with Two pairs : Tens and 2
Seat 2: _SKR (small blind) showed [3c 7s] and lost with One pair : Tens


