Winamax Poker - Tournament "Expresso Nitro" buyIn: 0.93€ + 0.07€ level: 1 - HandId: #2689774551029514241-1-1674651082 - Holdem no limit (10/20) - 2023/01/25 12:51:22 UTC
Table: 'Expresso Nitro(626261940)#0' 3-max (real money) Seat #3 is the button
Seat 1: Dompey91 (300)
Seat 2: _SKR (300)
Seat 3: Khalilfatiga (300)
*** ANTE/BLINDS ***
Dompey91 posts small blind 10
_SKR posts big blind 20
Dealt to _SKR [6s Qh]
*** PRE-FLOP *** 
Khalilfatiga calls 20
Dompey91 folds
_SKR checks
*** FLOP *** [5s Qc 6h]
_SKR checks
Khalilfatiga bets 33
_SKR calls 33
*** TURN *** [5s Qc 6h][Jd]
_SKR checks
Khalilfatiga bets 20
_SKR raises 42 to 62
Khalilfatiga calls 42
*** RIVER *** [5s Qc 6h Jd][4d]
_SKR bets 185 and is all-in
Khalilfatiga calls 185 and is all-in
*** SHOW DOWN ***
Khalilfatiga shows [Qd 7d] (One pair : Queens)
_SKR shows [6s Qh] (Two pairs : Queens and 6)
_SKR collected 610 from pot
*** SUMMARY ***
Total pot 610 | No rake
Board: [5s Qc 6h Jd 4d]
Seat 2: _SKR (big blind) showed [6s Qh] and won 610 with Two pairs : Queens and 6
Seat 3: Khalilfatiga (button) showed [Qd 7d] and lost with One pair : Queens


Winamax Poker - Tournament "Expresso Nitro" buyIn: 0.93€ + 0.07€ level: 1 - HandId: #2689774551029514241-2-1674651135 - Holdem no limit (10/20) - 2023/01/25 12:52:15 UTC
Table: 'Expresso Nitro(626261940)#0' 3-max (real money) Seat #2 is the button
Seat 1: Dompey91 (290)
Seat 2: _SKR (610)
*** ANTE/BLINDS ***
_SKR posts small blind 10
Dompey91 posts big blind 20
Dealt to _SKR [3d 4d]
*** PRE-FLOP *** 
_SKR folds
Dompey91 collected 30 from pot
*** SUMMARY ***
Total pot 30 | No rake
Seat 1: Dompey91 (big blind) won 30


Winamax Poker - Tournament "Expresso Nitro" buyIn: 0.93€ + 0.07€ level: 2 - HandId: #2689774551029514241-3-1674651138 - Holdem no limit (15/30) - 2023/01/25 12:52:18 UTC
Table: 'Expresso Nitro(626261940)#0' 3-max (real money) Seat #1 is the button
Seat 1: Dompey91 (300)
Seat 2: _SKR (600)
*** ANTE/BLINDS ***
Dompey91 posts small blind 15
_SKR posts big blind 30
Dealt to _SKR [4s Qh]
*** PRE-FLOP *** 
Dompey91 calls 15
_SKR checks
*** FLOP *** [Th 4c Js]
_SKR checks
Dompey91 bets 30
_SKR folds
Dompey91 collected 90 from pot
*** SUMMARY ***
Total pot 90 | No rake
Board: [Th 4c Js]
Seat 1: Dompey91 (small blind) (button) won 90


Winamax Poker - Tournament "Expresso Nitro" buyIn: 0.93€ + 0.07€ level: 2 - HandId: #2689774551029514241-4-1674651151 - Holdem no limit (15/30) - 2023/01/25 12:52:31 UTC
Table: 'Expresso Nitro(626261940)#0' 3-max (real money) Seat #2 is the button
Seat 1: Dompey91 (330)
Seat 2: _SKR (570)
*** ANTE/BLINDS ***
_SKR posts small blind 15
Dompey91 posts big blind 30
Dealt to _SKR [9s Th]
*** PRE-FLOP *** 
_SKR folds
Dompey91 collected 45 from pot
*** SUMMARY ***
Total pot 45 | No rake
Seat 1: Dompey91 (big blind) won 45


Winamax Poker - Tournament "Expresso Nitro" buyIn: 0.93€ + 0.07€ level: 2 - HandId: #2689774551029514241-5-1674651154 - Holdem no limit (15/30) - 2023/01/25 12:52:34 UTC
Table: 'Expresso Nitro(626261940)#0' 3-max (real money) Seat #1 is the button
Seat 1: Dompey91 (345)
Seat 2: _SKR (555)
*** ANTE/BLINDS ***
Dompey91 posts small blind 15
_SKR posts big blind 30
Dealt to _SKR [Tc 5c]
*** PRE-FLOP *** 
Dompey91 raises 45 to 75
_SKR folds
Dompey91 collected 105 from pot
*** SUMMARY ***
Total pot 105 | No rake
Seat 1: Dompey91 (small blind) (button) won 105


Winamax Poker - Tournament "Expresso Nitro" buyIn: 0.93€ + 0.07€ level: 2 - HandId: #2689774551029514241-6-1674651159 - Holdem no limit (15/30) - 2023/01/25 12:52:39 UTC
Table: 'Expresso Nitro(626261940)#0' 3-max (real money) Seat #2 is the button
Seat 1: Dompey91 (375)
Seat 2: _SKR (525)
*** ANTE/BLINDS ***
_SKR posts small blind 15
Dompey91 posts big blind 30
Dealt to _SKR [Kh 4s]
*** PRE-FLOP *** 
_SKR folds
Dompey91 collected 45 from pot
*** SUMMARY ***
Total pot 45 | No rake
Seat 1: Dompey91 (big blind) won 45


Winamax Poker - Tournament "Expresso Nitro" buyIn: 0.93€ + 0.07€ level: 2 - HandId: #2689774551029514241-7-1674651164 - Holdem no limit (15/30) - 2023/01/25 12:52:44 UTC
Table: 'Expresso Nitro(626261940)#0' 3-max (real money) Seat #1 is the button
Seat 1: Dompey91 (390)
Seat 2: _SKR (510)
*** ANTE/BLINDS ***
Dompey91 posts small blind 15
_SKR posts big blind 30
Dealt to _SKR [8h 7s]
*** PRE-FLOP *** 
Dompey91 calls 15
_SKR checks
*** FLOP *** [Th 9s 8s]
_SKR checks
Dompey91 checks
*** TURN *** [Th 9s 8s][6h]
_SKR bets 39
Dompey91 folds
_SKR collected 99 from pot
*** SUMMARY ***
Total pot 99 | No rake
Board: [Th 9s 8s 6h]
Seat 2: _SKR (big blind) won 99


Winamax Poker - Tournament "Expresso Nitro" buyIn: 0.93€ + 0.07€ level: 2 - HandId: #2689774551029514241-8-1674651186 - Holdem no limit (15/30) - 2023/01/25 12:53:06 UTC
Table: 'Expresso Nitro(626261940)#0' 3-max (real money) Seat #2 is the button
Seat 1: Dompey91 (360)
Seat 2: _SKR (540)
*** ANTE/BLINDS ***
_SKR posts small blind 15
Dompey91 posts big blind 30
Dealt to _SKR [2h Th]
*** PRE-FLOP *** 
_SKR folds
Dompey91 collected 45 from pot
*** SUMMARY ***
Total pot 45 | No rake
Seat 1: Dompey91 (big blind) won 45


Winamax Poker - Tournament "Expresso Nitro" buyIn: 0.93€ + 0.07€ level: 2 - HandId: #2689774551029514241-9-1674651189 - Holdem no limit (15/30) - 2023/01/25 12:53:09 UTC
Table: 'Expresso Nitro(626261940)#0' 3-max (real money) Seat #1 is the button
Seat 1: Dompey91 (375)
Seat 2: _SKR (525)
*** ANTE/BLINDS ***
Dompey91 posts small blind 15
_SKR posts big blind 30
Dealt to _SKR [6d Jh]
*** PRE-FLOP *** 
Dompey91 raises 60 to 90
_SKR folds
Dompey91 collected 120 from pot
*** SUMMARY ***
Total pot 120 | No rake
Seat 1: Dompey91 (small blind) (button) won 120


Winamax Poker - Tournament "Expresso Nitro" buyIn: 0.93€ + 0.07€ level: 2 - HandId: #2689774551029514241-10-1674651194 - Holdem no limit (15/30) - 2023/01/25 12:53:14 UTC
Table: 'Expresso Nitro(626261940)#0' 3-max (real money) Seat #2 is the button
Seat 1: Dompey91 (405)
Seat 2: _SKR (495)
*** ANTE/BLINDS ***
_SKR posts small blind 15
Dompey91 posts big blind 30
Dealt to _SKR [8s Qd]
*** PRE-FLOP *** 
_SKR calls 15
Dompey91 raises 45 to 75
_SKR calls 45
*** FLOP *** [5h Ad 8c]
Dompey91 checks
_SKR checks
*** TURN *** [5h Ad 8c][Ks]
Dompey91 bets 98
_SKR folds
Dompey91 collected 248 from pot
*** SUMMARY ***
Total pot 248 | No rake
Board: [5h Ad 8c Ks]
Seat 1: Dompey91 (big blind) won 248


Winamax Poker - Tournament "Expresso Nitro" buyIn: 0.93€ + 0.07€ level: 3 - HandId: #2689774551029514241-11-1674651214 - Holdem no limit (20/40) - 2023/01/25 12:53:34 UTC
Table: 'Expresso Nitro(626261940)#0' 3-max (real money) Seat #1 is the button
Seat 1: Dompey91 (480)
Seat 2: _SKR (420)
*** ANTE/BLINDS ***
Dompey91 posts small blind 20
_SKR posts big blind 40
Dealt to _SKR [3s Qc]
*** PRE-FLOP *** 
Dompey91 calls 20
_SKR checks
*** FLOP *** [Tc 4h 8s]
_SKR checks
Dompey91 checks
*** TURN *** [Tc 4h 8s][Th]
_SKR checks
Dompey91 bets 52
_SKR folds
Dompey91 collected 132 from pot
*** SUMMARY ***
Total pot 132 | No rake
Board: [Tc 4h 8s Th]
Seat 1: Dompey91 (small blind) (button) won 132


Winamax Poker - Tournament "Expresso Nitro" buyIn: 0.93€ + 0.07€ level: 3 - HandId: #2689774551029514241-12-1674651245 - Holdem no limit (20/40) - 2023/01/25 12:54:05 UTC
Table: 'Expresso Nitro(626261940)#0' 3-max (real money) Seat #2 is the button
Seat 1: Dompey91 (520)
Seat 2: _SKR (380)
*** ANTE/BLINDS ***
_SKR posts small blind 20
Dompey91 posts big blind 40
Dealt to _SKR [6d Ks]
*** PRE-FLOP *** 
_SKR raises 340 to 380 and is all-in
Dompey91 folds
_SKR collected 420 from pot
*** SUMMARY ***
Total pot 420 | No rake
Seat 2: _SKR (small blind) (button) won 420


Winamax Poker - Tournament "Expresso Nitro" buyIn: 0.93€ + 0.07€ level: 4 - HandId: #2689774551029514241-13-1674651260 - Holdem no limit (30/60) - 2023/01/25 12:54:20 UTC
Table: 'Expresso Nitro(626261940)#0' 3-max (real money) Seat #1 is the button
Seat 1: Dompey91 (480)
Seat 2: _SKR (420)
*** ANTE/BLINDS ***
Dompey91 posts small blind 30
_SKR posts big blind 60
Dealt to _SKR [4d Ac]
*** PRE-FLOP *** 
Dompey91 folds
_SKR collected 90 from pot
*** SUMMARY ***
Total pot 90 | No rake
Seat 2: _SKR (big blind) won 90


Winamax Poker - Tournament "Expresso Nitro" buyIn: 0.93€ + 0.07€ level: 4 - HandId: #2689774551029514241-14-1674651264 - Holdem no limit (30/60) - 2023/01/25 12:54:24 UTC
Table: 'Expresso Nitro(626261940)#0' 3-max (real money) Seat #2 is the button
Seat 1: Dompey91 (450)
Seat 2: _SKR (450)
*** ANTE/BLINDS ***
_SKR posts small blind 30
Dompey91 posts big blind 60
Dealt to _SKR [3d 2d]
*** PRE-FLOP *** 
_SKR folds
Dompey91 collected 90 from pot
*** SUMMARY ***
Total pot 90 | No rake
Seat 1: Dompey91 (big blind) won 90


Winamax Poker - Tournament "Expresso Nitro" buyIn: 0.93€ + 0.07€ level: 4 - HandId: #2689774551029514241-15-1674651268 - Holdem no limit (30/60) - 2023/01/25 12:54:28 UTC
Table: 'Expresso Nitro(626261940)#0' 3-max (real money) Seat #1 is the button
Seat 1: Dompey91 (480)
Seat 2: _SKR (420)
*** ANTE/BLINDS ***
Dompey91 posts small blind 30
_SKR posts big blind 60
Dealt to _SKR [7s 2h]
*** PRE-FLOP *** 
Dompey91 raises 120 to 180
_SKR folds
Dompey91 collected 240 from pot
*** SUMMARY ***
Total pot 240 | No rake
Seat 1: Dompey91 (small blind) (button) won 240


Winamax Poker - Tournament "Expresso Nitro" buyIn: 0.93€ + 0.07€ level: 4 - HandId: #2689774551029514241-16-1674651273 - Holdem no limit (30/60) - 2023/01/25 12:54:33 UTC
Table: 'Expresso Nitro(626261940)#0' 3-max (real money) Seat #2 is the button
Seat 1: Dompey91 (540)
Seat 2: _SKR (360)
*** ANTE/BLINDS ***
_SKR posts small blind 30
Dompey91 posts big blind 60
Dealt to _SKR [Qh 2h]
*** PRE-FLOP *** 
_SKR raises 300 to 360 and is all-in
Dompey91 raises 180 to 540 and is all-in
*** FLOP *** [Jd 9s Jc]
*** TURN *** [Jd 9s Jc][Th]
*** RIVER *** [Jd 9s Jc Th][9h]
*** SHOW DOWN ***
_SKR shows [Qh 2h] (Two pairs : Jacks and 9)
Dompey91 shows [As Kh] (Two pairs : Jacks and 9)
Dompey91 collected 900 from pot
*** SUMMARY ***
Total pot 900 | No rake
Board: [Jd 9s Jc Th 9h]
Seat 1: Dompey91 (big blind) showed [As Kh] and won 900 with Two pairs : Jacks and 9
Seat 2: _SKR (small blind) (button) showed [Qh 2h] and lost with Two pairs : Jacks and 9


