Winamax Poker - Tournament "Expresso Nitro" buyIn: 1.86€ + 0.14€ level: 1 - HandId: #2696847623431651329-1-1675100473 - Holdem no limit (10/20) - 2023/01/30 17:41:13 UTC
Table: 'Expresso Nitro(627908768)#0' 3-max (real money) Seat #3 is the button
Seat 1: Albpok (300)
Seat 2: _SKR (300)
Seat 3: THE CHEMIST (300)
*** ANTE/BLINDS ***
Albpok posts small blind 10
_SKR posts big blind 20
Dealt to _SKR [8c Kh]
*** PRE-FLOP *** 
THE CHEMIST folds
Albpok folds
_SKR collected 30 from pot
*** SUMMARY ***
Total pot 30 | No rake
Seat 2: _SKR (big blind) won 30


Winamax Poker - Tournament "Expresso Nitro" buyIn: 1.86€ + 0.14€ level: 1 - HandId: #2696847623431651329-2-1675100487 - Holdem no limit (10/20) - 2023/01/30 17:41:27 UTC
Table: 'Expresso Nitro(627908768)#0' 3-max (real money) Seat #1 is the button
Seat 1: Albpok (290)
Seat 2: _SKR (310)
Seat 3: THE CHEMIST (300)
*** ANTE/BLINDS ***
_SKR posts small blind 10
THE CHEMIST posts big blind 20
Dealt to _SKR [9c 8c]
*** PRE-FLOP *** 
Albpok calls 20
_SKR folds
THE CHEMIST checks
*** FLOP *** [Kd Js Qd]
THE CHEMIST checks
Albpok bets 50
THE CHEMIST folds
Albpok collected 100 from pot
*** SUMMARY ***
Total pot 100 | No rake
Board: [Kd Js Qd]
Seat 1: Albpok (button) won 100


Winamax Poker - Tournament "Expresso Nitro" buyIn: 1.86€ + 0.14€ level: 1 - HandId: #2696847623431651329-3-1675100500 - Holdem no limit (10/20) - 2023/01/30 17:41:40 UTC
Table: 'Expresso Nitro(627908768)#0' 3-max (real money) Seat #2 is the button
Seat 1: Albpok (320)
Seat 2: _SKR (300)
Seat 3: THE CHEMIST (280)
*** ANTE/BLINDS ***
THE CHEMIST posts small blind 10
Albpok posts big blind 20
Dealt to _SKR [2h 4c]
*** PRE-FLOP *** 
_SKR folds
THE CHEMIST raises 20 to 40
Albpok raises 280 to 320 and is all-in
THE CHEMIST calls 240 and is all-in
*** FLOP *** [Qs 8h 9h]
*** TURN *** [Qs 8h 9h][Th]
*** RIVER *** [Qs 8h 9h Th][9c]
*** SHOW DOWN ***
THE CHEMIST shows [Kc 4h] (One pair : 9)
Albpok shows [Ac 4s] (One pair : 9)
Albpok collected 600 from pot
*** SUMMARY ***
Total pot 600 | No rake
Board: [Qs 8h 9h Th 9c]
Seat 1: Albpok (big blind) showed [Ac 4s] and won 600 with One pair : 9
Seat 3: THE CHEMIST (small blind) showed [Kc 4h] and lost with One pair : 9


Winamax Poker - Tournament "Expresso Nitro" buyIn: 1.86€ + 0.14€ level: 1 - HandId: #2696847623431651329-4-1675100520 - Holdem no limit (10/20) - 2023/01/30 17:42:00 UTC
Table: 'Expresso Nitro(627908768)#0' 3-max (real money) Seat #1 is the button
Seat 1: Albpok (600)
Seat 2: _SKR (300)
*** ANTE/BLINDS ***
Albpok posts small blind 10
_SKR posts big blind 20
Dealt to _SKR [2s 6d]
*** PRE-FLOP *** 
Albpok folds
_SKR collected 30 from pot
*** SUMMARY ***
Total pot 30 | No rake
Seat 2: _SKR (big blind) won 30


Winamax Poker - Tournament "Expresso Nitro" buyIn: 1.86€ + 0.14€ level: 2 - HandId: #2696847623431651329-5-1675100536 - Holdem no limit (15/30) - 2023/01/30 17:42:16 UTC
Table: 'Expresso Nitro(627908768)#0' 3-max (real money) Seat #2 is the button
Seat 1: Albpok (590)
Seat 2: _SKR (310)
*** ANTE/BLINDS ***
_SKR posts small blind 15
Albpok posts big blind 30
Dealt to _SKR [Qc 7h]
*** PRE-FLOP *** 
_SKR raises 280 to 310 and is all-in
Albpok folds
_SKR collected 340 from pot
*** SUMMARY ***
Total pot 340 | No rake
Seat 2: _SKR (small blind) (button) won 340


Winamax Poker - Tournament "Expresso Nitro" buyIn: 1.86€ + 0.14€ level: 2 - HandId: #2696847623431651329-6-1675100542 - Holdem no limit (15/30) - 2023/01/30 17:42:22 UTC
Table: 'Expresso Nitro(627908768)#0' 3-max (real money) Seat #1 is the button
Seat 1: Albpok (560)
Seat 2: _SKR (340)
*** ANTE/BLINDS ***
Albpok posts small blind 15
_SKR posts big blind 30
Dealt to _SKR [3d 5s]
*** PRE-FLOP *** 
Albpok raises 530 to 560 and is all-in
_SKR folds
Albpok collected 590 from pot
*** SUMMARY ***
Total pot 590 | No rake
Seat 1: Albpok (small blind) (button) won 590


Winamax Poker - Tournament "Expresso Nitro" buyIn: 1.86€ + 0.14€ level: 2 - HandId: #2696847623431651329-7-1675100561 - Holdem no limit (15/30) - 2023/01/30 17:42:41 UTC
Table: 'Expresso Nitro(627908768)#0' 3-max (real money) Seat #2 is the button
Seat 1: Albpok (590)
Seat 2: _SKR (310)
*** ANTE/BLINDS ***
_SKR posts small blind 15
Albpok posts big blind 30
Dealt to _SKR [Qc 3h]
*** PRE-FLOP *** 
_SKR folds
Albpok collected 45 from pot
*** SUMMARY ***
Total pot 45 | No rake
Seat 1: Albpok (big blind) won 45


Winamax Poker - Tournament "Expresso Nitro" buyIn: 1.86€ + 0.14€ level: 2 - HandId: #2696847623431651329-8-1675100565 - Holdem no limit (15/30) - 2023/01/30 17:42:45 UTC
Table: 'Expresso Nitro(627908768)#0' 3-max (real money) Seat #1 is the button
Seat 1: Albpok (605)
Seat 2: _SKR (295)
*** ANTE/BLINDS ***
Albpok posts small blind 15
_SKR posts big blind 30
Dealt to _SKR [9c 6d]
*** PRE-FLOP *** 
Albpok raises 60 to 90
_SKR folds
Albpok collected 120 from pot
*** SUMMARY ***
Total pot 120 | No rake
Seat 1: Albpok (small blind) (button) won 120


Winamax Poker - Tournament "Expresso Nitro" buyIn: 1.86€ + 0.14€ level: 2 - HandId: #2696847623431651329-9-1675100573 - Holdem no limit (15/30) - 2023/01/30 17:42:53 UTC
Table: 'Expresso Nitro(627908768)#0' 3-max (real money) Seat #2 is the button
Seat 1: Albpok (635)
Seat 2: _SKR (265)
*** ANTE/BLINDS ***
_SKR posts small blind 15
Albpok posts big blind 30
Dealt to _SKR [3c 6c]
*** PRE-FLOP *** 
_SKR folds
Albpok collected 45 from pot
*** SUMMARY ***
Total pot 45 | No rake
Seat 1: Albpok (big blind) won 45


Winamax Poker - Tournament "Expresso Nitro" buyIn: 1.86€ + 0.14€ level: 2 - HandId: #2696847623431651329-10-1675100581 - Holdem no limit (15/30) - 2023/01/30 17:43:01 UTC
Table: 'Expresso Nitro(627908768)#0' 3-max (real money) Seat #1 is the button
Seat 1: Albpok (650)
Seat 2: _SKR (250)
*** ANTE/BLINDS ***
Albpok posts small blind 15
_SKR posts big blind 30
Dealt to _SKR [8d Jc]
*** PRE-FLOP *** 
Albpok folds
_SKR collected 45 from pot
*** SUMMARY ***
Total pot 45 | No rake
Seat 2: _SKR (big blind) won 45


Winamax Poker - Tournament "Expresso Nitro" buyIn: 1.86€ + 0.14€ level: 2 - HandId: #2696847623431651329-11-1675100587 - Holdem no limit (15/30) - 2023/01/30 17:43:07 UTC
Table: 'Expresso Nitro(627908768)#0' 3-max (real money) Seat #2 is the button
Seat 1: Albpok (635)
Seat 2: _SKR (265)
*** ANTE/BLINDS ***
_SKR posts small blind 15
Albpok posts big blind 30
Dealt to _SKR [3c Jc]
*** PRE-FLOP *** 
_SKR folds
Albpok collected 45 from pot
*** SUMMARY ***
Total pot 45 | No rake
Seat 1: Albpok (big blind) won 45


Winamax Poker - Tournament "Expresso Nitro" buyIn: 1.86€ + 0.14€ level: 3 - HandId: #2696847623431651329-12-1675100602 - Holdem no limit (20/40) - 2023/01/30 17:43:22 UTC
Table: 'Expresso Nitro(627908768)#0' 3-max (real money) Seat #1 is the button
Seat 1: Albpok (650)
Seat 2: _SKR (250)
*** ANTE/BLINDS ***
Albpok posts small blind 20
_SKR posts big blind 40
Dealt to _SKR [Jh 7h]
*** PRE-FLOP *** 
Albpok raises 610 to 650 and is all-in
_SKR calls 210 and is all-in
*** FLOP *** [8s Th Ks]
*** TURN *** [8s Th Ks][Jd]
*** RIVER *** [8s Th Ks Jd][2h]
*** SHOW DOWN ***
Albpok shows [Tc Ad] (One pair : Tens)
_SKR shows [Jh 7h] (One pair : Jacks)
_SKR collected 500 from main pot
Albpok collected 400 from side pot 1
*** SUMMARY ***
Total pot 900 | No rake
Board: [8s Th Ks Jd 2h]
Seat 1: Albpok (small blind) (button) showed [Tc Ad] and won 400 with One pair : Tens
Seat 2: _SKR (big blind) showed [Jh 7h] and won 500 with One pair : Jacks


Winamax Poker - Tournament "Expresso Nitro" buyIn: 1.86€ + 0.14€ level: 3 - HandId: #2696847623431651329-13-1675100617 - Holdem no limit (20/40) - 2023/01/30 17:43:37 UTC
Table: 'Expresso Nitro(627908768)#0' 3-max (real money) Seat #2 is the button
Seat 1: Albpok (400)
Seat 2: _SKR (500)
*** ANTE/BLINDS ***
_SKR posts small blind 20
Albpok posts big blind 40
Dealt to _SKR [Jh 6s]
*** PRE-FLOP *** 
_SKR folds
Albpok collected 60 from pot
*** SUMMARY ***
Total pot 60 | No rake
Seat 1: Albpok (big blind) won 60


Winamax Poker - Tournament "Expresso Nitro" buyIn: 1.86€ + 0.14€ level: 3 - HandId: #2696847623431651329-14-1675100621 - Holdem no limit (20/40) - 2023/01/30 17:43:41 UTC
Table: 'Expresso Nitro(627908768)#0' 3-max (real money) Seat #1 is the button
Seat 1: Albpok (420)
Seat 2: _SKR (480)
*** ANTE/BLINDS ***
Albpok posts small blind 20
_SKR posts big blind 40
Dealt to _SKR [8h 3d]
*** PRE-FLOP *** 
Albpok raises 380 to 420 and is all-in
_SKR folds
Albpok collected 460 from pot
*** SUMMARY ***
Total pot 460 | No rake
Seat 1: Albpok (small blind) (button) won 460


Winamax Poker - Tournament "Expresso Nitro" buyIn: 1.86€ + 0.14€ level: 3 - HandId: #2696847623431651329-15-1675100627 - Holdem no limit (20/40) - 2023/01/30 17:43:47 UTC
Table: 'Expresso Nitro(627908768)#0' 3-max (real money) Seat #2 is the button
Seat 1: Albpok (460)
Seat 2: _SKR (440)
*** ANTE/BLINDS ***
_SKR posts small blind 20
Albpok posts big blind 40
Dealt to _SKR [2h Jc]
*** PRE-FLOP *** 
_SKR folds
Albpok collected 60 from pot
*** SUMMARY ***
Total pot 60 | No rake
Seat 1: Albpok (big blind) won 60


Winamax Poker - Tournament "Expresso Nitro" buyIn: 1.86€ + 0.14€ level: 3 - HandId: #2696847623431651329-16-1675100631 - Holdem no limit (20/40) - 2023/01/30 17:43:51 UTC
Table: 'Expresso Nitro(627908768)#0' 3-max (real money) Seat #1 is the button
Seat 1: Albpok (480)
Seat 2: _SKR (420)
*** ANTE/BLINDS ***
Albpok posts small blind 20
_SKR posts big blind 40
Dealt to _SKR [4c Ts]
*** PRE-FLOP *** 
Albpok folds
_SKR collected 60 from pot
*** SUMMARY ***
Total pot 60 | No rake
Seat 2: _SKR (big blind) won 60


Winamax Poker - Tournament "Expresso Nitro" buyIn: 1.86€ + 0.14€ level: 3 - HandId: #2696847623431651329-17-1675100635 - Holdem no limit (20/40) - 2023/01/30 17:43:55 UTC
Table: 'Expresso Nitro(627908768)#0' 3-max (real money) Seat #2 is the button
Seat 1: Albpok (460)
Seat 2: _SKR (440)
*** ANTE/BLINDS ***
_SKR posts small blind 20
Albpok posts big blind 40
Dealt to _SKR [8c Jc]
*** PRE-FLOP *** 
_SKR calls 20
Albpok checks
*** FLOP *** [Kc 6h 5d]
Albpok bets 52
_SKR folds
Albpok collected 132 from pot
*** SUMMARY ***
Total pot 132 | No rake
Board: [Kc 6h 5d]
Seat 1: Albpok (big blind) won 132


Winamax Poker - Tournament "Expresso Nitro" buyIn: 1.86€ + 0.14€ level: 4 - HandId: #2696847623431651329-18-1675100650 - Holdem no limit (30/60) - 2023/01/30 17:44:10 UTC
Table: 'Expresso Nitro(627908768)#0' 3-max (real money) Seat #1 is the button
Seat 1: Albpok (500)
Seat 2: _SKR (400)
*** ANTE/BLINDS ***
Albpok posts small blind 30
_SKR posts big blind 60
Dealt to _SKR [5s Ac]
*** PRE-FLOP *** 
Albpok calls 30
_SKR raises 340 to 400 and is all-in
Albpok folds
_SKR collected 460 from pot
*** SUMMARY ***
Total pot 460 | No rake
Seat 2: _SKR (big blind) won 460


Winamax Poker - Tournament "Expresso Nitro" buyIn: 1.86€ + 0.14€ level: 4 - HandId: #2696847623431651329-19-1675100668 - Holdem no limit (30/60) - 2023/01/30 17:44:28 UTC
Table: 'Expresso Nitro(627908768)#0' 3-max (real money) Seat #2 is the button
Seat 1: Albpok (440)
Seat 2: _SKR (460)
*** ANTE/BLINDS ***
_SKR posts small blind 30
Albpok posts big blind 60
Dealt to _SKR [As Kc]
*** PRE-FLOP *** 
_SKR raises 400 to 460 and is all-in
Albpok folds
_SKR collected 520 from pot
*** SUMMARY ***
Total pot 520 | No rake
Seat 2: _SKR (small blind) (button) won 520


Winamax Poker - Tournament "Expresso Nitro" buyIn: 1.86€ + 0.14€ level: 4 - HandId: #2696847623431651329-20-1675100675 - Holdem no limit (30/60) - 2023/01/30 17:44:35 UTC
Table: 'Expresso Nitro(627908768)#0' 3-max (real money) Seat #1 is the button
Seat 1: Albpok (380)
Seat 2: _SKR (520)
*** ANTE/BLINDS ***
Albpok posts small blind 30
_SKR posts big blind 60
Dealt to _SKR [Qd 3h]
*** PRE-FLOP *** 
Albpok raises 320 to 380 and is all-in
_SKR folds
Albpok collected 440 from pot
*** SUMMARY ***
Total pot 440 | No rake
Seat 1: Albpok (small blind) (button) won 440


Winamax Poker - Tournament "Expresso Nitro" buyIn: 1.86€ + 0.14€ level: 4 - HandId: #2696847623431651329-21-1675100681 - Holdem no limit (30/60) - 2023/01/30 17:44:41 UTC
Table: 'Expresso Nitro(627908768)#0' 3-max (real money) Seat #2 is the button
Seat 1: Albpok (440)
Seat 2: _SKR (460)
*** ANTE/BLINDS ***
_SKR posts small blind 30
Albpok posts big blind 60
Dealt to _SKR [2c As]
*** PRE-FLOP *** 
_SKR raises 400 to 460 and is all-in
Albpok folds
_SKR collected 520 from pot
*** SUMMARY ***
Total pot 520 | No rake
Seat 2: _SKR (small blind) (button) won 520


Winamax Poker - Tournament "Expresso Nitro" buyIn: 1.86€ + 0.14€ level: 4 - HandId: #2696847623431651329-22-1675100687 - Holdem no limit (30/60) - 2023/01/30 17:44:47 UTC
Table: 'Expresso Nitro(627908768)#0' 3-max (real money) Seat #1 is the button
Seat 1: Albpok (380)
Seat 2: _SKR (520)
*** ANTE/BLINDS ***
Albpok posts small blind 30
_SKR posts big blind 60
Dealt to _SKR [Ts 7s]
*** PRE-FLOP *** 
Albpok raises 320 to 380 and is all-in
_SKR folds
Albpok collected 440 from pot
*** SUMMARY ***
Total pot 440 | No rake
Seat 1: Albpok (small blind) (button) won 440


Winamax Poker - Tournament "Expresso Nitro" buyIn: 1.86€ + 0.14€ level: 4 - HandId: #2696847623431651329-23-1675100693 - Holdem no limit (30/60) - 2023/01/30 17:44:53 UTC
Table: 'Expresso Nitro(627908768)#0' 3-max (real money) Seat #2 is the button
Seat 1: Albpok (440)
Seat 2: _SKR (460)
*** ANTE/BLINDS ***
_SKR posts small blind 30
Albpok posts big blind 60
Dealt to _SKR [9c 2c]
*** PRE-FLOP *** 
_SKR folds
Albpok collected 90 from pot
*** SUMMARY ***
Total pot 90 | No rake
Seat 1: Albpok (big blind) won 90


Winamax Poker - Tournament "Expresso Nitro" buyIn: 1.86€ + 0.14€ level: 4 - HandId: #2696847623431651329-24-1675100696 - Holdem no limit (30/60) - 2023/01/30 17:44:56 UTC
Table: 'Expresso Nitro(627908768)#0' 3-max (real money) Seat #1 is the button
Seat 1: Albpok (470)
Seat 2: _SKR (430)
*** ANTE/BLINDS ***
Albpok posts small blind 30
_SKR posts big blind 60
Dealt to _SKR [Qh 4c]
*** PRE-FLOP *** 
Albpok raises 410 to 470 and is all-in
_SKR folds
Albpok collected 530 from pot
*** SUMMARY ***
Total pot 530 | No rake
Seat 1: Albpok (small blind) (button) won 530


Winamax Poker - Tournament "Expresso Nitro" buyIn: 1.86€ + 0.14€ level: 4 - HandId: #2696847623431651329-25-1675100703 - Holdem no limit (30/60) - 2023/01/30 17:45:03 UTC
Table: 'Expresso Nitro(627908768)#0' 3-max (real money) Seat #2 is the button
Seat 1: Albpok (530)
Seat 2: _SKR (370)
*** ANTE/BLINDS ***
_SKR posts small blind 30
Albpok posts big blind 60
Dealt to _SKR [9d 8s]
*** PRE-FLOP *** 
_SKR raises 310 to 370 and is all-in
Albpok folds
_SKR collected 430 from pot
*** SUMMARY ***
Total pot 430 | No rake
Seat 2: _SKR (small blind) (button) won 430


Winamax Poker - Tournament "Expresso Nitro" buyIn: 1.86€ + 0.14€ level: 5 - HandId: #2696847623431651329-26-1675100710 - Holdem no limit (40/80) - 2023/01/30 17:45:10 UTC
Table: 'Expresso Nitro(627908768)#0' 3-max (real money) Seat #1 is the button
Seat 1: Albpok (470)
Seat 2: _SKR (430)
*** ANTE/BLINDS ***
Albpok posts small blind 40
_SKR posts big blind 80
Dealt to _SKR [3h 5c]
*** PRE-FLOP *** 
Albpok raises 390 to 470 and is all-in
_SKR folds
Albpok collected 550 from pot
*** SUMMARY ***
Total pot 550 | No rake
Seat 1: Albpok (small blind) (button) won 550


Winamax Poker - Tournament "Expresso Nitro" buyIn: 1.86€ + 0.14€ level: 5 - HandId: #2696847623431651329-27-1675100717 - Holdem no limit (40/80) - 2023/01/30 17:45:17 UTC
Table: 'Expresso Nitro(627908768)#0' 3-max (real money) Seat #2 is the button
Seat 1: Albpok (550)
Seat 2: _SKR (350)
*** ANTE/BLINDS ***
_SKR posts small blind 40
Albpok posts big blind 80
Dealt to _SKR [3h Tc]
*** PRE-FLOP *** 
_SKR folds
Albpok collected 120 from pot
*** SUMMARY ***
Total pot 120 | No rake
Seat 1: Albpok (big blind) won 120


Winamax Poker - Tournament "Expresso Nitro" buyIn: 1.86€ + 0.14€ level: 5 - HandId: #2696847623431651329-28-1675100725 - Holdem no limit (40/80) - 2023/01/30 17:45:25 UTC
Table: 'Expresso Nitro(627908768)#0' 3-max (real money) Seat #1 is the button
Seat 1: Albpok (590)
Seat 2: _SKR (310)
*** ANTE/BLINDS ***
Albpok posts small blind 40
_SKR posts big blind 80
Dealt to _SKR [3d Tc]
*** PRE-FLOP *** 
Albpok raises 160 to 240
_SKR folds
Albpok collected 320 from pot
*** SUMMARY ***
Total pot 320 | No rake
Seat 1: Albpok (small blind) (button) won 320


Winamax Poker - Tournament "Expresso Nitro" buyIn: 1.86€ + 0.14€ level: 5 - HandId: #2696847623431651329-29-1675100731 - Holdem no limit (40/80) - 2023/01/30 17:45:31 UTC
Table: 'Expresso Nitro(627908768)#0' 3-max (real money) Seat #2 is the button
Seat 1: Albpok (670)
Seat 2: _SKR (230)
*** ANTE/BLINDS ***
_SKR posts small blind 40
Albpok posts big blind 80
Dealt to _SKR [Js 7d]
*** PRE-FLOP *** 
_SKR raises 150 to 230 and is all-in
Albpok calls 150
*** FLOP *** [As 3c 2d]
*** TURN *** [As 3c 2d][8d]
*** RIVER *** [As 3c 2d 8d][Tc]
*** SHOW DOWN ***
Albpok shows [9c 7h] (High card : Ace)
_SKR shows [Js 7d] (High card : Ace)
_SKR collected 460 from pot
*** SUMMARY ***
Total pot 460 | No rake
Board: [As 3c 2d 8d Tc]
Seat 1: Albpok (big blind) showed [9c 7h] and lost with High card : Ace
Seat 2: _SKR (small blind) (button) showed [Js 7d] and won 460 with High card : Ace


Winamax Poker - Tournament "Expresso Nitro" buyIn: 1.86€ + 0.14€ level: 5 - HandId: #2696847623431651329-30-1675100745 - Holdem no limit (40/80) - 2023/01/30 17:45:45 UTC
Table: 'Expresso Nitro(627908768)#0' 3-max (real money) Seat #1 is the button
Seat 1: Albpok (440)
Seat 2: _SKR (460)
*** ANTE/BLINDS ***
Albpok posts small blind 40
_SKR posts big blind 80
Dealt to _SKR [Ks 6c]
*** PRE-FLOP *** 
Albpok folds
_SKR collected 120 from pot
*** SUMMARY ***
Total pot 120 | No rake
Seat 2: _SKR (big blind) won 120


Winamax Poker - Tournament "Expresso Nitro" buyIn: 1.86€ + 0.14€ level: 5 - HandId: #2696847623431651329-31-1675100749 - Holdem no limit (40/80) - 2023/01/30 17:45:49 UTC
Table: 'Expresso Nitro(627908768)#0' 3-max (real money) Seat #2 is the button
Seat 1: Albpok (400)
Seat 2: _SKR (500)
*** ANTE/BLINDS ***
_SKR posts small blind 40
Albpok posts big blind 80
Dealt to _SKR [9h 9c]
*** PRE-FLOP *** 
_SKR raises 420 to 500 and is all-in
Albpok calls 320 and is all-in
*** FLOP *** [Jc 9d 2s]
*** TURN *** [Jc 9d 2s][Js]
*** RIVER *** [Jc 9d 2s Js][2c]
*** SHOW DOWN ***
Albpok shows [Qc 5h] (Two pairs : Jacks and 2)
_SKR shows [9h 9c] (Full of 9 and Jacks)
_SKR collected 900 from pot
*** SUMMARY ***
Total pot 900 | No rake
Board: [Jc 9d 2s Js 2c]
Seat 1: Albpok (big blind) showed [Qc 5h] and lost with Two pairs : Jacks and 2
Seat 2: _SKR (small blind) (button) showed [9h 9c] and won 900 with Full of 9 and Jacks


