Winamax Poker - Tournament "Expresso Nitro" buyIn: 0.93€ + 0.07€ level: 1 - HandId: #2675091440823959553-1-1673743920 - Holdem no limit (10/20) - 2023/01/15 00:52:00 UTC
Table: 'Expresso Nitro(622843262)#0' 3-max (real money) Seat #3 is the button
Seat 1: F. Fognini (300)
Seat 2: _SKR (300)
Seat 3: ideon7200 (300)
*** ANTE/BLINDS ***
F. Fognini posts small blind 10
_SKR posts big blind 20
Dealt to _SKR [9d Ac]
*** PRE-FLOP *** 
ideon7200 folds
F. Fognini folds
_SKR collected 30 from pot
*** SUMMARY ***
Total pot 30 | No rake
Seat 2: _SKR (big blind) won 30


Winamax Poker - Tournament "Expresso Nitro" buyIn: 0.93€ + 0.07€ level: 1 - HandId: #2675091440823959553-2-1673743926 - Holdem no limit (10/20) - 2023/01/15 00:52:06 UTC
Table: 'Expresso Nitro(622843262)#0' 3-max (real money) Seat #1 is the button
Seat 1: F. Fognini (290)
Seat 2: _SKR (310)
Seat 3: ideon7200 (300)
*** ANTE/BLINDS ***
_SKR posts small blind 10
ideon7200 posts big blind 20
Dealt to _SKR [2s 9h]
*** PRE-FLOP *** 
F. Fognini folds
_SKR folds
ideon7200 collected 30 from pot
*** SUMMARY ***
Total pot 30 | No rake
Seat 3: ideon7200 (big blind) won 30


Winamax Poker - Tournament "Expresso Nitro" buyIn: 0.93€ + 0.07€ level: 1 - HandId: #2675091440823959553-3-1673743931 - Holdem no limit (10/20) - 2023/01/15 00:52:11 UTC
Table: 'Expresso Nitro(622843262)#0' 3-max (real money) Seat #2 is the button
Seat 1: F. Fognini (290)
Seat 2: _SKR (300)
Seat 3: ideon7200 (310)
*** ANTE/BLINDS ***
ideon7200 posts small blind 10
F. Fognini posts big blind 20
Dealt to _SKR [4h 3s]
*** PRE-FLOP *** 
_SKR folds
ideon7200 folds
F. Fognini collected 30 from pot
*** SUMMARY ***
Total pot 30 | No rake
Seat 1: F. Fognini (big blind) won 30


Winamax Poker - Tournament "Expresso Nitro" buyIn: 0.93€ + 0.07€ level: 1 - HandId: #2675091440823959553-4-1673743938 - Holdem no limit (10/20) - 2023/01/15 00:52:18 UTC
Table: 'Expresso Nitro(622843262)#0' 3-max (real money) Seat #3 is the button
Seat 1: F. Fognini (300)
Seat 2: _SKR (300)
Seat 3: ideon7200 (300)
*** ANTE/BLINDS ***
F. Fognini posts small blind 10
_SKR posts big blind 20
Dealt to _SKR [8s Jh]
*** PRE-FLOP *** 
ideon7200 calls 20
F. Fognini folds
_SKR checks
*** FLOP *** [Qh 9s 2h]
_SKR checks
ideon7200 bets 20
_SKR folds
ideon7200 collected 70 from pot
*** SUMMARY ***
Total pot 70 | No rake
Board: [Qh 9s 2h]
Seat 3: ideon7200 (button) won 70


Winamax Poker - Tournament "Expresso Nitro" buyIn: 0.93€ + 0.07€ level: 1 - HandId: #2675091440823959553-5-1673743956 - Holdem no limit (10/20) - 2023/01/15 00:52:36 UTC
Table: 'Expresso Nitro(622843262)#0' 3-max (real money) Seat #1 is the button
Seat 1: F. Fognini (290)
Seat 2: _SKR (280)
Seat 3: ideon7200 (330)
*** ANTE/BLINDS ***
_SKR posts small blind 10
ideon7200 posts big blind 20
Dealt to _SKR [Kd 6d]
*** PRE-FLOP *** 
F. Fognini raises 270 to 290 and is all-in
_SKR folds
ideon7200 folds
F. Fognini collected 320 from pot
*** SUMMARY ***
Total pot 320 | No rake
Seat 1: F. Fognini (button) won 320


Winamax Poker - Tournament "Expresso Nitro" buyIn: 0.93€ + 0.07€ level: 1 - HandId: #2675091440823959553-6-1673743967 - Holdem no limit (10/20) - 2023/01/15 00:52:47 UTC
Table: 'Expresso Nitro(622843262)#0' 3-max (real money) Seat #2 is the button
Seat 1: F. Fognini (320)
Seat 2: _SKR (270)
Seat 3: ideon7200 (310)
*** ANTE/BLINDS ***
ideon7200 posts small blind 10
F. Fognini posts big blind 20
Dealt to _SKR [9h 6d]
*** PRE-FLOP *** 
_SKR folds
ideon7200 folds
F. Fognini collected 30 from pot
*** SUMMARY ***
Total pot 30 | No rake
Seat 1: F. Fognini (big blind) won 30


Winamax Poker - Tournament "Expresso Nitro" buyIn: 0.93€ + 0.07€ level: 1 - HandId: #2675091440823959553-7-1673743972 - Holdem no limit (10/20) - 2023/01/15 00:52:52 UTC
Table: 'Expresso Nitro(622843262)#0' 3-max (real money) Seat #3 is the button
Seat 1: F. Fognini (330)
Seat 2: _SKR (270)
Seat 3: ideon7200 (300)
*** ANTE/BLINDS ***
F. Fognini posts small blind 10
_SKR posts big blind 20
Dealt to _SKR [3c Kd]
*** PRE-FLOP *** 
ideon7200 calls 20
F. Fognini raises 310 to 330 and is all-in
_SKR folds
ideon7200 folds
F. Fognini collected 370 from pot
*** SUMMARY ***
Total pot 370 | No rake
Seat 1: F. Fognini (small blind) won 370


Winamax Poker - Tournament "Expresso Nitro" buyIn: 0.93€ + 0.07€ level: 2 - HandId: #2675091440823959553-8-1673743982 - Holdem no limit (15/30) - 2023/01/15 00:53:02 UTC
Table: 'Expresso Nitro(622843262)#0' 3-max (real money) Seat #1 is the button
Seat 1: F. Fognini (370)
Seat 2: _SKR (250)
Seat 3: ideon7200 (280)
*** ANTE/BLINDS ***
_SKR posts small blind 15
ideon7200 posts big blind 30
Dealt to _SKR [4h 3h]
*** PRE-FLOP *** 
F. Fognini raises 340 to 370 and is all-in
_SKR folds
ideon7200 calls 250 and is all-in
*** FLOP *** [Js 4d 3c]
*** TURN *** [Js 4d 3c][7c]
*** RIVER *** [Js 4d 3c 7c][6h]
*** SHOW DOWN ***
ideon7200 shows [Ah 6d] (One pair : 6)
F. Fognini shows [9h 9d] (One pair : 9)
F. Fognini collected 665 from pot
*** SUMMARY ***
Total pot 665 | No rake
Board: [Js 4d 3c 7c 6h]
Seat 1: F. Fognini (button) showed [9h 9d] and won 665 with One pair : 9
Seat 3: ideon7200 (big blind) showed [Ah 6d] and lost with One pair : 6


Winamax Poker - Tournament "Expresso Nitro" buyIn: 0.93€ + 0.07€ level: 2 - HandId: #2675091440823959553-9-1673744004 - Holdem no limit (15/30) - 2023/01/15 00:53:24 UTC
Table: 'Expresso Nitro(622843262)#0' 3-max (real money) Seat #1 is the button
Seat 1: F. Fognini (665)
Seat 2: _SKR (235)
*** ANTE/BLINDS ***
F. Fognini posts small blind 15
_SKR posts big blind 30
Dealt to _SKR [Ks Jd]
*** PRE-FLOP *** 
F. Fognini raises 635 to 665 and is all-in
_SKR calls 205 and is all-in
*** FLOP *** [6d 8s 6c]
*** TURN *** [6d 8s 6c][Jh]
*** RIVER *** [6d 8s 6c Jh][3s]
*** SHOW DOWN ***
F. Fognini shows [Qs Tc] (One pair : 6)
_SKR shows [Ks Jd] (Two pairs : Jacks and 6)
_SKR collected 470 from main pot
F. Fognini collected 430 from side pot 1
*** SUMMARY ***
Total pot 900 | No rake
Board: [6d 8s 6c Jh 3s]
Seat 1: F. Fognini (small blind) (button) showed [Qs Tc] and won 430 with One pair : 6
Seat 2: _SKR (big blind) showed [Ks Jd] and won 470 with Two pairs : Jacks and 6


Winamax Poker - Tournament "Expresso Nitro" buyIn: 0.93€ + 0.07€ level: 2 - HandId: #2675091440823959553-10-1673744016 - Holdem no limit (15/30) - 2023/01/15 00:53:36 UTC
Table: 'Expresso Nitro(622843262)#0' 3-max (real money) Seat #2 is the button
Seat 1: F. Fognini (430)
Seat 2: _SKR (470)
*** ANTE/BLINDS ***
_SKR posts small blind 15
F. Fognini posts big blind 30
Dealt to _SKR [4s As]
*** PRE-FLOP *** 
_SKR raises 440 to 470 and is all-in
F. Fognini folds
_SKR collected 500 from pot
*** SUMMARY ***
Total pot 500 | No rake
Seat 2: _SKR (small blind) (button) won 500


Winamax Poker - Tournament "Expresso Nitro" buyIn: 0.93€ + 0.07€ level: 2 - HandId: #2675091440823959553-11-1673744022 - Holdem no limit (15/30) - 2023/01/15 00:53:42 UTC
Table: 'Expresso Nitro(622843262)#0' 3-max (real money) Seat #1 is the button
Seat 1: F. Fognini (400)
Seat 2: _SKR (500)
*** ANTE/BLINDS ***
F. Fognini posts small blind 15
_SKR posts big blind 30
Dealt to _SKR [Ks 4h]
*** PRE-FLOP *** 
F. Fognini calls 15
_SKR checks
*** FLOP *** [Qc As Qd]
_SKR checks
F. Fognini bets 60
_SKR folds
F. Fognini collected 120 from pot
*** SUMMARY ***
Total pot 120 | No rake
Board: [Qc As Qd]
Seat 1: F. Fognini (small blind) (button) won 120


Winamax Poker - Tournament "Expresso Nitro" buyIn: 0.93€ + 0.07€ level: 2 - HandId: #2675091440823959553-12-1673744031 - Holdem no limit (15/30) - 2023/01/15 00:53:51 UTC
Table: 'Expresso Nitro(622843262)#0' 3-max (real money) Seat #2 is the button
Seat 1: F. Fognini (430)
Seat 2: _SKR (470)
*** ANTE/BLINDS ***
_SKR posts small blind 15
F. Fognini posts big blind 30
Dealt to _SKR [4d 3c]
*** PRE-FLOP *** 
_SKR folds
F. Fognini collected 45 from pot
*** SUMMARY ***
Total pot 45 | No rake
Seat 1: F. Fognini (big blind) won 45


Winamax Poker - Tournament "Expresso Nitro" buyIn: 0.93€ + 0.07€ level: 2 - HandId: #2675091440823959553-13-1673744034 - Holdem no limit (15/30) - 2023/01/15 00:53:54 UTC
Table: 'Expresso Nitro(622843262)#0' 3-max (real money) Seat #1 is the button
Seat 1: F. Fognini (445)
Seat 2: _SKR (455)
*** ANTE/BLINDS ***
F. Fognini posts small blind 15
_SKR posts big blind 30
Dealt to _SKR [8d 2c]
*** PRE-FLOP *** 
F. Fognini calls 15
_SKR checks
*** FLOP *** [Th 4d Jh]
_SKR checks
F. Fognini bets 30
_SKR folds
F. Fognini collected 90 from pot
*** SUMMARY ***
Total pot 90 | No rake
Board: [Th 4d Jh]
Seat 1: F. Fognini (small blind) (button) won 90


Winamax Poker - Tournament "Expresso Nitro" buyIn: 0.93€ + 0.07€ level: 3 - HandId: #2675091440823959553-14-1673744043 - Holdem no limit (20/40) - 2023/01/15 00:54:03 UTC
Table: 'Expresso Nitro(622843262)#0' 3-max (real money) Seat #2 is the button
Seat 1: F. Fognini (475)
Seat 2: _SKR (425)
*** ANTE/BLINDS ***
_SKR posts small blind 20
F. Fognini posts big blind 40
Dealt to _SKR [Jc 3h]
*** PRE-FLOP *** 
_SKR folds
F. Fognini collected 60 from pot
*** SUMMARY ***
Total pot 60 | No rake
Seat 1: F. Fognini (big blind) won 60


Winamax Poker - Tournament "Expresso Nitro" buyIn: 0.93€ + 0.07€ level: 3 - HandId: #2675091440823959553-15-1673744048 - Holdem no limit (20/40) - 2023/01/15 00:54:08 UTC
Table: 'Expresso Nitro(622843262)#0' 3-max (real money) Seat #1 is the button
Seat 1: F. Fognini (495)
Seat 2: _SKR (405)
*** ANTE/BLINDS ***
F. Fognini posts small blind 20
_SKR posts big blind 40
Dealt to _SKR [Ks 7s]
*** PRE-FLOP *** 
F. Fognini raises 455 to 495 and is all-in
_SKR folds
F. Fognini collected 535 from pot
*** SUMMARY ***
Total pot 535 | No rake
Seat 1: F. Fognini (small blind) (button) won 535


Winamax Poker - Tournament "Expresso Nitro" buyIn: 0.93€ + 0.07€ level: 3 - HandId: #2675091440823959553-16-1673744056 - Holdem no limit (20/40) - 2023/01/15 00:54:16 UTC
Table: 'Expresso Nitro(622843262)#0' 3-max (real money) Seat #2 is the button
Seat 1: F. Fognini (535)
Seat 2: _SKR (365)
*** ANTE/BLINDS ***
_SKR posts small blind 20
F. Fognini posts big blind 40
Dealt to _SKR [3c Qh]
*** PRE-FLOP *** 
_SKR folds
F. Fognini collected 60 from pot
*** SUMMARY ***
Total pot 60 | No rake
Seat 1: F. Fognini (big blind) won 60


Winamax Poker - Tournament "Expresso Nitro" buyIn: 0.93€ + 0.07€ level: 3 - HandId: #2675091440823959553-17-1673744060 - Holdem no limit (20/40) - 2023/01/15 00:54:20 UTC
Table: 'Expresso Nitro(622843262)#0' 3-max (real money) Seat #1 is the button
Seat 1: F. Fognini (555)
Seat 2: _SKR (345)
*** ANTE/BLINDS ***
F. Fognini posts small blind 20
_SKR posts big blind 40
Dealt to _SKR [Ts 2d]
*** PRE-FLOP *** 
F. Fognini folds
_SKR collected 60 from pot
*** SUMMARY ***
Total pot 60 | No rake
Seat 2: _SKR (big blind) won 60


Winamax Poker - Tournament "Expresso Nitro" buyIn: 0.93€ + 0.07€ level: 3 - HandId: #2675091440823959553-18-1673744064 - Holdem no limit (20/40) - 2023/01/15 00:54:24 UTC
Table: 'Expresso Nitro(622843262)#0' 3-max (real money) Seat #2 is the button
Seat 1: F. Fognini (535)
Seat 2: _SKR (365)
*** ANTE/BLINDS ***
_SKR posts small blind 20
F. Fognini posts big blind 40
Dealt to _SKR [7c Ah]
*** PRE-FLOP *** 
_SKR raises 325 to 365 and is all-in
F. Fognini folds
_SKR collected 405 from pot
*** SUMMARY ***
Total pot 405 | No rake
Seat 2: _SKR (small blind) (button) won 405


Winamax Poker - Tournament "Expresso Nitro" buyIn: 0.93€ + 0.07€ level: 3 - HandId: #2675091440823959553-19-1673744072 - Holdem no limit (20/40) - 2023/01/15 00:54:32 UTC
Table: 'Expresso Nitro(622843262)#0' 3-max (real money) Seat #1 is the button
Seat 1: F. Fognini (495)
Seat 2: _SKR (405)
*** ANTE/BLINDS ***
F. Fognini posts small blind 20
_SKR posts big blind 40
Dealt to _SKR [2h Ad]
*** PRE-FLOP *** 
F. Fognini folds
_SKR collected 60 from pot
*** SUMMARY ***
Total pot 60 | No rake
Seat 2: _SKR (big blind) won 60


Winamax Poker - Tournament "Expresso Nitro" buyIn: 0.93€ + 0.07€ level: 3 - HandId: #2675091440823959553-20-1673744082 - Holdem no limit (20/40) - 2023/01/15 00:54:42 UTC
Table: 'Expresso Nitro(622843262)#0' 3-max (real money) Seat #2 is the button
Seat 1: F. Fognini (475)
Seat 2: _SKR (425)
*** ANTE/BLINDS ***
_SKR posts small blind 20
F. Fognini posts big blind 40
Dealt to _SKR [5d Tc]
*** PRE-FLOP *** 
_SKR folds
F. Fognini collected 60 from pot
*** SUMMARY ***
Total pot 60 | No rake
Seat 1: F. Fognini (big blind) won 60


Winamax Poker - Tournament "Expresso Nitro" buyIn: 0.93€ + 0.07€ level: 3 - HandId: #2675091440823959553-21-1673744086 - Holdem no limit (20/40) - 2023/01/15 00:54:46 UTC
Table: 'Expresso Nitro(622843262)#0' 3-max (real money) Seat #1 is the button
Seat 1: F. Fognini (495)
Seat 2: _SKR (405)
*** ANTE/BLINDS ***
F. Fognini posts small blind 20
_SKR posts big blind 40
Dealt to _SKR [Ac 4h]
*** PRE-FLOP *** 
F. Fognini folds
_SKR collected 60 from pot
*** SUMMARY ***
Total pot 60 | No rake
Seat 2: _SKR (big blind) won 60


Winamax Poker - Tournament "Expresso Nitro" buyIn: 0.93€ + 0.07€ level: 3 - HandId: #2675091440823959553-22-1673744091 - Holdem no limit (20/40) - 2023/01/15 00:54:51 UTC
Table: 'Expresso Nitro(622843262)#0' 3-max (real money) Seat #2 is the button
Seat 1: F. Fognini (475)
Seat 2: _SKR (425)
*** ANTE/BLINDS ***
_SKR posts small blind 20
F. Fognini posts big blind 40
Dealt to _SKR [Ks 9c]
*** PRE-FLOP *** 
_SKR raises 385 to 425 and is all-in
F. Fognini folds
_SKR collected 465 from pot
*** SUMMARY ***
Total pot 465 | No rake
Seat 2: _SKR (small blind) (button) won 465


Winamax Poker - Tournament "Expresso Nitro" buyIn: 0.93€ + 0.07€ level: 4 - HandId: #2675091440823959553-23-1673744099 - Holdem no limit (30/60) - 2023/01/15 00:54:59 UTC
Table: 'Expresso Nitro(622843262)#0' 3-max (real money) Seat #1 is the button
Seat 1: F. Fognini (435)
Seat 2: _SKR (465)
*** ANTE/BLINDS ***
F. Fognini posts small blind 30
_SKR posts big blind 60
Dealt to _SKR [9d Th]
*** PRE-FLOP *** 
F. Fognini raises 375 to 435 and is all-in
_SKR folds
F. Fognini collected 495 from pot
*** SUMMARY ***
Total pot 495 | No rake
Seat 1: F. Fognini (small blind) (button) won 495


Winamax Poker - Tournament "Expresso Nitro" buyIn: 0.93€ + 0.07€ level: 4 - HandId: #2675091440823959553-24-1673744105 - Holdem no limit (30/60) - 2023/01/15 00:55:05 UTC
Table: 'Expresso Nitro(622843262)#0' 3-max (real money) Seat #2 is the button
Seat 1: F. Fognini (495)
Seat 2: _SKR (405)
*** ANTE/BLINDS ***
_SKR posts small blind 30
F. Fognini posts big blind 60
Dealt to _SKR [5d 4c]
*** PRE-FLOP *** 
_SKR folds
F. Fognini collected 90 from pot
*** SUMMARY ***
Total pot 90 | No rake
Seat 1: F. Fognini (big blind) won 90


Winamax Poker - Tournament "Expresso Nitro" buyIn: 0.93€ + 0.07€ level: 4 - HandId: #2675091440823959553-25-1673744109 - Holdem no limit (30/60) - 2023/01/15 00:55:09 UTC
Table: 'Expresso Nitro(622843262)#0' 3-max (real money) Seat #1 is the button
Seat 1: F. Fognini (525)
Seat 2: _SKR (375)
*** ANTE/BLINDS ***
F. Fognini posts small blind 30
_SKR posts big blind 60
Dealt to _SKR [Ts 9d]
*** PRE-FLOP *** 
F. Fognini folds
_SKR collected 90 from pot
*** SUMMARY ***
Total pot 90 | No rake
Seat 2: _SKR (big blind) won 90


Winamax Poker - Tournament "Expresso Nitro" buyIn: 0.93€ + 0.07€ level: 4 - HandId: #2675091440823959553-26-1673744115 - Holdem no limit (30/60) - 2023/01/15 00:55:15 UTC
Table: 'Expresso Nitro(622843262)#0' 3-max (real money) Seat #2 is the button
Seat 1: F. Fognini (495)
Seat 2: _SKR (405)
*** ANTE/BLINDS ***
_SKR posts small blind 30
F. Fognini posts big blind 60
Dealt to _SKR [6d As]
*** PRE-FLOP *** 
_SKR raises 345 to 405 and is all-in
F. Fognini calls 345
*** FLOP *** [3c 2h Ad]
*** TURN *** [3c 2h Ad][4c]
*** RIVER *** [3c 2h Ad 4c][Td]
*** SHOW DOWN ***
F. Fognini shows [Ks 8c] (High card : Ace)
_SKR shows [6d As] (One pair : Aces)
_SKR collected 810 from pot
*** SUMMARY ***
Total pot 810 | No rake
Board: [3c 2h Ad 4c Td]
Seat 1: F. Fognini (big blind) showed [Ks 8c] and lost with High card : Ace
Seat 2: _SKR (small blind) (button) showed [6d As] and won 810 with One pair : Aces


Winamax Poker - Tournament "Expresso Nitro" buyIn: 0.93€ + 0.07€ level: 4 - HandId: #2675091440823959553-27-1673744129 - Holdem no limit (30/60) - 2023/01/15 00:55:29 UTC
Table: 'Expresso Nitro(622843262)#0' 3-max (real money) Seat #1 is the button
Seat 1: F. Fognini (90)
Seat 2: _SKR (810)
*** ANTE/BLINDS ***
F. Fognini posts small blind 30
_SKR posts big blind 60
Dealt to _SKR [5d 3s]
*** PRE-FLOP *** 
F. Fognini raises 30 to 90 and is all-in
_SKR calls 30
*** FLOP *** [Kc Kd 7d]
*** TURN *** [Kc Kd 7d][9h]
*** RIVER *** [Kc Kd 7d 9h][8d]
*** SHOW DOWN ***
_SKR shows [5d 3s] (One pair : Kings)
F. Fognini shows [8h Qh] (Two pairs : Kings and 8)
F. Fognini collected 180 from pot
*** SUMMARY ***
Total pot 180 | No rake
Board: [Kc Kd 7d 9h 8d]
Seat 1: F. Fognini (small blind) (button) showed [8h Qh] and won 180 with Two pairs : Kings and 8
Seat 2: _SKR (big blind) showed [5d 3s] and lost with One pair : Kings


Winamax Poker - Tournament "Expresso Nitro" buyIn: 0.93€ + 0.07€ level: 4 - HandId: #2675091440823959553-28-1673744142 - Holdem no limit (30/60) - 2023/01/15 00:55:42 UTC
Table: 'Expresso Nitro(622843262)#0' 3-max (real money) Seat #2 is the button
Seat 1: F. Fognini (180)
Seat 2: _SKR (720)
*** ANTE/BLINDS ***
_SKR posts small blind 30
F. Fognini posts big blind 60
Dealt to _SKR [9d As]
*** PRE-FLOP *** 
_SKR raises 660 to 720 and is all-in
F. Fognini calls 120 and is all-in
*** FLOP *** [Ts 4c Kc]
*** TURN *** [Ts 4c Kc][6d]
*** RIVER *** [Ts 4c Kc 6d][2h]
*** SHOW DOWN ***
F. Fognini shows [Jh Jd] (One pair : Jacks)
_SKR shows [9d As] (High card : Ace)
_SKR collected 540 from side pot 1
F. Fognini collected 360 from main pot
*** SUMMARY ***
Total pot 900 | No rake
Board: [Ts 4c Kc 6d 2h]
Seat 1: F. Fognini (big blind) showed [Jh Jd] and won 360 with One pair : Jacks
Seat 2: _SKR (small blind) (button) showed [9d As] and won 540 with High card : Ace


Winamax Poker - Tournament "Expresso Nitro" buyIn: 0.93€ + 0.07€ level: 4 - HandId: #2675091440823959553-29-1673744154 - Holdem no limit (30/60) - 2023/01/15 00:55:54 UTC
Table: 'Expresso Nitro(622843262)#0' 3-max (real money) Seat #1 is the button
Seat 1: F. Fognini (360)
Seat 2: _SKR (540)
*** ANTE/BLINDS ***
F. Fognini posts small blind 30
_SKR posts big blind 60
Dealt to _SKR [8d 8c]
*** PRE-FLOP *** 
F. Fognini folds
_SKR collected 90 from pot
*** SUMMARY ***
Total pot 90 | No rake
Seat 2: _SKR (big blind) won 90


Winamax Poker - Tournament "Expresso Nitro" buyIn: 0.93€ + 0.07€ level: 5 - HandId: #2675091440823959553-30-1673744158 - Holdem no limit (40/80) - 2023/01/15 00:55:58 UTC
Table: 'Expresso Nitro(622843262)#0' 3-max (real money) Seat #2 is the button
Seat 1: F. Fognini (330)
Seat 2: _SKR (570)
*** ANTE/BLINDS ***
_SKR posts small blind 40
F. Fognini posts big blind 80
Dealt to _SKR [Jd 6h]
*** PRE-FLOP *** 
_SKR folds
F. Fognini collected 120 from pot
*** SUMMARY ***
Total pot 120 | No rake
Seat 1: F. Fognini (big blind) won 120


Winamax Poker - Tournament "Expresso Nitro" buyIn: 0.93€ + 0.07€ level: 5 - HandId: #2675091440823959553-31-1673744161 - Holdem no limit (40/80) - 2023/01/15 00:56:01 UTC
Table: 'Expresso Nitro(622843262)#0' 3-max (real money) Seat #1 is the button
Seat 1: F. Fognini (370)
Seat 2: _SKR (530)
*** ANTE/BLINDS ***
F. Fognini posts small blind 40
_SKR posts big blind 80
Dealt to _SKR [Kh 6s]
*** PRE-FLOP *** 
F. Fognini folds
_SKR collected 120 from pot
*** SUMMARY ***
Total pot 120 | No rake
Seat 2: _SKR (big blind) won 120


Winamax Poker - Tournament "Expresso Nitro" buyIn: 0.93€ + 0.07€ level: 5 - HandId: #2675091440823959553-32-1673744165 - Holdem no limit (40/80) - 2023/01/15 00:56:05 UTC
Table: 'Expresso Nitro(622843262)#0' 3-max (real money) Seat #2 is the button
Seat 1: F. Fognini (330)
Seat 2: _SKR (570)
*** ANTE/BLINDS ***
_SKR posts small blind 40
F. Fognini posts big blind 80
Dealt to _SKR [Qs 7d]
*** PRE-FLOP *** 
_SKR raises 490 to 570 and is all-in
F. Fognini calls 250 and is all-in
*** FLOP *** [Kd 5h 9d]
*** TURN *** [Kd 5h 9d][2d]
*** RIVER *** [Kd 5h 9d 2d][8s]
*** SHOW DOWN ***
F. Fognini shows [Qd 7c] (High card : King)
_SKR shows [Qs 7d] (High card : King)
_SKR collected 570 from side pot 1
F. Fognini collected 330 from main pot
*** SUMMARY ***
Total pot 900 | No rake
Board: [Kd 5h 9d 2d 8s]
Seat 1: F. Fognini (big blind) showed [Qd 7c] and won 330 with High card : King
Seat 2: _SKR (small blind) (button) showed [Qs 7d] and won 570 with High card : King


Winamax Poker - Tournament "Expresso Nitro" buyIn: 0.93€ + 0.07€ level: 5 - HandId: #2675091440823959553-33-1673744178 - Holdem no limit (40/80) - 2023/01/15 00:56:18 UTC
Table: 'Expresso Nitro(622843262)#0' 3-max (real money) Seat #1 is the button
Seat 1: F. Fognini (330)
Seat 2: _SKR (570)
*** ANTE/BLINDS ***
F. Fognini posts small blind 40
_SKR posts big blind 80
Dealt to _SKR [Jc 4c]
*** PRE-FLOP *** 
F. Fognini folds
_SKR collected 120 from pot
*** SUMMARY ***
Total pot 120 | No rake
Seat 2: _SKR (big blind) won 120


Winamax Poker - Tournament "Expresso Nitro" buyIn: 0.93€ + 0.07€ level: 5 - HandId: #2675091440823959553-34-1673744182 - Holdem no limit (40/80) - 2023/01/15 00:56:22 UTC
Table: 'Expresso Nitro(622843262)#0' 3-max (real money) Seat #2 is the button
Seat 1: F. Fognini (290)
Seat 2: _SKR (610)
*** ANTE/BLINDS ***
_SKR posts small blind 40
F. Fognini posts big blind 80
Dealt to _SKR [7h 2d]
*** PRE-FLOP *** 
_SKR folds
F. Fognini collected 120 from pot
*** SUMMARY ***
Total pot 120 | No rake
Seat 1: F. Fognini (big blind) won 120


Winamax Poker - Tournament "Expresso Nitro" buyIn: 0.93€ + 0.07€ level: 5 - HandId: #2675091440823959553-35-1673744187 - Holdem no limit (40/80) - 2023/01/15 00:56:27 UTC
Table: 'Expresso Nitro(622843262)#0' 3-max (real money) Seat #1 is the button
Seat 1: F. Fognini (330)
Seat 2: _SKR (570)
*** ANTE/BLINDS ***
F. Fognini posts small blind 40
_SKR posts big blind 80
Dealt to _SKR [Jh 2d]
*** PRE-FLOP *** 
F. Fognini folds
_SKR collected 120 from pot
*** SUMMARY ***
Total pot 120 | No rake
Seat 2: _SKR (big blind) won 120


Winamax Poker - Tournament "Expresso Nitro" buyIn: 0.93€ + 0.07€ level: 5 - HandId: #2675091440823959553-36-1673744191 - Holdem no limit (40/80) - 2023/01/15 00:56:31 UTC
Table: 'Expresso Nitro(622843262)#0' 3-max (real money) Seat #2 is the button
Seat 1: F. Fognini (290)
Seat 2: _SKR (610)
*** ANTE/BLINDS ***
_SKR posts small blind 40
F. Fognini posts big blind 80
Dealt to _SKR [Kh Tc]
*** PRE-FLOP *** 
_SKR raises 530 to 610 and is all-in
F. Fognini calls 210 and is all-in
*** FLOP *** [7d 7s 4c]
*** TURN *** [7d 7s 4c][3d]
*** RIVER *** [7d 7s 4c 3d][Qs]
*** SHOW DOWN ***
F. Fognini shows [6s 9s] (One pair : 7)
_SKR shows [Kh Tc] (One pair : 7)
_SKR collected 900 from pot
*** SUMMARY ***
Total pot 900 | No rake
Board: [7d 7s 4c 3d Qs]
Seat 1: F. Fognini (big blind) showed [6s 9s] and lost with One pair : 7
Seat 2: _SKR (small blind) (button) showed [Kh Tc] and won 900 with One pair : 7


