Winamax Poker - Tournament "Expresso Nitro" buyIn: 0.93€ + 0.07€ level: 1 - HandId: #2680886180634951681-1-1674083351 - Holdem no limit (10/20) - 2023/01/18 23:09:11 UTC
Table: 'Expresso Nitro(624192455)#0' 3-max (real money) Seat #1 is the button
Seat 1: DaGuite (300)
Seat 2: QuiLuCru (300)
Seat 3: _SKR (300)
*** ANTE/BLINDS ***
QuiLuCru posts small blind 10
_SKR posts big blind 20
Dealt to _SKR [7s 3s]
*** PRE-FLOP *** 
DaGuite folds
QuiLuCru folds
_SKR collected 30 from pot
*** SUMMARY ***
Total pot 30 | No rake
Seat 3: _SKR (big blind) won 30


Winamax Poker - Tournament "Expresso Nitro" buyIn: 0.93€ + 0.07€ level: 1 - HandId: #2680886180634951681-2-1674083356 - Holdem no limit (10/20) - 2023/01/18 23:09:16 UTC
Table: 'Expresso Nitro(624192455)#0' 3-max (real money) Seat #2 is the button
Seat 1: DaGuite (300)
Seat 2: QuiLuCru (290)
Seat 3: _SKR (310)
*** ANTE/BLINDS ***
_SKR posts small blind 10
DaGuite posts big blind 20
Dealt to _SKR [5s 8h]
*** PRE-FLOP *** 
QuiLuCru folds
_SKR folds
DaGuite collected 30 from pot
*** SUMMARY ***
Total pot 30 | No rake
Seat 1: DaGuite (big blind) won 30


Winamax Poker - Tournament "Expresso Nitro" buyIn: 0.93€ + 0.07€ level: 1 - HandId: #2680886180634951681-3-1674083372 - Holdem no limit (10/20) - 2023/01/18 23:09:32 UTC
Table: 'Expresso Nitro(624192455)#0' 3-max (real money) Seat #3 is the button
Seat 1: DaGuite (310)
Seat 2: QuiLuCru (290)
Seat 3: _SKR (300)
*** ANTE/BLINDS ***
DaGuite posts small blind 10
QuiLuCru posts big blind 20
Dealt to _SKR [Ts 5d]
*** PRE-FLOP *** 
_SKR folds
DaGuite folds
QuiLuCru collected 30 from pot
*** SUMMARY ***
Total pot 30 | No rake
Seat 2: QuiLuCru (big blind) won 30


Winamax Poker - Tournament "Expresso Nitro" buyIn: 0.93€ + 0.07€ level: 1 - HandId: #2680886180634951681-4-1674083376 - Holdem no limit (10/20) - 2023/01/18 23:09:36 UTC
Table: 'Expresso Nitro(624192455)#0' 3-max (real money) Seat #1 is the button
Seat 1: DaGuite (300)
Seat 2: QuiLuCru (300)
Seat 3: _SKR (300)
*** ANTE/BLINDS ***
QuiLuCru posts small blind 10
_SKR posts big blind 20
Dealt to _SKR [Jc 3s]
*** PRE-FLOP *** 
DaGuite folds
QuiLuCru folds
_SKR collected 30 from pot
*** SUMMARY ***
Total pot 30 | No rake
Seat 3: _SKR (big blind) won 30


Winamax Poker - Tournament "Expresso Nitro" buyIn: 0.93€ + 0.07€ level: 1 - HandId: #2680886180634951681-5-1674083383 - Holdem no limit (10/20) - 2023/01/18 23:09:43 UTC
Table: 'Expresso Nitro(624192455)#0' 3-max (real money) Seat #2 is the button
Seat 1: DaGuite (300)
Seat 2: QuiLuCru (290)
Seat 3: _SKR (310)
*** ANTE/BLINDS ***
_SKR posts small blind 10
DaGuite posts big blind 20
Dealt to _SKR [8h 5s]
*** PRE-FLOP *** 
QuiLuCru folds
_SKR folds
DaGuite collected 30 from pot
*** SUMMARY ***
Total pot 30 | No rake
Seat 1: DaGuite (big blind) won 30


Winamax Poker - Tournament "Expresso Nitro" buyIn: 0.93€ + 0.07€ level: 1 - HandId: #2680886180634951681-6-1674083389 - Holdem no limit (10/20) - 2023/01/18 23:09:49 UTC
Table: 'Expresso Nitro(624192455)#0' 3-max (real money) Seat #3 is the button
Seat 1: DaGuite (310)
Seat 2: QuiLuCru (290)
Seat 3: _SKR (300)
*** ANTE/BLINDS ***
DaGuite posts small blind 10
QuiLuCru posts big blind 20
Dealt to _SKR [As 6c]
*** PRE-FLOP *** 
_SKR raises 280 to 300 and is all-in
DaGuite raises 10 to 310 and is all-in
QuiLuCru folds
*** FLOP *** [5s 7c Ac]
*** TURN *** [5s 7c Ac][6s]
*** RIVER *** [5s 7c Ac 6s][Qh]
*** SHOW DOWN ***
DaGuite shows [Kh Ks] (One pair : Kings)
_SKR shows [As 6c] (Two pairs : Aces and 6)
_SKR collected 620 from main pot
DaGuite collected 10 from side pot 1
*** SUMMARY ***
Total pot 630 | No rake
Board: [5s 7c Ac 6s Qh]
Seat 1: DaGuite (small blind) showed [Kh Ks] and won 10 with One pair : Kings
Seat 3: _SKR (button) showed [As 6c] and won 620 with Two pairs : Aces and 6


Winamax Poker - Tournament "Expresso Nitro" buyIn: 0.93€ + 0.07€ level: 1 - HandId: #2680886180634951681-7-1674083403 - Holdem no limit (10/20) - 2023/01/18 23:10:03 UTC
Table: 'Expresso Nitro(624192455)#0' 3-max (real money) Seat #1 is the button
Seat 1: DaGuite (10)
Seat 2: QuiLuCru (270)
Seat 3: _SKR (620)
*** ANTE/BLINDS ***
QuiLuCru posts small blind 10
_SKR posts big blind 20
Dealt to _SKR [Ts 3d]
*** PRE-FLOP *** 
DaGuite calls 10 and is all-in
QuiLuCru raises 70 to 90
_SKR folds
*** FLOP *** [5d 9c 7h]
*** TURN *** [5d 9c 7h][9s]
*** RIVER *** [5d 9c 7h 9s][4s]
*** SHOW DOWN ***
DaGuite shows [Kd Th] (One pair : 9)
QuiLuCru shows [Jd Kc] (One pair : 9)
QuiLuCru collected 120 from pot
*** SUMMARY ***
Total pot 120 | No rake
Board: [5d 9c 7h 9s 4s]
Seat 1: DaGuite (button) showed [Kd Th] and lost with One pair : 9
Seat 2: QuiLuCru (small blind) showed [Jd Kc] and won 120 with One pair : 9


Winamax Poker - Tournament "Expresso Nitro" buyIn: 0.93€ + 0.07€ level: 2 - HandId: #2680886180634951681-8-1674083422 - Holdem no limit (15/30) - 2023/01/18 23:10:22 UTC
Table: 'Expresso Nitro(624192455)#0' 3-max (real money) Seat #3 is the button
Seat 2: QuiLuCru (300)
Seat 3: _SKR (600)
*** ANTE/BLINDS ***
_SKR posts small blind 15
QuiLuCru posts big blind 30
Dealt to _SKR [Kd Qs]
*** PRE-FLOP *** 
_SKR raises 570 to 600 and is all-in
QuiLuCru calls 270 and is all-in
*** FLOP *** [3d 3s Qh]
*** TURN *** [3d 3s Qh][Kc]
*** RIVER *** [3d 3s Qh Kc][Qd]
*** SHOW DOWN ***
QuiLuCru shows [Td As] (Two pairs : Queens and 3)
_SKR shows [Kd Qs] (Full of Queens and Kings)
_SKR collected 900 from pot
*** SUMMARY ***
Total pot 900 | No rake
Board: [3d 3s Qh Kc Qd]
Seat 2: QuiLuCru (big blind) showed [Td As] and lost with Two pairs : Queens and 3
Seat 3: _SKR (small blind) (button) showed [Kd Qs] and won 900 with Full of Queens and Kings


