Winamax Poker - Tournament "Expresso Nitro" buyIn: 9.30€ + 0.70€ level: 1 - HandId: #2694626635713347585-1-1674947920 - Holdem no limit (10/20) - 2023/01/28 23:18:40 UTC
Table: 'Expresso Nitro(627391654)#0' 3-max (real money) Seat #3 is the button
Seat 1: WiniLoursCon (300)
Seat 2: locco17270 (300)
Seat 3: _SKR (300)
*** ANTE/BLINDS ***
WiniLoursCon posts small blind 10
locco17270 posts big blind 20
Dealt to _SKR [Tc Qc]
*** PRE-FLOP *** 
_SKR raises 20 to 40
WiniLoursCon calls 30
locco17270 calls 20
*** FLOP *** [2c 9d 9h]
WiniLoursCon checks
locco17270 checks
_SKR bets 42
WiniLoursCon calls 42
locco17270 folds
*** TURN *** [2c 9d 9h][8h]
WiniLoursCon checks
_SKR checks
*** RIVER *** [2c 9d 9h 8h][2d]
WiniLoursCon checks
_SKR bets 218 and is all-in
WiniLoursCon folds
_SKR collected 422 from pot
*** SUMMARY ***
Total pot 422 | No rake
Board: [2c 9d 9h 8h 2d]
Seat 3: _SKR (button) won 422


Winamax Poker - Tournament "Expresso Nitro" buyIn: 9.30€ + 0.70€ level: 1 - HandId: #2694626635713347585-2-1674947966 - Holdem no limit (10/20) - 2023/01/28 23:19:26 UTC
Table: 'Expresso Nitro(627391654)#0' 3-max (real money) Seat #1 is the button
Seat 1: WiniLoursCon (218)
Seat 2: locco17270 (260)
Seat 3: _SKR (422)
*** ANTE/BLINDS ***
locco17270 posts small blind 10
_SKR posts big blind 20
Dealt to _SKR [Qs 6c]
*** PRE-FLOP *** 
WiniLoursCon raises 50 to 70
locco17270 calls 60
_SKR folds
*** FLOP *** [6s 9d Ts]
locco17270 bets 190 and is all-in
WiniLoursCon calls 148 and is all-in
*** TURN *** [6s 9d Ts][7s]
*** RIVER *** [6s 9d Ts 7s][3h]
*** SHOW DOWN ***
WiniLoursCon shows [Ks Jd] (High card : King)
locco17270 shows [9c Qc] (One pair : 9)
locco17270 collected 498 from pot
*** SUMMARY ***
Total pot 498 | No rake
Board: [6s 9d Ts 7s 3h]
Seat 1: WiniLoursCon (button) showed [Ks Jd] and lost with High card : King
Seat 2: locco17270 (small blind) showed [9c Qc] and won 498 with One pair : 9


Winamax Poker - Tournament "Expresso Nitro" buyIn: 9.30€ + 0.70€ level: 2 - HandId: #2694626635713347585-3-1674947982 - Holdem no limit (15/30) - 2023/01/28 23:19:42 UTC
Table: 'Expresso Nitro(627391654)#0' 3-max (real money) Seat #3 is the button
Seat 2: locco17270 (498)
Seat 3: _SKR (402)
*** ANTE/BLINDS ***
_SKR posts small blind 15
locco17270 posts big blind 30
Dealt to _SKR [6d 5c]
*** PRE-FLOP *** 
_SKR folds
locco17270 collected 45 from pot
*** SUMMARY ***
Total pot 45 | No rake
Seat 2: locco17270 (big blind) won 45


Winamax Poker - Tournament "Expresso Nitro" buyIn: 9.30€ + 0.70€ level: 2 - HandId: #2694626635713347585-4-1674947986 - Holdem no limit (15/30) - 2023/01/28 23:19:46 UTC
Table: 'Expresso Nitro(627391654)#0' 3-max (real money) Seat #2 is the button
Seat 2: locco17270 (513)
Seat 3: _SKR (387)
*** ANTE/BLINDS ***
locco17270 posts small blind 15
_SKR posts big blind 30
Dealt to _SKR [Ac 8c]
*** PRE-FLOP *** 
locco17270 calls 15
_SKR raises 357 to 387 and is all-in
locco17270 folds
_SKR collected 417 from pot
*** SUMMARY ***
Total pot 417 | No rake
Seat 3: _SKR (big blind) won 417


Winamax Poker - Tournament "Expresso Nitro" buyIn: 9.30€ + 0.70€ level: 2 - HandId: #2694626635713347585-5-1674947994 - Holdem no limit (15/30) - 2023/01/28 23:19:54 UTC
Table: 'Expresso Nitro(627391654)#0' 3-max (real money) Seat #3 is the button
Seat 2: locco17270 (483)
Seat 3: _SKR (417)
*** ANTE/BLINDS ***
_SKR posts small blind 15
locco17270 posts big blind 30
Dealt to _SKR [Ac Ts]
*** PRE-FLOP *** 
_SKR calls 15
locco17270 checks
*** FLOP *** [Ks 6c 7d]
locco17270 checks
_SKR checks
*** TURN *** [Ks 6c 7d][4h]
locco17270 bets 39
_SKR calls 39
*** RIVER *** [Ks 6c 7d 4h][Tc]
locco17270 bets 414 and is all-in
_SKR folds
locco17270 collected 552 from pot
*** SUMMARY ***
Total pot 552 | No rake
Board: [Ks 6c 7d 4h Tc]
Seat 2: locco17270 (big blind) won 552


Winamax Poker - Tournament "Expresso Nitro" buyIn: 9.30€ + 0.70€ level: 2 - HandId: #2694626635713347585-6-1674948024 - Holdem no limit (15/30) - 2023/01/28 23:20:24 UTC
Table: 'Expresso Nitro(627391654)#0' 3-max (real money) Seat #2 is the button
Seat 2: locco17270 (552)
Seat 3: _SKR (348)
*** ANTE/BLINDS ***
locco17270 posts small blind 15
_SKR posts big blind 30
Dealt to _SKR [9h Qh]
*** PRE-FLOP *** 
locco17270 raises 522 to 552 and is all-in
_SKR folds
locco17270 collected 582 from pot
*** SUMMARY ***
Total pot 582 | No rake
Seat 2: locco17270 (small blind) (button) won 582


Winamax Poker - Tournament "Expresso Nitro" buyIn: 9.30€ + 0.70€ level: 2 - HandId: #2694626635713347585-7-1674948029 - Holdem no limit (15/30) - 2023/01/28 23:20:29 UTC
Table: 'Expresso Nitro(627391654)#0' 3-max (real money) Seat #3 is the button
Seat 2: locco17270 (582)
Seat 3: _SKR (318)
*** ANTE/BLINDS ***
_SKR posts small blind 15
locco17270 posts big blind 30
Dealt to _SKR [Ac Qd]
*** PRE-FLOP *** 
_SKR raises 288 to 318 and is all-in
locco17270 folds
_SKR collected 348 from pot
*** SUMMARY ***
Total pot 348 | No rake
Seat 3: _SKR (small blind) (button) won 348


Winamax Poker - Tournament "Expresso Nitro" buyIn: 9.30€ + 0.70€ level: 2 - HandId: #2694626635713347585-8-1674948034 - Holdem no limit (15/30) - 2023/01/28 23:20:34 UTC
Table: 'Expresso Nitro(627391654)#0' 3-max (real money) Seat #2 is the button
Seat 2: locco17270 (552)
Seat 3: _SKR (348)
*** ANTE/BLINDS ***
locco17270 posts small blind 15
_SKR posts big blind 30
Dealt to _SKR [4d 9s]
*** PRE-FLOP *** 
locco17270 calls 15
_SKR checks
*** FLOP *** [9h 5h Jd]
_SKR checks
locco17270 bets 39
_SKR raises 279 to 318 and is all-in
locco17270 folds
_SKR collected 417 from pot
*** SUMMARY ***
Total pot 417 | No rake
Board: [9h 5h Jd]
Seat 3: _SKR (big blind) won 417


Winamax Poker - Tournament "Expresso Nitro" buyIn: 9.30€ + 0.70€ level: 3 - HandId: #2694626635713347585-9-1674948045 - Holdem no limit (20/40) - 2023/01/28 23:20:45 UTC
Table: 'Expresso Nitro(627391654)#0' 3-max (real money) Seat #3 is the button
Seat 2: locco17270 (483)
Seat 3: _SKR (417)
*** ANTE/BLINDS ***
_SKR posts small blind 20
locco17270 posts big blind 40
Dealt to _SKR [Jc Th]
*** PRE-FLOP *** 
_SKR raises 377 to 417 and is all-in
locco17270 folds
_SKR collected 457 from pot
*** SUMMARY ***
Total pot 457 | No rake
Seat 3: _SKR (small blind) (button) won 457


Winamax Poker - Tournament "Expresso Nitro" buyIn: 9.30€ + 0.70€ level: 3 - HandId: #2694626635713347585-10-1674948051 - Holdem no limit (20/40) - 2023/01/28 23:20:51 UTC
Table: 'Expresso Nitro(627391654)#0' 3-max (real money) Seat #2 is the button
Seat 2: locco17270 (443)
Seat 3: _SKR (457)
*** ANTE/BLINDS ***
locco17270 posts small blind 20
_SKR posts big blind 40
Dealt to _SKR [5c 8c]
*** PRE-FLOP *** 
locco17270 raises 40 to 80
_SKR folds
locco17270 collected 120 from pot
*** SUMMARY ***
Total pot 120 | No rake
Seat 2: locco17270 (small blind) (button) won 120


Winamax Poker - Tournament "Expresso Nitro" buyIn: 9.30€ + 0.70€ level: 3 - HandId: #2694626635713347585-11-1674948057 - Holdem no limit (20/40) - 2023/01/28 23:20:57 UTC
Table: 'Expresso Nitro(627391654)#0' 3-max (real money) Seat #3 is the button
Seat 2: locco17270 (483)
Seat 3: _SKR (417)
*** ANTE/BLINDS ***
_SKR posts small blind 20
locco17270 posts big blind 40
Dealt to _SKR [3h 8d]
*** PRE-FLOP *** 
_SKR folds
locco17270 collected 60 from pot
*** SUMMARY ***
Total pot 60 | No rake
Seat 2: locco17270 (big blind) won 60


Winamax Poker - Tournament "Expresso Nitro" buyIn: 9.30€ + 0.70€ level: 3 - HandId: #2694626635713347585-12-1674948060 - Holdem no limit (20/40) - 2023/01/28 23:21:00 UTC
Table: 'Expresso Nitro(627391654)#0' 3-max (real money) Seat #2 is the button
Seat 2: locco17270 (503)
Seat 3: _SKR (397)
*** ANTE/BLINDS ***
locco17270 posts small blind 20
_SKR posts big blind 40
Dealt to _SKR [9d 6h]
*** PRE-FLOP *** 
locco17270 calls 20
_SKR checks
*** FLOP *** [9h 3s 8c]
_SKR checks
locco17270 bets 40
_SKR raises 317 to 357 and is all-in
locco17270 raises 106 to 463 and is all-in
*** TURN *** [9h 3s 8c][7s]
*** RIVER *** [9h 3s 8c 7s][2h]
*** SHOW DOWN ***
_SKR shows [9d 6h] (One pair : 9)
locco17270 shows [Kh Ks] (One pair : Kings)
locco17270 collected 900 from pot
*** SUMMARY ***
Total pot 900 | No rake
Board: [9h 3s 8c 7s 2h]
Seat 2: locco17270 (small blind) (button) showed [Kh Ks] and won 900 with One pair : Kings
Seat 3: _SKR (big blind) showed [9d 6h] and lost with One pair : 9


