Winamax Poker - Tournament "Expresso Nitro" buyIn: 1.86€ + 0.14€ level: 1 - HandId: #2696643659729731585-1-1675091331 - Holdem no limit (10/20) - 2023/01/30 15:08:51 UTC
Table: 'Expresso Nitro(627861279)#0' 3-max (real money) Seat #2 is the button
Seat 1: _SKR (300)
Seat 2: Morak97 (300)
Seat 3: leddonnie (300)
*** ANTE/BLINDS ***
leddonnie posts small blind 10
_SKR posts big blind 20
Dealt to _SKR [8c 2h]
*** PRE-FLOP *** 
Morak97 raises 280 to 300 and is all-in
leddonnie folds
_SKR folds
Morak97 collected 330 from pot
*** SUMMARY ***
Total pot 330 | No rake
Seat 2: Morak97 (button) won 330


Winamax Poker - Tournament "Expresso Nitro" buyIn: 1.86€ + 0.14€ level: 1 - HandId: #2696643659729731585-2-1675091342 - Holdem no limit (10/20) - 2023/01/30 15:09:02 UTC
Table: 'Expresso Nitro(627861279)#0' 3-max (real money) Seat #3 is the button
Seat 1: _SKR (280)
Seat 2: Morak97 (330)
Seat 3: leddonnie (290)
*** ANTE/BLINDS ***
_SKR posts small blind 10
Morak97 posts big blind 20
Dealt to _SKR [3s 4h]
*** PRE-FLOP *** 
leddonnie folds
_SKR folds
Morak97 collected 30 from pot
*** SUMMARY ***
Total pot 30 | No rake
Seat 2: Morak97 (big blind) won 30


Winamax Poker - Tournament "Expresso Nitro" buyIn: 1.86€ + 0.14€ level: 1 - HandId: #2696643659729731585-3-1675091349 - Holdem no limit (10/20) - 2023/01/30 15:09:09 UTC
Table: 'Expresso Nitro(627861279)#0' 3-max (real money) Seat #1 is the button
Seat 1: _SKR (270)
Seat 2: Morak97 (340)
Seat 3: leddonnie (290)
*** ANTE/BLINDS ***
Morak97 posts small blind 10
leddonnie posts big blind 20
Dealt to _SKR [4s 5c]
*** PRE-FLOP *** 
_SKR folds
Morak97 calls 10
leddonnie checks
*** FLOP *** [3d 9h 3h]
Morak97 checks
leddonnie checks
*** TURN *** [3d 9h 3h][3s]
Morak97 bets 20
leddonnie calls 20
*** RIVER *** [3d 9h 3h 3s][8s]
Morak97 checks
leddonnie checks
*** SHOW DOWN ***
leddonnie shows [5s 2d] (Trips of 3)
Morak97 shows [Ts 7h] (Trips of 3)
Morak97 collected 80 from pot
*** SUMMARY ***
Total pot 80 | No rake
Board: [3d 9h 3h 3s 8s]
Seat 2: Morak97 (small blind) showed [Ts 7h] and won 80 with Trips of 3
Seat 3: leddonnie (big blind) showed [5s 2d] and lost with Trips of 3


Winamax Poker - Tournament "Expresso Nitro" buyIn: 1.86€ + 0.14€ level: 1 - HandId: #2696643659729731585-4-1675091375 - Holdem no limit (10/20) - 2023/01/30 15:09:35 UTC
Table: 'Expresso Nitro(627861279)#0' 3-max (real money) Seat #2 is the button
Seat 1: _SKR (270)
Seat 2: Morak97 (380)
Seat 3: leddonnie (250)
*** ANTE/BLINDS ***
leddonnie posts small blind 10
_SKR posts big blind 20
Dealt to _SKR [3h 5c]
*** PRE-FLOP *** 
Morak97 folds
leddonnie calls 10
_SKR checks
*** FLOP *** [8h Tc 6h]
leddonnie checks
_SKR checks
*** TURN *** [8h Tc 6h][5h]
leddonnie checks
_SKR checks
*** RIVER *** [8h Tc 6h 5h][Qd]
leddonnie checks
_SKR checks
*** SHOW DOWN ***
_SKR shows [3h 5c] (One pair : 5)
leddonnie shows [Kd 8d] (One pair : 8)
leddonnie collected 40 from pot
*** SUMMARY ***
Total pot 40 | No rake
Board: [8h Tc 6h 5h Qd]
Seat 1: _SKR (big blind) showed [3h 5c] and lost with One pair : 5
Seat 3: leddonnie (small blind) showed [Kd 8d] and won 40 with One pair : 8


Winamax Poker - Tournament "Expresso Nitro" buyIn: 1.86€ + 0.14€ level: 2 - HandId: #2696643659729731585-5-1675091406 - Holdem no limit (15/30) - 2023/01/30 15:10:06 UTC
Table: 'Expresso Nitro(627861279)#0' 3-max (real money) Seat #3 is the button
Seat 1: _SKR (250)
Seat 2: Morak97 (380)
Seat 3: leddonnie (270)
*** ANTE/BLINDS ***
_SKR posts small blind 15
Morak97 posts big blind 30
Dealt to _SKR [As 4d]
*** PRE-FLOP *** 
leddonnie calls 30
_SKR raises 220 to 250 and is all-in
Morak97 folds
leddonnie calls 220
*** FLOP *** [4h Jh 4s]
*** TURN *** [4h Jh 4s][8c]
*** RIVER *** [4h Jh 4s 8c][9c]
*** SHOW DOWN ***
leddonnie shows [7s Kc] (One pair : 4)
_SKR shows [As 4d] (Trips of 4)
_SKR collected 530 from pot
*** SUMMARY ***
Total pot 530 | No rake
Board: [4h Jh 4s 8c 9c]
Seat 1: _SKR (small blind) showed [As 4d] and won 530 with Trips of 4
Seat 3: leddonnie (button) showed [7s Kc] and lost with One pair : 4


Winamax Poker - Tournament "Expresso Nitro" buyIn: 1.86€ + 0.14€ level: 2 - HandId: #2696643659729731585-6-1675091426 - Holdem no limit (15/30) - 2023/01/30 15:10:26 UTC
Table: 'Expresso Nitro(627861279)#0' 3-max (real money) Seat #1 is the button
Seat 1: _SKR (530)
Seat 2: Morak97 (350)
Seat 3: leddonnie (20)
*** ANTE/BLINDS ***
Morak97 posts small blind 15
leddonnie posts big blind 20 and is all-in
Dealt to _SKR [9s As]
*** PRE-FLOP *** 
_SKR raises 510 to 530 and is all-in
Morak97 folds
*** FLOP *** [5d 4c 7c]
*** TURN *** [5d 4c 7c][Ad]
*** RIVER *** [5d 4c 7c Ad][3c]
*** SHOW DOWN ***
_SKR shows [9s As] (One pair : Aces)
leddonnie shows [2d Qc] (Straight 5 high)
leddonnie collected 55 from main pot
_SKR collected 510 from side pot 1
*** SUMMARY ***
Total pot 565 | No rake
Board: [5d 4c 7c Ad 3c]
Seat 1: _SKR (button) showed [9s As] and won 510 with One pair : Aces
Seat 3: leddonnie (big blind) showed [2d Qc] and won 55 with Straight 5 high


Winamax Poker - Tournament "Expresso Nitro" buyIn: 1.86€ + 0.14€ level: 2 - HandId: #2696643659729731585-7-1675091437 - Holdem no limit (15/30) - 2023/01/30 15:10:37 UTC
Table: 'Expresso Nitro(627861279)#0' 3-max (real money) Seat #2 is the button
Seat 1: _SKR (510)
Seat 2: Morak97 (335)
Seat 3: leddonnie (55)
*** ANTE/BLINDS ***
leddonnie posts small blind 15
_SKR posts big blind 30
Dealt to _SKR [7s 4h]
*** PRE-FLOP *** 
Morak97 calls 30
leddonnie folds
_SKR checks
*** FLOP *** [Ac 6h Th]
_SKR checks
Morak97 bets 75
_SKR folds
Morak97 collected 150 from pot
*** SUMMARY ***
Total pot 150 | No rake
Board: [Ac 6h Th]
Seat 2: Morak97 (button) won 150


Winamax Poker - Tournament "Expresso Nitro" buyIn: 1.86€ + 0.14€ level: 3 - HandId: #2696643659729731585-8-1675091451 - Holdem no limit (20/40) - 2023/01/30 15:10:51 UTC
Table: 'Expresso Nitro(627861279)#0' 3-max (real money) Seat #3 is the button
Seat 1: _SKR (480)
Seat 2: Morak97 (380)
Seat 3: leddonnie (40)
*** ANTE/BLINDS ***
_SKR posts small blind 20
Morak97 posts big blind 40
Dealt to _SKR [7h 9h]
*** PRE-FLOP *** 
leddonnie folds
_SKR folds
Morak97 collected 60 from pot
*** SUMMARY ***
Total pot 60 | No rake
Seat 2: Morak97 (big blind) won 60


Winamax Poker - Tournament "Expresso Nitro" buyIn: 1.86€ + 0.14€ level: 3 - HandId: #2696643659729731585-9-1675091456 - Holdem no limit (20/40) - 2023/01/30 15:10:56 UTC
Table: 'Expresso Nitro(627861279)#0' 3-max (real money) Seat #1 is the button
Seat 1: _SKR (460)
Seat 2: Morak97 (400)
Seat 3: leddonnie (40)
*** ANTE/BLINDS ***
Morak97 posts small blind 20
leddonnie posts big blind 40 and is all-in
Dealt to _SKR [9d 6h]
*** PRE-FLOP *** 
_SKR folds
Morak97 calls 20
*** FLOP *** [7h Th 4d]
*** TURN *** [7h Th 4d][7d]
*** RIVER *** [7h Th 4d 7d][5h]
*** SHOW DOWN ***
leddonnie shows [Ks 2c] (One pair : 7)
Morak97 shows [8h Jh] (Flush Jack high)
Morak97 collected 80 from pot
*** SUMMARY ***
Total pot 80 | No rake
Board: [7h Th 4d 7d 5h]
Seat 2: Morak97 (small blind) showed [8h Jh] and won 80 with Flush Jack high
Seat 3: leddonnie (big blind) showed [Ks 2c] and lost with One pair : 7


Winamax Poker - Tournament "Expresso Nitro" buyIn: 1.86€ + 0.14€ level: 3 - HandId: #2696643659729731585-10-1675091469 - Holdem no limit (20/40) - 2023/01/30 15:11:09 UTC
Table: 'Expresso Nitro(627861279)#0' 3-max (real money) Seat #1 is the button
Seat 1: _SKR (460)
Seat 2: Morak97 (440)
*** ANTE/BLINDS ***
_SKR posts small blind 20
Morak97 posts big blind 40
Dealt to _SKR [5s 8s]
*** PRE-FLOP *** 
_SKR folds
Morak97 collected 60 from pot
*** SUMMARY ***
Total pot 60 | No rake
Seat 2: Morak97 (big blind) won 60


Winamax Poker - Tournament "Expresso Nitro" buyIn: 1.86€ + 0.14€ level: 3 - HandId: #2696643659729731585-11-1675091472 - Holdem no limit (20/40) - 2023/01/30 15:11:12 UTC
Table: 'Expresso Nitro(627861279)#0' 3-max (real money) Seat #2 is the button
Seat 1: _SKR (440)
Seat 2: Morak97 (460)
*** ANTE/BLINDS ***
Morak97 posts small blind 20
_SKR posts big blind 40
Dealt to _SKR [8s 4s]
*** PRE-FLOP *** 
Morak97 calls 20
_SKR checks
*** FLOP *** [6h Qh 2c]
_SKR checks
Morak97 bets 80
_SKR folds
Morak97 collected 160 from pot
*** SUMMARY ***
Total pot 160 | No rake
Board: [6h Qh 2c]
Seat 2: Morak97 (small blind) (button) won 160


Winamax Poker - Tournament "Expresso Nitro" buyIn: 1.86€ + 0.14€ level: 3 - HandId: #2696643659729731585-12-1675091484 - Holdem no limit (20/40) - 2023/01/30 15:11:24 UTC
Table: 'Expresso Nitro(627861279)#0' 3-max (real money) Seat #1 is the button
Seat 1: _SKR (400)
Seat 2: Morak97 (500)
*** ANTE/BLINDS ***
_SKR posts small blind 20
Morak97 posts big blind 40
Dealt to _SKR [5d 9s]
*** PRE-FLOP *** 
_SKR folds
Morak97 collected 60 from pot
*** SUMMARY ***
Total pot 60 | No rake
Seat 2: Morak97 (big blind) won 60


Winamax Poker - Tournament "Expresso Nitro" buyIn: 1.86€ + 0.14€ level: 3 - HandId: #2696643659729731585-13-1675091487 - Holdem no limit (20/40) - 2023/01/30 15:11:27 UTC
Table: 'Expresso Nitro(627861279)#0' 3-max (real money) Seat #2 is the button
Seat 1: _SKR (380)
Seat 2: Morak97 (520)
*** ANTE/BLINDS ***
Morak97 posts small blind 20
_SKR posts big blind 40
Dealt to _SKR [5d 8h]
*** PRE-FLOP *** 
Morak97 calls 20
_SKR checks
*** FLOP *** [Qd Ad 2s]
_SKR checks
Morak97 bets 80
_SKR folds
Morak97 collected 160 from pot
*** SUMMARY ***
Total pot 160 | No rake
Board: [Qd Ad 2s]
Seat 2: Morak97 (small blind) (button) won 160


Winamax Poker - Tournament "Expresso Nitro" buyIn: 1.86€ + 0.14€ level: 3 - HandId: #2696643659729731585-14-1675091498 - Holdem no limit (20/40) - 2023/01/30 15:11:38 UTC
Table: 'Expresso Nitro(627861279)#0' 3-max (real money) Seat #1 is the button
Seat 1: _SKR (340)
Seat 2: Morak97 (560)
*** ANTE/BLINDS ***
_SKR posts small blind 20
Morak97 posts big blind 40
Dealt to _SKR [9c 2s]
*** PRE-FLOP *** 
_SKR folds
Morak97 collected 60 from pot
*** SUMMARY ***
Total pot 60 | No rake
Seat 2: Morak97 (big blind) won 60


Winamax Poker - Tournament "Expresso Nitro" buyIn: 1.86€ + 0.14€ level: 3 - HandId: #2696643659729731585-15-1675091501 - Holdem no limit (20/40) - 2023/01/30 15:11:41 UTC
Table: 'Expresso Nitro(627861279)#0' 3-max (real money) Seat #2 is the button
Seat 1: _SKR (320)
Seat 2: Morak97 (580)
*** ANTE/BLINDS ***
Morak97 posts small blind 20
_SKR posts big blind 40
Dealt to _SKR [9s 7s]
*** PRE-FLOP *** 
Morak97 calls 20
_SKR checks
*** FLOP *** [6c Ts 5s]
_SKR checks
Morak97 checks
*** TURN *** [6c Ts 5s][4c]
_SKR checks
Morak97 bets 80
_SKR raises 200 to 280 and is all-in
Morak97 calls 200
*** RIVER *** [6c Ts 5s 4c][3c]
*** SHOW DOWN ***
Morak97 shows [5d 4d] (Two pairs : 5 and 4)
_SKR shows [9s 7s] (Straight 7 high)
_SKR collected 640 from pot
*** SUMMARY ***
Total pot 640 | No rake
Board: [6c Ts 5s 4c 3c]
Seat 1: _SKR (big blind) showed [9s 7s] and won 640 with Straight 7 high
Seat 2: Morak97 (small blind) (button) showed [5d 4d] and lost with Two pairs : 5 and 4


Winamax Poker - Tournament "Expresso Nitro" buyIn: 1.86€ + 0.14€ level: 4 - HandId: #2696643659729731585-16-1675091544 - Holdem no limit (30/60) - 2023/01/30 15:12:24 UTC
Table: 'Expresso Nitro(627861279)#0' 3-max (real money) Seat #1 is the button
Seat 1: _SKR (640)
Seat 2: Morak97 (260)
*** ANTE/BLINDS ***
_SKR posts small blind 30
Morak97 posts big blind 60
Dealt to _SKR [Qd 2h]
*** PRE-FLOP *** 
_SKR folds
Morak97 collected 90 from pot
*** SUMMARY ***
Total pot 90 | No rake
Seat 2: Morak97 (big blind) won 90


Winamax Poker - Tournament "Expresso Nitro" buyIn: 1.86€ + 0.14€ level: 4 - HandId: #2696643659729731585-17-1675091547 - Holdem no limit (30/60) - 2023/01/30 15:12:27 UTC
Table: 'Expresso Nitro(627861279)#0' 3-max (real money) Seat #2 is the button
Seat 1: _SKR (610)
Seat 2: Morak97 (290)
*** ANTE/BLINDS ***
Morak97 posts small blind 30
_SKR posts big blind 60
Dealt to _SKR [7d Th]
*** PRE-FLOP *** 
Morak97 raises 230 to 290 and is all-in
_SKR folds
Morak97 collected 350 from pot
*** SUMMARY ***
Total pot 350 | No rake
Seat 2: Morak97 (small blind) (button) won 350


Winamax Poker - Tournament "Expresso Nitro" buyIn: 1.86€ + 0.14€ level: 4 - HandId: #2696643659729731585-18-1675091552 - Holdem no limit (30/60) - 2023/01/30 15:12:32 UTC
Table: 'Expresso Nitro(627861279)#0' 3-max (real money) Seat #1 is the button
Seat 1: _SKR (550)
Seat 2: Morak97 (350)
*** ANTE/BLINDS ***
_SKR posts small blind 30
Morak97 posts big blind 60
Dealt to _SKR [3c 5s]
*** PRE-FLOP *** 
_SKR folds
Morak97 collected 90 from pot
*** SUMMARY ***
Total pot 90 | No rake
Seat 2: Morak97 (big blind) won 90


Winamax Poker - Tournament "Expresso Nitro" buyIn: 1.86€ + 0.14€ level: 4 - HandId: #2696643659729731585-19-1675091555 - Holdem no limit (30/60) - 2023/01/30 15:12:35 UTC
Table: 'Expresso Nitro(627861279)#0' 3-max (real money) Seat #2 is the button
Seat 1: _SKR (520)
Seat 2: Morak97 (380)
*** ANTE/BLINDS ***
Morak97 posts small blind 30
_SKR posts big blind 60
Dealt to _SKR [Kd 7s]
*** PRE-FLOP *** 
Morak97 calls 30
_SKR raises 460 to 520 and is all-in
Morak97 folds
_SKR collected 580 from pot
*** SUMMARY ***
Total pot 580 | No rake
Seat 1: _SKR (big blind) won 580


Winamax Poker - Tournament "Expresso Nitro" buyIn: 1.86€ + 0.14€ level: 4 - HandId: #2696643659729731585-20-1675091563 - Holdem no limit (30/60) - 2023/01/30 15:12:43 UTC
Table: 'Expresso Nitro(627861279)#0' 3-max (real money) Seat #1 is the button
Seat 1: _SKR (580)
Seat 2: Morak97 (320)
*** ANTE/BLINDS ***
_SKR posts small blind 30
Morak97 posts big blind 60
Dealt to _SKR [3c Td]
*** PRE-FLOP *** 
_SKR folds
Morak97 collected 90 from pot
*** SUMMARY ***
Total pot 90 | No rake
Seat 2: Morak97 (big blind) won 90


Winamax Poker - Tournament "Expresso Nitro" buyIn: 1.86€ + 0.14€ level: 4 - HandId: #2696643659729731585-21-1675091567 - Holdem no limit (30/60) - 2023/01/30 15:12:47 UTC
Table: 'Expresso Nitro(627861279)#0' 3-max (real money) Seat #2 is the button
Seat 1: _SKR (550)
Seat 2: Morak97 (350)
*** ANTE/BLINDS ***
Morak97 posts small blind 30
_SKR posts big blind 60
Dealt to _SKR [Kd As]
*** PRE-FLOP *** 
Morak97 folds
_SKR collected 90 from pot
*** SUMMARY ***
Total pot 90 | No rake
Seat 1: _SKR (big blind) won 90


Winamax Poker - Tournament "Expresso Nitro" buyIn: 1.86€ + 0.14€ level: 5 - HandId: #2696643659729731585-22-1675091570 - Holdem no limit (40/80) - 2023/01/30 15:12:50 UTC
Table: 'Expresso Nitro(627861279)#0' 3-max (real money) Seat #1 is the button
Seat 1: _SKR (580)
Seat 2: Morak97 (320)
*** ANTE/BLINDS ***
_SKR posts small blind 40
Morak97 posts big blind 80
Dealt to _SKR [Kd 4s]
*** PRE-FLOP *** 
_SKR raises 500 to 580 and is all-in
Morak97 calls 240 and is all-in
*** FLOP *** [Qc Ks As]
*** TURN *** [Qc Ks As][2h]
*** RIVER *** [Qc Ks As 2h][Js]
*** SHOW DOWN ***
_SKR shows [Kd 4s] (One pair : Kings)
Morak97 shows [6d Td] (Straight Ace high)
Morak97 collected 640 from main pot
_SKR collected 260 from side pot 1
*** SUMMARY ***
Total pot 900 | No rake
Board: [Qc Ks As 2h Js]
Seat 1: _SKR (small blind) (button) showed [Kd 4s] and won 260 with One pair : Kings
Seat 2: Morak97 (big blind) showed [6d Td] and won 640 with Straight Ace high


Winamax Poker - Tournament "Expresso Nitro" buyIn: 1.86€ + 0.14€ level: 5 - HandId: #2696643659729731585-23-1675091582 - Holdem no limit (40/80) - 2023/01/30 15:13:02 UTC
Table: 'Expresso Nitro(627861279)#0' 3-max (real money) Seat #2 is the button
Seat 1: _SKR (260)
Seat 2: Morak97 (640)
*** ANTE/BLINDS ***
Morak97 posts small blind 40
_SKR posts big blind 80
Dealt to _SKR [9c 3s]
*** PRE-FLOP *** 
Morak97 raises 560 to 640 and is all-in
_SKR folds
Morak97 collected 720 from pot
*** SUMMARY ***
Total pot 720 | No rake
Seat 2: Morak97 (small blind) (button) won 720


Winamax Poker - Tournament "Expresso Nitro" buyIn: 1.86€ + 0.14€ level: 5 - HandId: #2696643659729731585-24-1675091586 - Holdem no limit (40/80) - 2023/01/30 15:13:06 UTC
Table: 'Expresso Nitro(627861279)#0' 3-max (real money) Seat #1 is the button
Seat 1: _SKR (180)
Seat 2: Morak97 (720)
*** ANTE/BLINDS ***
_SKR posts small blind 40
Morak97 posts big blind 80
Dealt to _SKR [Js Tc]
*** PRE-FLOP *** 
_SKR raises 100 to 180 and is all-in
Morak97 calls 100
*** FLOP *** [6s Ad Qd]
*** TURN *** [6s Ad Qd][9h]
*** RIVER *** [6s Ad Qd 9h][2h]
*** SHOW DOWN ***
Morak97 shows [8h Td] (High card : Ace)
_SKR shows [Js Tc] (High card : Ace)
_SKR collected 360 from pot
*** SUMMARY ***
Total pot 360 | No rake
Board: [6s Ad Qd 9h 2h]
Seat 1: _SKR (small blind) (button) showed [Js Tc] and won 360 with High card : Ace
Seat 2: Morak97 (big blind) showed [8h Td] and lost with High card : Ace


Winamax Poker - Tournament "Expresso Nitro" buyIn: 1.86€ + 0.14€ level: 5 - HandId: #2696643659729731585-25-1675091599 - Holdem no limit (40/80) - 2023/01/30 15:13:19 UTC
Table: 'Expresso Nitro(627861279)#0' 3-max (real money) Seat #2 is the button
Seat 1: _SKR (360)
Seat 2: Morak97 (540)
*** ANTE/BLINDS ***
Morak97 posts small blind 40
_SKR posts big blind 80
Dealt to _SKR [Ad Qs]
*** PRE-FLOP *** 
Morak97 raises 460 to 540 and is all-in
_SKR calls 280 and is all-in
*** FLOP *** [Jc Qh 5d]
*** TURN *** [Jc Qh 5d][6d]
*** RIVER *** [Jc Qh 5d 6d][9s]
*** SHOW DOWN ***
_SKR shows [Ad Qs] (One pair : Queens)
Morak97 shows [6s 8c] (One pair : 6)
Morak97 collected 180 from side pot 1
_SKR collected 720 from main pot
*** SUMMARY ***
Total pot 900 | No rake
Board: [Jc Qh 5d 6d 9s]
Seat 1: _SKR (big blind) showed [Ad Qs] and won 720 with One pair : Queens
Seat 2: Morak97 (small blind) (button) showed [6s 8c] and won 180 with One pair : 6


Winamax Poker - Tournament "Expresso Nitro" buyIn: 1.86€ + 0.14€ level: 5 - HandId: #2696643659729731585-26-1675091611 - Holdem no limit (40/80) - 2023/01/30 15:13:31 UTC
Table: 'Expresso Nitro(627861279)#0' 3-max (real money) Seat #1 is the button
Seat 1: _SKR (720)
Seat 2: Morak97 (180)
*** ANTE/BLINDS ***
_SKR posts small blind 40
Morak97 posts big blind 80
Dealt to _SKR [7d 4d]
*** PRE-FLOP *** 
_SKR raises 640 to 720 and is all-in
Morak97 calls 100 and is all-in
*** FLOP *** [8d Ah Jc]
*** TURN *** [8d Ah Jc][Js]
*** RIVER *** [8d Ah Jc Js][4h]
*** SHOW DOWN ***
Morak97 shows [Qc 7s] (One pair : Jacks)
_SKR shows [7d 4d] (Two pairs : Jacks and 4)
_SKR collected 900 from pot
*** SUMMARY ***
Total pot 900 | No rake
Board: [8d Ah Jc Js 4h]
Seat 1: _SKR (small blind) (button) showed [7d 4d] and won 900 with Two pairs : Jacks and 4
Seat 2: Morak97 (big blind) showed [Qc 7s] and lost with One pair : Jacks


