Winamax Poker - Tournament "Expresso Nitro" buyIn: 0.93€ + 0.07€ level: 1 - HandId: #2717525558794649601-1-1676226313 - Holdem no limit (10/20) - 2023/02/12 18:25:13 UTC
Table: 'Expresso Nitro(632723225)#0' 3-max (real money) Seat #2 is the button
Seat 1: _SKR (300)
Seat 2: Ianfish (300)
Seat 3: -Swampy06- (300)
*** ANTE/BLINDS ***
-Swampy06- posts small blind 10
_SKR posts big blind 20
Dealt to _SKR [Ah Ac]
*** PRE-FLOP *** 
Ianfish raises 280 to 300 and is all-in
-Swampy06- folds
_SKR calls 280 and is all-in
*** FLOP *** [9s 7c Jd]
*** TURN *** [9s 7c Jd][4d]
*** RIVER *** [9s 7c Jd 4d][9c]
*** SHOW DOWN ***
Ianfish shows [Tc As] (One pair : 9)
_SKR shows [Ah Ac] (Two pairs : Aces and 9)
_SKR collected 610 from pot
*** SUMMARY ***
Total pot 610 | No rake
Board: [9s 7c Jd 4d 9c]
Seat 1: _SKR (big blind) showed [Ah Ac] and won 610 with Two pairs : Aces and 9
Seat 2: Ianfish (button) showed [Tc As] and lost with One pair : 9


Winamax Poker - Tournament "Expresso Nitro" buyIn: 0.93€ + 0.07€ level: 1 - HandId: #2717525558794649601-2-1676226328 - Holdem no limit (10/20) - 2023/02/12 18:25:28 UTC
Table: 'Expresso Nitro(632723225)#0' 3-max (real money) Seat #1 is the button
Seat 1: _SKR (610)
Seat 3: -Swampy06- (290)
*** ANTE/BLINDS ***
_SKR posts small blind 10
-Swampy06- posts big blind 20
Dealt to _SKR [3h 8h]
*** PRE-FLOP *** 
_SKR folds
-Swampy06- collected 30 from pot
*** SUMMARY ***
Total pot 30 | No rake
Seat 3: -Swampy06- (big blind) won 30


Winamax Poker - Tournament "Expresso Nitro" buyIn: 0.93€ + 0.07€ level: 1 - HandId: #2717525558794649601-3-1676226332 - Holdem no limit (10/20) - 2023/02/12 18:25:32 UTC
Table: 'Expresso Nitro(632723225)#0' 3-max (real money) Seat #3 is the button
Seat 1: _SKR (600)
Seat 3: -Swampy06- (300)
*** ANTE/BLINDS ***
-Swampy06- posts small blind 10
_SKR posts big blind 20
Dealt to _SKR [8d Kc]
*** PRE-FLOP *** 
-Swampy06- calls 10
_SKR raises 30 to 50
-Swampy06- folds
_SKR collected 70 from pot
*** SUMMARY ***
Total pot 70 | No rake
Seat 1: _SKR (big blind) won 70


Winamax Poker - Tournament "Expresso Nitro" buyIn: 0.93€ + 0.07€ level: 1 - HandId: #2717525558794649601-4-1676226342 - Holdem no limit (10/20) - 2023/02/12 18:25:42 UTC
Table: 'Expresso Nitro(632723225)#0' 3-max (real money) Seat #1 is the button
Seat 1: _SKR (620)
Seat 3: -Swampy06- (280)
*** ANTE/BLINDS ***
_SKR posts small blind 10
-Swampy06- posts big blind 20
Dealt to _SKR [8d 2s]
*** PRE-FLOP *** 
_SKR folds
-Swampy06- collected 30 from pot
*** SUMMARY ***
Total pot 30 | No rake
Seat 3: -Swampy06- (big blind) won 30


Winamax Poker - Tournament "Expresso Nitro" buyIn: 0.93€ + 0.07€ level: 1 - HandId: #2717525558794649601-5-1676226347 - Holdem no limit (10/20) - 2023/02/12 18:25:47 UTC
Table: 'Expresso Nitro(632723225)#0' 3-max (real money) Seat #3 is the button
Seat 1: _SKR (610)
Seat 3: -Swampy06- (290)
*** ANTE/BLINDS ***
-Swampy06- posts small blind 10
_SKR posts big blind 20
Dealt to _SKR [7c 8s]
*** PRE-FLOP *** 
-Swampy06- folds
_SKR collected 30 from pot
*** SUMMARY ***
Total pot 30 | No rake
Seat 1: _SKR (big blind) won 30


Winamax Poker - Tournament "Expresso Nitro" buyIn: 0.93€ + 0.07€ level: 1 - HandId: #2717525558794649601-6-1676226352 - Holdem no limit (10/20) - 2023/02/12 18:25:52 UTC
Table: 'Expresso Nitro(632723225)#0' 3-max (real money) Seat #1 is the button
Seat 1: _SKR (620)
Seat 3: -Swampy06- (280)
*** ANTE/BLINDS ***
_SKR posts small blind 10
-Swampy06- posts big blind 20
Dealt to _SKR [Tc Td]
*** PRE-FLOP *** 
_SKR raises 600 to 620 and is all-in
-Swampy06- calls 260 and is all-in
*** FLOP *** [Kh 3c Ks]
*** TURN *** [Kh 3c Ks][3h]
*** RIVER *** [Kh 3c Ks 3h][9c]
*** SHOW DOWN ***
-Swampy06- shows [7d Ac] (Two pairs : Kings and 3)
_SKR shows [Tc Td] (Two pairs : Kings and Tens)
_SKR collected 900 from pot
*** SUMMARY ***
Total pot 900 | No rake
Board: [Kh 3c Ks 3h 9c]
Seat 1: _SKR (small blind) (button) showed [Tc Td] and won 900 with Two pairs : Kings and Tens
Seat 3: -Swampy06- (big blind) showed [7d Ac] and lost with Two pairs : Kings and 3


