Winamax Poker - Tournament "Expresso Nitro" buyIn: 1.86€ + 0.14€ level: 1 - HandId: #2696667290639794177-1-1675092485 - Holdem no limit (10/20) - 2023/01/30 15:28:05 UTC
Table: 'Expresso Nitro(627866781)#0' 3-max (real money) Seat #1 is the button
Seat 1: Mehdi81win (300)
Seat 2: _SKR (300)
Seat 3: fl0769 (300)
*** ANTE/BLINDS ***
_SKR posts small blind 10
fl0769 posts big blind 20
Dealt to _SKR [8c 9c]
*** PRE-FLOP *** 
Mehdi81win calls 20
_SKR folds
fl0769 checks
*** FLOP *** [3c Ts 2h]
fl0769 bets 20
Mehdi81win calls 20
*** TURN *** [3c Ts 2h][3h]
fl0769 bets 90
Mehdi81win folds
fl0769 collected 180 from pot
*** SUMMARY ***
Total pot 180 | No rake
Board: [3c Ts 2h 3h]
Seat 3: fl0769 (big blind) won 180


Winamax Poker - Tournament "Expresso Nitro" buyIn: 1.86€ + 0.14€ level: 1 - HandId: #2696667290639794177-2-1675092507 - Holdem no limit (10/20) - 2023/01/30 15:28:27 UTC
Table: 'Expresso Nitro(627866781)#0' 3-max (real money) Seat #2 is the button
Seat 1: Mehdi81win (260)
Seat 2: _SKR (290)
Seat 3: fl0769 (350)
*** ANTE/BLINDS ***
fl0769 posts small blind 10
Mehdi81win posts big blind 20
Dealt to _SKR [5d Kh]
*** PRE-FLOP *** 
_SKR folds
fl0769 calls 10
Mehdi81win checks
*** FLOP *** [7s 7c Ks]
fl0769 bets 26
Mehdi81win calls 26
*** TURN *** [7s 7c Ks][Th]
fl0769 checks
Mehdi81win checks
*** RIVER *** [7s 7c Ks Th][As]
fl0769 checks
Mehdi81win bets 214 and is all-in
fl0769 folds
Mehdi81win collected 306 from pot
*** SUMMARY ***
Total pot 306 | No rake
Board: [7s 7c Ks Th As]
Seat 1: Mehdi81win (big blind) won 306


Winamax Poker - Tournament "Expresso Nitro" buyIn: 1.86€ + 0.14€ level: 2 - HandId: #2696667290639794177-3-1675092544 - Holdem no limit (15/30) - 2023/01/30 15:29:04 UTC
Table: 'Expresso Nitro(627866781)#0' 3-max (real money) Seat #3 is the button
Seat 1: Mehdi81win (306)
Seat 2: _SKR (290)
Seat 3: fl0769 (304)
*** ANTE/BLINDS ***
Mehdi81win posts small blind 15
_SKR posts big blind 30
Dealt to _SKR [5s 4h]
*** PRE-FLOP *** 
fl0769 raises 274 to 304 and is all-in
Mehdi81win folds
_SKR folds
fl0769 collected 349 from pot
*** SUMMARY ***
Total pot 349 | No rake
Seat 3: fl0769 (button) won 349


Winamax Poker - Tournament "Expresso Nitro" buyIn: 1.86€ + 0.14€ level: 2 - HandId: #2696667290639794177-4-1675092564 - Holdem no limit (15/30) - 2023/01/30 15:29:24 UTC
Table: 'Expresso Nitro(627866781)#0' 3-max (real money) Seat #1 is the button
Seat 1: Mehdi81win (291)
Seat 2: _SKR (260)
Seat 3: fl0769 (349)
*** ANTE/BLINDS ***
_SKR posts small blind 15
fl0769 posts big blind 30
Dealt to _SKR [9s 8d]
*** PRE-FLOP *** 
Mehdi81win folds
_SKR folds
fl0769 collected 45 from pot
*** SUMMARY ***
Total pot 45 | No rake
Seat 3: fl0769 (big blind) won 45


Winamax Poker - Tournament "Expresso Nitro" buyIn: 1.86€ + 0.14€ level: 2 - HandId: #2696667290639794177-5-1675092571 - Holdem no limit (15/30) - 2023/01/30 15:29:31 UTC
Table: 'Expresso Nitro(627866781)#0' 3-max (real money) Seat #2 is the button
Seat 1: Mehdi81win (291)
Seat 2: _SKR (245)
Seat 3: fl0769 (364)
*** ANTE/BLINDS ***
fl0769 posts small blind 15
Mehdi81win posts big blind 30
Dealt to _SKR [Js 4h]
*** PRE-FLOP *** 
_SKR folds
fl0769 calls 15
Mehdi81win checks
*** FLOP *** [3s 2c 9c]
fl0769 bets 60
Mehdi81win folds
fl0769 collected 120 from pot
*** SUMMARY ***
Total pot 120 | No rake
Board: [3s 2c 9c]
Seat 3: fl0769 (small blind) won 120


Winamax Poker - Tournament "Expresso Nitro" buyIn: 1.86€ + 0.14€ level: 2 - HandId: #2696667290639794177-6-1675092598 - Holdem no limit (15/30) - 2023/01/30 15:29:58 UTC
Table: 'Expresso Nitro(627866781)#0' 3-max (real money) Seat #3 is the button
Seat 1: Mehdi81win (261)
Seat 2: _SKR (245)
Seat 3: fl0769 (394)
*** ANTE/BLINDS ***
Mehdi81win posts small blind 15
_SKR posts big blind 30
Dealt to _SKR [2h Ac]
*** PRE-FLOP *** 
fl0769 calls 30
Mehdi81win calls 15
_SKR raises 215 to 245 and is all-in
fl0769 folds
Mehdi81win folds
_SKR collected 305 from pot
*** SUMMARY ***
Total pot 305 | No rake
Seat 2: _SKR (big blind) won 305


Winamax Poker - Tournament "Expresso Nitro" buyIn: 1.86€ + 0.14€ level: 3 - HandId: #2696667290639794177-7-1675092619 - Holdem no limit (20/40) - 2023/01/30 15:30:19 UTC
Table: 'Expresso Nitro(627866781)#0' 3-max (real money) Seat #1 is the button
Seat 1: Mehdi81win (231)
Seat 2: _SKR (305)
Seat 3: fl0769 (364)
*** ANTE/BLINDS ***
_SKR posts small blind 20
fl0769 posts big blind 40
Dealt to _SKR [2d Qd]
*** PRE-FLOP *** 
Mehdi81win raises 191 to 231 and is all-in
_SKR folds
fl0769 folds
Mehdi81win collected 291 from pot
*** SUMMARY ***
Total pot 291 | No rake
Seat 1: Mehdi81win (button) won 291


Winamax Poker - Tournament "Expresso Nitro" buyIn: 1.86€ + 0.14€ level: 3 - HandId: #2696667290639794177-8-1675092631 - Holdem no limit (20/40) - 2023/01/30 15:30:31 UTC
Table: 'Expresso Nitro(627866781)#0' 3-max (real money) Seat #2 is the button
Seat 1: Mehdi81win (291)
Seat 2: _SKR (285)
Seat 3: fl0769 (324)
*** ANTE/BLINDS ***
fl0769 posts small blind 20
Mehdi81win posts big blind 40
Dealt to _SKR [3s Js]
*** PRE-FLOP *** 
_SKR folds
fl0769 calls 20
Mehdi81win checks
*** FLOP *** [Ks As Qs]
fl0769 bets 40
Mehdi81win folds
fl0769 collected 120 from pot
*** SUMMARY ***
Total pot 120 | No rake
Board: [Ks As Qs]
Seat 3: fl0769 (small blind) won 120


Winamax Poker - Tournament "Expresso Nitro" buyIn: 1.86€ + 0.14€ level: 3 - HandId: #2696667290639794177-9-1675092652 - Holdem no limit (20/40) - 2023/01/30 15:30:52 UTC
Table: 'Expresso Nitro(627866781)#0' 3-max (real money) Seat #3 is the button
Seat 1: Mehdi81win (251)
Seat 2: _SKR (285)
Seat 3: fl0769 (364)
*** ANTE/BLINDS ***
Mehdi81win posts small blind 20
_SKR posts big blind 40
Dealt to _SKR [Js 4d]
*** PRE-FLOP *** 
fl0769 folds
Mehdi81win folds
_SKR collected 60 from pot
*** SUMMARY ***
Total pot 60 | No rake
Seat 2: _SKR (big blind) won 60


Winamax Poker - Tournament "Expresso Nitro" buyIn: 1.86€ + 0.14€ level: 3 - HandId: #2696667290639794177-10-1675092658 - Holdem no limit (20/40) - 2023/01/30 15:30:58 UTC
Table: 'Expresso Nitro(627866781)#0' 3-max (real money) Seat #1 is the button
Seat 1: Mehdi81win (231)
Seat 2: _SKR (305)
Seat 3: fl0769 (364)
*** ANTE/BLINDS ***
_SKR posts small blind 20
fl0769 posts big blind 40
Dealt to _SKR [3c Jd]
*** PRE-FLOP *** 
Mehdi81win folds
_SKR folds
fl0769 collected 60 from pot
*** SUMMARY ***
Total pot 60 | No rake
Seat 3: fl0769 (big blind) won 60


Winamax Poker - Tournament "Expresso Nitro" buyIn: 1.86€ + 0.14€ level: 4 - HandId: #2696667290639794177-11-1675092672 - Holdem no limit (30/60) - 2023/01/30 15:31:12 UTC
Table: 'Expresso Nitro(627866781)#0' 3-max (real money) Seat #2 is the button
Seat 1: Mehdi81win (231)
Seat 2: _SKR (285)
Seat 3: fl0769 (384)
*** ANTE/BLINDS ***
fl0769 posts small blind 30
Mehdi81win posts big blind 60
Dealt to _SKR [3d 2c]
*** PRE-FLOP *** 
_SKR folds
fl0769 calls 30
Mehdi81win raises 171 to 231 and is all-in
fl0769 calls 171
*** FLOP *** [3h Qh Tc]
*** TURN *** [3h Qh Tc][9d]
*** RIVER *** [3h Qh Tc 9d][7c]
*** SHOW DOWN ***
fl0769 shows [Jh 9s] (One pair : 9)
Mehdi81win shows [Ah Td] (One pair : Tens)
Mehdi81win collected 462 from pot
*** SUMMARY ***
Total pot 462 | No rake
Board: [3h Qh Tc 9d 7c]
Seat 1: Mehdi81win (big blind) showed [Ah Td] and won 462 with One pair : Tens
Seat 3: fl0769 (small blind) showed [Jh 9s] and lost with One pair : 9


Winamax Poker - Tournament "Expresso Nitro" buyIn: 1.86€ + 0.14€ level: 4 - HandId: #2696667290639794177-12-1675092711 - Holdem no limit (30/60) - 2023/01/30 15:31:51 UTC
Table: 'Expresso Nitro(627866781)#0' 3-max (real money) Seat #3 is the button
Seat 1: Mehdi81win (462)
Seat 2: _SKR (285)
Seat 3: fl0769 (153)
*** ANTE/BLINDS ***
Mehdi81win posts small blind 30
_SKR posts big blind 60
Dealt to _SKR [2d 9c]
*** PRE-FLOP *** 
fl0769 folds
Mehdi81win calls 30
_SKR checks
*** FLOP *** [Jh 8s Qc]
Mehdi81win checks
_SKR checks
*** TURN *** [Jh 8s Qc][2h]
Mehdi81win bets 402 and is all-in
_SKR folds
Mehdi81win collected 522 from pot
*** SUMMARY ***
Total pot 522 | No rake
Board: [Jh 8s Qc 2h]
Seat 1: Mehdi81win (small blind) won 522


Winamax Poker - Tournament "Expresso Nitro" buyIn: 1.86€ + 0.14€ level: 5 - HandId: #2696667290639794177-13-1675092741 - Holdem no limit (40/80) - 2023/01/30 15:32:21 UTC
Table: 'Expresso Nitro(627866781)#0' 3-max (real money) Seat #1 is the button
Seat 1: Mehdi81win (522)
Seat 2: _SKR (225)
Seat 3: fl0769 (153)
*** ANTE/BLINDS ***
_SKR posts small blind 40
fl0769 posts big blind 80
Dealt to _SKR [Ts Td]
*** PRE-FLOP *** 
Mehdi81win folds
_SKR raises 145 to 225 and is all-in
fl0769 calls 73 and is all-in
*** FLOP *** [5s 7s Tc]
*** TURN *** [5s 7s Tc][Ad]
*** RIVER *** [5s 7s Tc Ad][Qc]
*** SHOW DOWN ***
fl0769 shows [4d 2s] (High card : Ace)
_SKR shows [Ts Td] (Trips of Tens)
_SKR collected 378 from pot
*** SUMMARY ***
Total pot 378 | No rake
Board: [5s 7s Tc Ad Qc]
Seat 2: _SKR (small blind) showed [Ts Td] and won 378 with Trips of Tens
Seat 3: fl0769 (big blind) showed [4d 2s] and lost with High card : Ace


Winamax Poker - Tournament "Expresso Nitro" buyIn: 1.86€ + 0.14€ level: 5 - HandId: #2696667290639794177-14-1675092766 - Holdem no limit (40/80) - 2023/01/30 15:32:46 UTC
Table: 'Expresso Nitro(627866781)#0' 3-max (real money) Seat #1 is the button
Seat 1: Mehdi81win (522)
Seat 2: _SKR (378)
*** ANTE/BLINDS ***
Mehdi81win posts small blind 40
_SKR posts big blind 80
Dealt to _SKR [8h 8s]
*** PRE-FLOP *** 
Mehdi81win folds
_SKR collected 120 from pot
*** SUMMARY ***
Total pot 120 | No rake
Seat 2: _SKR (big blind) won 120


Winamax Poker - Tournament "Expresso Nitro" buyIn: 1.86€ + 0.14€ level: 5 - HandId: #2696667290639794177-15-1675092780 - Holdem no limit (40/80) - 2023/01/30 15:33:00 UTC
Table: 'Expresso Nitro(627866781)#0' 3-max (real money) Seat #2 is the button
Seat 1: Mehdi81win (482)
Seat 2: _SKR (418)
*** ANTE/BLINDS ***
_SKR posts small blind 40
Mehdi81win posts big blind 80
Dealt to _SKR [2d 4c]
*** PRE-FLOP *** 
_SKR folds
Mehdi81win collected 120 from pot
*** SUMMARY ***
Total pot 120 | No rake
Seat 1: Mehdi81win (big blind) won 120


Winamax Poker - Tournament "Expresso Nitro" buyIn: 1.86€ + 0.14€ level: 6 - HandId: #2696667290639794177-16-1675092783 - Holdem no limit (50/100) - 2023/01/30 15:33:03 UTC
Table: 'Expresso Nitro(627866781)#0' 3-max (real money) Seat #1 is the button
Seat 1: Mehdi81win (522)
Seat 2: _SKR (378)
*** ANTE/BLINDS ***
Mehdi81win posts small blind 50
_SKR posts big blind 100
Dealt to _SKR [6s 5h]
*** PRE-FLOP *** 
Mehdi81win calls 50
_SKR raises 278 to 378 and is all-in
Mehdi81win folds
_SKR collected 478 from pot
*** SUMMARY ***
Total pot 478 | No rake
Seat 2: _SKR (big blind) won 478


Winamax Poker - Tournament "Expresso Nitro" buyIn: 1.86€ + 0.14€ level: 6 - HandId: #2696667290639794177-17-1675092813 - Holdem no limit (50/100) - 2023/01/30 15:33:33 UTC
Table: 'Expresso Nitro(627866781)#0' 3-max (real money) Seat #2 is the button
Seat 1: Mehdi81win (422)
Seat 2: _SKR (478)
*** ANTE/BLINDS ***
_SKR posts small blind 50
Mehdi81win posts big blind 100
Dealt to _SKR [Td 2s]
*** PRE-FLOP *** 
_SKR folds
Mehdi81win collected 150 from pot
*** SUMMARY ***
Total pot 150 | No rake
Seat 1: Mehdi81win (big blind) won 150


Winamax Poker - Tournament "Expresso Nitro" buyIn: 1.86€ + 0.14€ level: 6 - HandId: #2696667290639794177-18-1675092817 - Holdem no limit (50/100) - 2023/01/30 15:33:37 UTC
Table: 'Expresso Nitro(627866781)#0' 3-max (real money) Seat #1 is the button
Seat 1: Mehdi81win (472)
Seat 2: _SKR (428)
*** ANTE/BLINDS ***
Mehdi81win posts small blind 50
_SKR posts big blind 100
Dealt to _SKR [Jh 3h]
*** PRE-FLOP *** 
Mehdi81win folds
_SKR collected 150 from pot
*** SUMMARY ***
Total pot 150 | No rake
Seat 2: _SKR (big blind) won 150


Winamax Poker - Tournament "Expresso Nitro" buyIn: 1.86€ + 0.14€ level: 6 - HandId: #2696667290639794177-19-1675092828 - Holdem no limit (50/100) - 2023/01/30 15:33:48 UTC
Table: 'Expresso Nitro(627866781)#0' 3-max (real money) Seat #2 is the button
Seat 1: Mehdi81win (422)
Seat 2: _SKR (478)
*** ANTE/BLINDS ***
_SKR posts small blind 50
Mehdi81win posts big blind 100
Dealt to _SKR [7c Qh]
*** PRE-FLOP *** 
_SKR raises 378 to 478 and is all-in
Mehdi81win calls 322 and is all-in
*** FLOP *** [Jc 7h Js]
*** TURN *** [Jc 7h Js][2h]
*** RIVER *** [Jc 7h Js 2h][3h]
*** SHOW DOWN ***
Mehdi81win shows [Ad Ks] (One pair : Jacks)
_SKR shows [7c Qh] (Two pairs : Jacks and 7)
_SKR collected 900 from pot
*** SUMMARY ***
Total pot 900 | No rake
Board: [Jc 7h Js 2h 3h]
Seat 1: Mehdi81win (big blind) showed [Ad Ks] and lost with One pair : Jacks
Seat 2: _SKR (small blind) (button) showed [7c Qh] and won 900 with Two pairs : Jacks and 7


