Winamax Poker - Tournament "Expresso Nitro" buyIn: 0.93€ + 0.07€ level: 1 - HandId: #2717604766581522433-1-1676228579 - Holdem no limit (10/20) - 2023/02/12 19:02:59 UTC
Table: 'Expresso Nitro(632741667)#0' 3-max (real money) Seat #3 is the button
Seat 1: _LuisG98_ (300)
Seat 2: Sayerclemili (300)
Seat 3: _SKR (300)
*** ANTE/BLINDS ***
_LuisG98_ posts small blind 10
Sayerclemili posts big blind 20
Dealt to _SKR [3s 4d]
*** PRE-FLOP *** 
_SKR folds
_LuisG98_ calls 10
Sayerclemili checks
*** FLOP *** [4s 3c As]
_LuisG98_ bets 26
Sayerclemili folds
_LuisG98_ collected 66 from pot
*** SUMMARY ***
Total pot 66 | No rake
Board: [4s 3c As]
Seat 1: _LuisG98_ (small blind) won 66


Winamax Poker - Tournament "Expresso Nitro" buyIn: 0.93€ + 0.07€ level: 1 - HandId: #2717604766581522433-2-1676228604 - Holdem no limit (10/20) - 2023/02/12 19:03:24 UTC
Table: 'Expresso Nitro(632741667)#0' 3-max (real money) Seat #1 is the button
Seat 1: _LuisG98_ (320)
Seat 2: Sayerclemili (280)
Seat 3: _SKR (300)
*** ANTE/BLINDS ***
Sayerclemili posts small blind 10
_SKR posts big blind 20
Dealt to _SKR [Qd Ac]
*** PRE-FLOP *** 
_LuisG98_ folds
Sayerclemili folds
_SKR collected 30 from pot
*** SUMMARY ***
Total pot 30 | No rake
Seat 3: _SKR (big blind) won 30


Winamax Poker - Tournament "Expresso Nitro" buyIn: 0.93€ + 0.07€ level: 1 - HandId: #2717604766581522433-3-1676228617 - Holdem no limit (10/20) - 2023/02/12 19:03:37 UTC
Table: 'Expresso Nitro(632741667)#0' 3-max (real money) Seat #2 is the button
Seat 1: _LuisG98_ (320)
Seat 2: Sayerclemili (270)
Seat 3: _SKR (310)
*** ANTE/BLINDS ***
_SKR posts small blind 10
_LuisG98_ posts big blind 20
Dealt to _SKR [6s As]
*** PRE-FLOP *** 
Sayerclemili calls 20
_SKR raises 290 to 310 and is all-in
_LuisG98_ calls 290
Sayerclemili folds
*** FLOP *** [8h 5d 6d]
*** TURN *** [8h 5d 6d][Kd]
*** RIVER *** [8h 5d 6d Kd][5c]
*** SHOW DOWN ***
_SKR shows [6s As] (Two pairs : 6 and 5)
_LuisG98_ shows [Ad 8c] (Two pairs : 8 and 5)
_LuisG98_ collected 640 from pot
*** SUMMARY ***
Total pot 640 | No rake
Board: [8h 5d 6d Kd 5c]
Seat 1: _LuisG98_ (big blind) showed [Ad 8c] and won 640 with Two pairs : 8 and 5
Seat 3: _SKR (small blind) showed [6s As] and lost with Two pairs : 6 and 5


