Winamax Poker - Tournament "Expresso Nitro" buyIn: 1.86€ + 0.14€ level: 1 - HandId: #2698200001258979329-1-1675185230 - Holdem no limit (10/20) - 2023/01/31 17:13:50 UTC
Table: 'Expresso Nitro(628223643)#0' 3-max (real money) Seat #1 is the button
Seat 1: warmo04 (300)
Seat 2: _SKR (300)
Seat 3: itsmopo (300)
*** ANTE/BLINDS ***
_SKR posts small blind 10
itsmopo posts big blind 20
Dealt to _SKR [6d 4h]
*** PRE-FLOP *** 
warmo04 calls 20
_SKR folds
itsmopo checks
*** FLOP *** [3d 4d 5d]
itsmopo bets 33
warmo04 raises 33 to 66
itsmopo calls 33
*** TURN *** [3d 4d 5d][6h]
itsmopo checks
warmo04 bets 64
itsmopo calls 64
*** RIVER *** [3d 4d 5d 6h][Ac]
itsmopo checks
warmo04 checks
*** SHOW DOWN ***
itsmopo shows [Qc 8d] (High card : Ace)
warmo04 shows [5s Js] (One pair : 5)
warmo04 collected 310 from pot
*** SUMMARY ***
Total pot 310 | No rake
Board: [3d 4d 5d 6h Ac]
Seat 1: warmo04 (button) showed [5s Js] and won 310 with One pair : 5
Seat 3: itsmopo (big blind) showed [Qc 8d] and lost with High card : Ace


Winamax Poker - Tournament "Expresso Nitro" buyIn: 1.86€ + 0.14€ level: 1 - HandId: #2698200001258979329-2-1675185265 - Holdem no limit (10/20) - 2023/01/31 17:14:25 UTC
Table: 'Expresso Nitro(628223643)#0' 3-max (real money) Seat #2 is the button
Seat 1: warmo04 (460)
Seat 2: _SKR (290)
Seat 3: itsmopo (150)
*** ANTE/BLINDS ***
itsmopo posts small blind 10
warmo04 posts big blind 20
Dealt to _SKR [2c Td]
*** PRE-FLOP *** 
_SKR folds
itsmopo calls 10
warmo04 raises 40 to 60
itsmopo calls 40
*** FLOP *** [3h 9d Ad]
itsmopo bets 90 and is all-in
warmo04 calls 90
*** TURN *** [3h 9d Ad][7s]
*** RIVER *** [3h 9d Ad 7s][Qd]
*** SHOW DOWN ***
itsmopo shows [Qh 9c] (Two pairs : Queens and 9)
warmo04 shows [3s As] (Two pairs : Aces and 3)
warmo04 collected 300 from pot
*** SUMMARY ***
Total pot 300 | No rake
Board: [3h 9d Ad 7s Qd]
Seat 1: warmo04 (big blind) showed [3s As] and won 300 with Two pairs : Aces and 3
Seat 3: itsmopo (small blind) showed [Qh 9c] and lost with Two pairs : Queens and 9


Winamax Poker - Tournament "Expresso Nitro" buyIn: 1.86€ + 0.14€ level: 2 - HandId: #2698200001258979329-3-1675185286 - Holdem no limit (15/30) - 2023/01/31 17:14:46 UTC
Table: 'Expresso Nitro(628223643)#0' 3-max (real money) Seat #1 is the button
Seat 1: warmo04 (610)
Seat 2: _SKR (290)
*** ANTE/BLINDS ***
warmo04 posts small blind 15
_SKR posts big blind 30
Dealt to _SKR [3s 9c]
*** PRE-FLOP *** 
warmo04 calls 15
_SKR checks
*** FLOP *** [Ac Ad 4h]
_SKR checks
warmo04 checks
*** TURN *** [Ac Ad 4h][Jd]
_SKR checks
warmo04 bets 30
_SKR folds
warmo04 collected 90 from pot
*** SUMMARY ***
Total pot 90 | No rake
Board: [Ac Ad 4h Jd]
Seat 1: warmo04 (small blind) (button) won 90


Winamax Poker - Tournament "Expresso Nitro" buyIn: 1.86€ + 0.14€ level: 2 - HandId: #2698200001258979329-4-1675185321 - Holdem no limit (15/30) - 2023/01/31 17:15:21 UTC
Table: 'Expresso Nitro(628223643)#0' 3-max (real money) Seat #2 is the button
Seat 1: warmo04 (640)
Seat 2: _SKR (260)
*** ANTE/BLINDS ***
_SKR posts small blind 15
warmo04 posts big blind 30
Dealt to _SKR [Kd Js]
*** PRE-FLOP *** 
_SKR raises 230 to 260 and is all-in
warmo04 folds
_SKR collected 290 from pot
*** SUMMARY ***
Total pot 290 | No rake
Seat 2: _SKR (small blind) (button) won 290


Winamax Poker - Tournament "Expresso Nitro" buyIn: 1.86€ + 0.14€ level: 2 - HandId: #2698200001258979329-5-1675185336 - Holdem no limit (15/30) - 2023/01/31 17:15:36 UTC
Table: 'Expresso Nitro(628223643)#0' 3-max (real money) Seat #1 is the button
Seat 1: warmo04 (610)
Seat 2: _SKR (290)
*** ANTE/BLINDS ***
warmo04 posts small blind 15
_SKR posts big blind 30
Dealt to _SKR [Qc 8s]
*** PRE-FLOP *** 
warmo04 calls 15
_SKR raises 260 to 290 and is all-in
warmo04 folds
_SKR collected 320 from pot
*** SUMMARY ***
Total pot 320 | No rake
Seat 2: _SKR (big blind) won 320


Winamax Poker - Tournament "Expresso Nitro" buyIn: 1.86€ + 0.14€ level: 3 - HandId: #2698200001258979329-6-1675185347 - Holdem no limit (20/40) - 2023/01/31 17:15:47 UTC
Table: 'Expresso Nitro(628223643)#0' 3-max (real money) Seat #2 is the button
Seat 1: warmo04 (580)
Seat 2: _SKR (320)
*** ANTE/BLINDS ***
_SKR posts small blind 20
warmo04 posts big blind 40
Dealt to _SKR [4c 3s]
*** PRE-FLOP *** 
_SKR folds
warmo04 collected 60 from pot
*** SUMMARY ***
Total pot 60 | No rake
Seat 1: warmo04 (big blind) won 60


Winamax Poker - Tournament "Expresso Nitro" buyIn: 1.86€ + 0.14€ level: 3 - HandId: #2698200001258979329-7-1675185351 - Holdem no limit (20/40) - 2023/01/31 17:15:51 UTC
Table: 'Expresso Nitro(628223643)#0' 3-max (real money) Seat #1 is the button
Seat 1: warmo04 (600)
Seat 2: _SKR (300)
*** ANTE/BLINDS ***
warmo04 posts small blind 20
_SKR posts big blind 40
Dealt to _SKR [Ts Ks]
*** PRE-FLOP *** 
warmo04 raises 60 to 100
_SKR raises 200 to 300 and is all-in
warmo04 calls 200
*** FLOP *** [Js 6c 8d]
*** TURN *** [Js 6c 8d][As]
*** RIVER *** [Js 6c 8d As][6h]
*** SHOW DOWN ***
_SKR shows [Ts Ks] (One pair : 6)
warmo04 shows [Ah Kd] (Two pairs : Aces and 6)
warmo04 collected 600 from pot
*** SUMMARY ***
Total pot 600 | No rake
Board: [Js 6c 8d As 6h]
Seat 1: warmo04 (small blind) (button) showed [Ah Kd] and won 600 with Two pairs : Aces and 6
Seat 2: _SKR (big blind) showed [Ts Ks] and lost with One pair : 6


