Winamax Poker - Tournament "Expresso Nitro" buyIn: 0.93€ + 0.07€ level: 1 - HandId: #2690554611579748353-1-1674685749 - Holdem no limit (10/20) - 2023/01/25 22:29:09 UTC
Table: 'Expresso Nitro(626443562)#0' 3-max (real money) Seat #2 is the button
Seat 1: _SKR (300)
Seat 2: Rap.exe (300)
Seat 3: popott31 (300)
*** ANTE/BLINDS ***
popott31 posts small blind 10
_SKR posts big blind 20
Dealt to _SKR [8h 9d]
*** PRE-FLOP *** 
Rap.exe folds
popott31 calls 10
_SKR checks
*** FLOP *** [Kh 7h 7s]
popott31 bets 40
_SKR folds
popott31 collected 80 from pot
*** SUMMARY ***
Total pot 80 | No rake
Board: [Kh 7h 7s]
Seat 3: popott31 (small blind) won 80


Winamax Poker - Tournament "Expresso Nitro" buyIn: 0.93€ + 0.07€ level: 1 - HandId: #2690554611579748353-2-1674685765 - Holdem no limit (10/20) - 2023/01/25 22:29:25 UTC
Table: 'Expresso Nitro(626443562)#0' 3-max (real money) Seat #3 is the button
Seat 1: _SKR (280)
Seat 2: Rap.exe (300)
Seat 3: popott31 (320)
*** ANTE/BLINDS ***
_SKR posts small blind 10
Rap.exe posts big blind 20
Dealt to _SKR [2c Tc]
*** PRE-FLOP *** 
popott31 calls 20
_SKR folds
Rap.exe checks
*** FLOP *** [8c 7d Qs]
Rap.exe checks
popott31 bets 50
Rap.exe folds
popott31 collected 100 from pot
*** SUMMARY ***
Total pot 100 | No rake
Board: [8c 7d Qs]
Seat 3: popott31 (button) won 100


Winamax Poker - Tournament "Expresso Nitro" buyIn: 0.93€ + 0.07€ level: 1 - HandId: #2690554611579748353-3-1674685792 - Holdem no limit (10/20) - 2023/01/25 22:29:52 UTC
Table: 'Expresso Nitro(626443562)#0' 3-max (real money) Seat #1 is the button
Seat 1: _SKR (270)
Seat 2: Rap.exe (280)
Seat 3: popott31 (350)
*** ANTE/BLINDS ***
Rap.exe posts small blind 10
popott31 posts big blind 20
Dealt to _SKR [5h 3c]
*** PRE-FLOP *** 
_SKR folds
Rap.exe calls 10
popott31 checks
*** FLOP *** [Ks 7s Kh]
Rap.exe checks
popott31 bets 20
Rap.exe calls 20
*** TURN *** [Ks 7s Kh][4d]
Rap.exe checks
popott31 bets 20
Rap.exe calls 20
*** RIVER *** [Ks 7s Kh 4d][Kc]
Rap.exe checks
popott31 bets 120
Rap.exe folds
popott31 collected 240 from pot
*** SUMMARY ***
Total pot 240 | No rake
Board: [Ks 7s Kh 4d Kc]
Seat 3: popott31 (big blind) won 240


Winamax Poker - Tournament "Expresso Nitro" buyIn: 0.93€ + 0.07€ level: 2 - HandId: #2690554611579748353-4-1674685827 - Holdem no limit (15/30) - 2023/01/25 22:30:27 UTC
Table: 'Expresso Nitro(626443562)#0' 3-max (real money) Seat #2 is the button
Seat 1: _SKR (270)
Seat 2: Rap.exe (220)
Seat 3: popott31 (410)
*** ANTE/BLINDS ***
popott31 posts small blind 15
_SKR posts big blind 30
Dealt to _SKR [4d 8s]
*** PRE-FLOP *** 
Rap.exe folds
popott31 raises 380 to 410 and is all-in
_SKR folds
popott31 collected 440 from pot
*** SUMMARY ***
Total pot 440 | No rake
Seat 3: popott31 (small blind) won 440


Winamax Poker - Tournament "Expresso Nitro" buyIn: 0.93€ + 0.07€ level: 2 - HandId: #2690554611579748353-5-1674685843 - Holdem no limit (15/30) - 2023/01/25 22:30:43 UTC
Table: 'Expresso Nitro(626443562)#0' 3-max (real money) Seat #3 is the button
Seat 1: _SKR (240)
Seat 2: Rap.exe (220)
Seat 3: popott31 (440)
*** ANTE/BLINDS ***
_SKR posts small blind 15
Rap.exe posts big blind 30
Dealt to _SKR [6h Ad]
*** PRE-FLOP *** 
popott31 folds
_SKR raises 210 to 240 and is all-in
Rap.exe folds
_SKR collected 270 from pot
*** SUMMARY ***
Total pot 270 | No rake
Seat 1: _SKR (small blind) won 270


Winamax Poker - Tournament "Expresso Nitro" buyIn: 0.93€ + 0.07€ level: 2 - HandId: #2690554611579748353-6-1674685854 - Holdem no limit (15/30) - 2023/01/25 22:30:54 UTC
Table: 'Expresso Nitro(626443562)#0' 3-max (real money) Seat #1 is the button
Seat 1: _SKR (270)
Seat 2: Rap.exe (190)
Seat 3: popott31 (440)
*** ANTE/BLINDS ***
Rap.exe posts small blind 15
popott31 posts big blind 30
Dealt to _SKR [Ks 2s]
*** PRE-FLOP *** 
_SKR folds
Rap.exe calls 15
popott31 raises 410 to 440 and is all-in
Rap.exe folds
popott31 collected 470 from pot
*** SUMMARY ***
Total pot 470 | No rake
Seat 3: popott31 (big blind) won 470


Winamax Poker - Tournament "Expresso Nitro" buyIn: 0.93€ + 0.07€ level: 3 - HandId: #2690554611579748353-7-1674685871 - Holdem no limit (20/40) - 2023/01/25 22:31:11 UTC
Table: 'Expresso Nitro(626443562)#0' 3-max (real money) Seat #2 is the button
Seat 1: _SKR (270)
Seat 2: Rap.exe (160)
Seat 3: popott31 (470)
*** ANTE/BLINDS ***
popott31 posts small blind 20
_SKR posts big blind 40
Dealt to _SKR [8s 6c]
*** PRE-FLOP *** 
Rap.exe raises 40 to 80
popott31 folds
_SKR folds
Rap.exe collected 140 from pot
*** SUMMARY ***
Total pot 140 | No rake
Seat 2: Rap.exe (button) won 140


Winamax Poker - Tournament "Expresso Nitro" buyIn: 0.93€ + 0.07€ level: 3 - HandId: #2690554611579748353-8-1674685881 - Holdem no limit (20/40) - 2023/01/25 22:31:21 UTC
Table: 'Expresso Nitro(626443562)#0' 3-max (real money) Seat #3 is the button
Seat 1: _SKR (230)
Seat 2: Rap.exe (220)
Seat 3: popott31 (450)
*** ANTE/BLINDS ***
_SKR posts small blind 20
Rap.exe posts big blind 40
Dealt to _SKR [4c 9d]
*** PRE-FLOP *** 
popott31 folds
_SKR folds
Rap.exe collected 60 from pot
*** SUMMARY ***
Total pot 60 | No rake
Seat 2: Rap.exe (big blind) won 60


Winamax Poker - Tournament "Expresso Nitro" buyIn: 0.93€ + 0.07€ level: 3 - HandId: #2690554611579748353-9-1674685893 - Holdem no limit (20/40) - 2023/01/25 22:31:33 UTC
Table: 'Expresso Nitro(626443562)#0' 3-max (real money) Seat #1 is the button
Seat 1: _SKR (210)
Seat 2: Rap.exe (240)
Seat 3: popott31 (450)
*** ANTE/BLINDS ***
Rap.exe posts small blind 20
popott31 posts big blind 40
Dealt to _SKR [Jd Ks]
*** PRE-FLOP *** 
_SKR raises 170 to 210 and is all-in
Rap.exe folds
popott31 folds
_SKR collected 270 from pot
*** SUMMARY ***
Total pot 270 | No rake
Seat 1: _SKR (button) won 270


Winamax Poker - Tournament "Expresso Nitro" buyIn: 0.93€ + 0.07€ level: 3 - HandId: #2690554611579748353-10-1674685906 - Holdem no limit (20/40) - 2023/01/25 22:31:46 UTC
Table: 'Expresso Nitro(626443562)#0' 3-max (real money) Seat #2 is the button
Seat 1: _SKR (270)
Seat 2: Rap.exe (220)
Seat 3: popott31 (410)
*** ANTE/BLINDS ***
popott31 posts small blind 20
_SKR posts big blind 40
Dealt to _SKR [3d 7h]
*** PRE-FLOP *** 
Rap.exe folds
popott31 calls 20
_SKR checks
*** FLOP *** [9h 3s 9d]
popott31 checks
_SKR checks
*** TURN *** [9h 3s 9d][Jd]
popott31 checks
_SKR checks
*** RIVER *** [9h 3s 9d Jd][4h]
popott31 bets 52
_SKR calls 52
*** SHOW DOWN ***
_SKR shows [3d 7h] (Two pairs : 9 and 3)
popott31 shows [Ac As] (Two pairs : Aces and 9)
popott31 collected 184 from pot
*** SUMMARY ***
Total pot 184 | No rake
Board: [9h 3s 9d Jd 4h]
Seat 1: _SKR (big blind) showed [3d 7h] and lost with Two pairs : 9 and 3
Seat 3: popott31 (small blind) showed [Ac As] and won 184 with Two pairs : Aces and 9


Winamax Poker - Tournament "Expresso Nitro" buyIn: 0.93€ + 0.07€ level: 4 - HandId: #2690554611579748353-11-1674685952 - Holdem no limit (30/60) - 2023/01/25 22:32:32 UTC
Table: 'Expresso Nitro(626443562)#0' 3-max (real money) Seat #3 is the button
Seat 1: _SKR (178)
Seat 2: Rap.exe (220)
Seat 3: popott31 (502)
*** ANTE/BLINDS ***
_SKR posts small blind 30
Rap.exe posts big blind 60
Dealt to _SKR [Ac 6s]
*** PRE-FLOP *** 
popott31 folds
_SKR raises 118 to 178 and is all-in
Rap.exe calls 118
*** FLOP *** [3s Js Jc]
*** TURN *** [3s Js Jc][Ah]
*** RIVER *** [3s Js Jc Ah][2c]
*** SHOW DOWN ***
_SKR shows [Ac 6s] (Two pairs : Aces and Jacks)
Rap.exe shows [Jh Tc] (Trips of Jacks)
Rap.exe collected 356 from pot
*** SUMMARY ***
Total pot 356 | No rake
Board: [3s Js Jc Ah 2c]
Seat 1: _SKR (small blind) showed [Ac 6s] and lost with Two pairs : Aces and Jacks
Seat 2: Rap.exe (big blind) showed [Jh Tc] and won 356 with Trips of Jacks


