Winamax Poker - Tournament "Expresso Nitro" buyIn: 0.93€ + 0.07€ level: 1 - HandId: #2729125458007293953-1-1676901863 - Holdem no limit (10/20) - 2023/02/20 14:04:23 UTC
Table: 'Expresso Nitro(635424037)#0' 3-max (real money) Seat #1 is the button
Seat 1: bruno1309 (300)
Seat 2: Ouistiti.95 (300)
Seat 3: _SKR (300)
*** ANTE/BLINDS ***
Ouistiti.95 posts small blind 10
_SKR posts big blind 20
Dealt to _SKR [9s 4s]
*** PRE-FLOP *** 
bruno1309 folds
Ouistiti.95 raises 280 to 300 and is all-in
_SKR folds
Ouistiti.95 collected 320 from pot
*** SUMMARY ***
Total pot 320 | No rake
Seat 2: Ouistiti.95 (small blind) won 320


Winamax Poker - Tournament "Expresso Nitro" buyIn: 0.93€ + 0.07€ level: 1 - HandId: #2729125458007293953-2-1676901875 - Holdem no limit (10/20) - 2023/02/20 14:04:35 UTC
Table: 'Expresso Nitro(635424037)#0' 3-max (real money) Seat #2 is the button
Seat 1: bruno1309 (300)
Seat 2: Ouistiti.95 (320)
Seat 3: _SKR (280)
*** ANTE/BLINDS ***
_SKR posts small blind 10
bruno1309 posts big blind 20
Dealt to _SKR [Kd Ac]
*** PRE-FLOP *** 
Ouistiti.95 folds
_SKR raises 20 to 40
bruno1309 folds
_SKR collected 60 from pot
*** SUMMARY ***
Total pot 60 | No rake
Seat 3: _SKR (small blind) won 60


Winamax Poker - Tournament "Expresso Nitro" buyIn: 0.93€ + 0.07€ level: 1 - HandId: #2729125458007293953-3-1676901889 - Holdem no limit (10/20) - 2023/02/20 14:04:49 UTC
Table: 'Expresso Nitro(635424037)#0' 3-max (real money) Seat #3 is the button
Seat 1: bruno1309 (280)
Seat 2: Ouistiti.95 (320)
Seat 3: _SKR (300)
*** ANTE/BLINDS ***
bruno1309 posts small blind 10
Ouistiti.95 posts big blind 20
Dealt to _SKR [3s 2s]
*** PRE-FLOP *** 
_SKR folds
bruno1309 folds
Ouistiti.95 collected 30 from pot
*** SUMMARY ***
Total pot 30 | No rake
Seat 2: Ouistiti.95 (big blind) won 30


Winamax Poker - Tournament "Expresso Nitro" buyIn: 0.93€ + 0.07€ level: 1 - HandId: #2729125458007293953-4-1676901895 - Holdem no limit (10/20) - 2023/02/20 14:04:55 UTC
Table: 'Expresso Nitro(635424037)#0' 3-max (real money) Seat #1 is the button
Seat 1: bruno1309 (270)
Seat 2: Ouistiti.95 (330)
Seat 3: _SKR (300)
*** ANTE/BLINDS ***
Ouistiti.95 posts small blind 10
_SKR posts big blind 20
Dealt to _SKR [4s 2d]
*** PRE-FLOP *** 
bruno1309 folds
Ouistiti.95 raises 310 to 330 and is all-in
_SKR folds
Ouistiti.95 collected 350 from pot
*** SUMMARY ***
Total pot 350 | No rake
Seat 2: Ouistiti.95 (small blind) won 350


Winamax Poker - Tournament "Expresso Nitro" buyIn: 0.93€ + 0.07€ level: 1 - HandId: #2729125458007293953-5-1676901902 - Holdem no limit (10/20) - 2023/02/20 14:05:02 UTC
Table: 'Expresso Nitro(635424037)#0' 3-max (real money) Seat #2 is the button
Seat 1: bruno1309 (270)
Seat 2: Ouistiti.95 (350)
Seat 3: _SKR (280)
*** ANTE/BLINDS ***
_SKR posts small blind 10
bruno1309 posts big blind 20
Dealt to _SKR [5d 5s]
*** PRE-FLOP *** 
Ouistiti.95 folds
_SKR raises 260 to 280 and is all-in
bruno1309 calls 250 and is all-in
*** FLOP *** [4d 4s Qh]
*** TURN *** [4d 4s Qh][8c]
*** RIVER *** [4d 4s Qh 8c][3s]
*** SHOW DOWN ***
bruno1309 shows [Ks Ts] (One pair : 4)
_SKR shows [5d 5s] (Two pairs : 5 and 4)
_SKR collected 550 from pot
*** SUMMARY ***
Total pot 550 | No rake
Board: [4d 4s Qh 8c 3s]
Seat 1: bruno1309 (big blind) showed [Ks Ts] and lost with One pair : 4
Seat 3: _SKR (small blind) showed [5d 5s] and won 550 with Two pairs : 5 and 4


Winamax Poker - Tournament "Expresso Nitro" buyIn: 0.93€ + 0.07€ level: 1 - HandId: #2729125458007293953-6-1676901916 - Holdem no limit (10/20) - 2023/02/20 14:05:16 UTC
Table: 'Expresso Nitro(635424037)#0' 3-max (real money) Seat #2 is the button
Seat 2: Ouistiti.95 (350)
Seat 3: _SKR (550)
*** ANTE/BLINDS ***
Ouistiti.95 posts small blind 10
_SKR posts big blind 20
Dealt to _SKR [6h 3d]
*** PRE-FLOP *** 
Ouistiti.95 raises 330 to 350 and is all-in
_SKR folds
Ouistiti.95 collected 370 from pot
*** SUMMARY ***
Total pot 370 | No rake
Seat 2: Ouistiti.95 (small blind) (button) won 370


Winamax Poker - Tournament "Expresso Nitro" buyIn: 0.93€ + 0.07€ level: 2 - HandId: #2729125458007293953-7-1676901928 - Holdem no limit (15/30) - 2023/02/20 14:05:28 UTC
Table: 'Expresso Nitro(635424037)#0' 3-max (real money) Seat #3 is the button
Seat 2: Ouistiti.95 (370)
Seat 3: _SKR (530)
*** ANTE/BLINDS ***
_SKR posts small blind 15
Ouistiti.95 posts big blind 30
Dealt to _SKR [Ts 2h]
*** PRE-FLOP *** 
_SKR folds
Ouistiti.95 collected 45 from pot
*** SUMMARY ***
Total pot 45 | No rake
Seat 2: Ouistiti.95 (big blind) won 45


Winamax Poker - Tournament "Expresso Nitro" buyIn: 0.93€ + 0.07€ level: 2 - HandId: #2729125458007293953-8-1676901938 - Holdem no limit (15/30) - 2023/02/20 14:05:38 UTC
Table: 'Expresso Nitro(635424037)#0' 3-max (real money) Seat #2 is the button
Seat 2: Ouistiti.95 (385)
Seat 3: _SKR (515)
*** ANTE/BLINDS ***
Ouistiti.95 posts small blind 15
_SKR posts big blind 30
Dealt to _SKR [4d Js]
*** PRE-FLOP *** 
Ouistiti.95 raises 30 to 60
_SKR folds
Ouistiti.95 collected 90 from pot
*** SUMMARY ***
Total pot 90 | No rake
Seat 2: Ouistiti.95 (small blind) (button) won 90


Winamax Poker - Tournament "Expresso Nitro" buyIn: 0.93€ + 0.07€ level: 2 - HandId: #2729125458007293953-9-1676901944 - Holdem no limit (15/30) - 2023/02/20 14:05:44 UTC
Table: 'Expresso Nitro(635424037)#0' 3-max (real money) Seat #3 is the button
Seat 2: Ouistiti.95 (415)
Seat 3: _SKR (485)
*** ANTE/BLINDS ***
_SKR posts small blind 15
Ouistiti.95 posts big blind 30
Dealt to _SKR [Kh Ks]
*** PRE-FLOP *** 
_SKR raises 30 to 60
Ouistiti.95 calls 30
*** FLOP *** [5h Td 6s]
Ouistiti.95 bets 355 and is all-in
_SKR calls 355
*** TURN *** [5h Td 6s][Qs]
*** RIVER *** [5h Td 6s Qs][3s]
*** SHOW DOWN ***
Ouistiti.95 shows [Tc Jc] (One pair : Tens)
_SKR shows [Kh Ks] (One pair : Kings)
_SKR collected 830 from pot
*** SUMMARY ***
Total pot 830 | No rake
Board: [5h Td 6s Qs 3s]
Seat 2: Ouistiti.95 (big blind) showed [Tc Jc] and lost with One pair : Tens
Seat 3: _SKR (small blind) (button) showed [Kh Ks] and won 830 with One pair : Kings


