Winamax Poker - Tournament "Expresso Nitro" buyIn: 0.93€ + 0.07€ level: 1 - HandId: #2676373518626586625-1-1673821762 - Holdem no limit (10/20) - 2023/01/15 22:29:22 UTC
Table: 'Expresso Nitro(623141769)#0' 3-max (real money) Seat #2 is the button
Seat 1: Vajabaja (300)
Seat 2: vilneuve34 (300)
Seat 3: _SKR (300)
*** ANTE/BLINDS ***
_SKR posts small blind 10
Vajabaja posts big blind 20
Dealt to _SKR [Th 8h]
*** PRE-FLOP *** 
vilneuve34 raises 280 to 300 and is all-in
_SKR folds
Vajabaja folds
vilneuve34 collected 330 from pot
*** SUMMARY ***
Total pot 330 | No rake
Seat 2: vilneuve34 (button) won 330


Winamax Poker - Tournament "Expresso Nitro" buyIn: 0.93€ + 0.07€ level: 1 - HandId: #2676373518626586625-2-1673821793 - Holdem no limit (10/20) - 2023/01/15 22:29:53 UTC
Table: 'Expresso Nitro(623141769)#0' 3-max (real money) Seat #3 is the button
Seat 1: Vajabaja (280)
Seat 2: vilneuve34 (330)
Seat 3: _SKR (290)
*** ANTE/BLINDS ***
Vajabaja posts small blind 10
vilneuve34 posts big blind 20
Dealt to _SKR [5c 6s]
*** PRE-FLOP *** 
_SKR folds
Vajabaja calls 10
vilneuve34 checks
*** FLOP *** [3c 5s As]
Vajabaja checks
vilneuve34 checks
*** TURN *** [3c 5s As][3h]
Vajabaja checks
vilneuve34 bets 310 and is all-in
Vajabaja calls 260 and is all-in
*** RIVER *** [3c 5s As 3h][Ks]
*** SHOW DOWN ***
Vajabaja shows [5d Ts] (Two pairs : 5 and 3)
vilneuve34 shows [8d 3s] (Trips of 3)
vilneuve34 collected 610 from pot
*** SUMMARY ***
Total pot 610 | No rake
Board: [3c 5s As 3h Ks]
Seat 1: Vajabaja (small blind) showed [5d Ts] and lost with Two pairs : 5 and 3
Seat 2: vilneuve34 (big blind) showed [8d 3s] and won 610 with Trips of 3


Winamax Poker - Tournament "Expresso Nitro" buyIn: 0.93€ + 0.07€ level: 1 - HandId: #2676373518626586625-3-1673821817 - Holdem no limit (10/20) - 2023/01/15 22:30:17 UTC
Table: 'Expresso Nitro(623141769)#0' 3-max (real money) Seat #2 is the button
Seat 2: vilneuve34 (610)
Seat 3: _SKR (290)
*** ANTE/BLINDS ***
vilneuve34 posts small blind 10
_SKR posts big blind 20
Dealt to _SKR [9c As]
*** PRE-FLOP *** 
vilneuve34 raises 590 to 610 and is all-in
_SKR calls 270 and is all-in
*** FLOP *** [Jd 9h 6h]
*** TURN *** [Jd 9h 6h][4h]
*** RIVER *** [Jd 9h 6h 4h][8h]
*** SHOW DOWN ***
vilneuve34 shows [3c Ks] (High card : King)
_SKR shows [9c As] (One pair : 9)
_SKR collected 580 from main pot
vilneuve34 collected 320 from side pot 1
*** SUMMARY ***
Total pot 900 | No rake
Board: [Jd 9h 6h 4h 8h]
Seat 2: vilneuve34 (small blind) (button) showed [3c Ks] and won 320 with High card : King
Seat 3: _SKR (big blind) showed [9c As] and won 580 with One pair : 9


Winamax Poker - Tournament "Expresso Nitro" buyIn: 0.93€ + 0.07€ level: 2 - HandId: #2676373518626586625-4-1673821832 - Holdem no limit (15/30) - 2023/01/15 22:30:32 UTC
Table: 'Expresso Nitro(623141769)#0' 3-max (real money) Seat #3 is the button
Seat 2: vilneuve34 (320)
Seat 3: _SKR (580)
*** ANTE/BLINDS ***
_SKR posts small blind 15
vilneuve34 posts big blind 30
Dealt to _SKR [9s 7d]
*** PRE-FLOP *** 
_SKR folds
vilneuve34 collected 45 from pot
*** SUMMARY ***
Total pot 45 | No rake
Seat 2: vilneuve34 (big blind) won 45


Winamax Poker - Tournament "Expresso Nitro" buyIn: 0.93€ + 0.07€ level: 2 - HandId: #2676373518626586625-5-1673821842 - Holdem no limit (15/30) - 2023/01/15 22:30:42 UTC
Table: 'Expresso Nitro(623141769)#0' 3-max (real money) Seat #2 is the button
Seat 2: vilneuve34 (335)
Seat 3: _SKR (565)
*** ANTE/BLINDS ***
vilneuve34 posts small blind 15
_SKR posts big blind 30
Dealt to _SKR [7d 5h]
*** PRE-FLOP *** 
vilneuve34 folds
_SKR collected 45 from pot
*** SUMMARY ***
Total pot 45 | No rake
Seat 3: _SKR (big blind) won 45


Winamax Poker - Tournament "Expresso Nitro" buyIn: 0.93€ + 0.07€ level: 2 - HandId: #2676373518626586625-6-1673821858 - Holdem no limit (15/30) - 2023/01/15 22:30:58 UTC
Table: 'Expresso Nitro(623141769)#0' 3-max (real money) Seat #3 is the button
Seat 2: vilneuve34 (320)
Seat 3: _SKR (580)
*** ANTE/BLINDS ***
_SKR posts small blind 15
vilneuve34 posts big blind 30
Dealt to _SKR [7d 3s]
*** PRE-FLOP *** 
_SKR folds
vilneuve34 collected 45 from pot
*** SUMMARY ***
Total pot 45 | No rake
Seat 2: vilneuve34 (big blind) won 45


Winamax Poker - Tournament "Expresso Nitro" buyIn: 0.93€ + 0.07€ level: 2 - HandId: #2676373518626586625-7-1673821862 - Holdem no limit (15/30) - 2023/01/15 22:31:02 UTC
Table: 'Expresso Nitro(623141769)#0' 3-max (real money) Seat #2 is the button
Seat 2: vilneuve34 (335)
Seat 3: _SKR (565)
*** ANTE/BLINDS ***
vilneuve34 posts small blind 15
_SKR posts big blind 30
Dealt to _SKR [7s 8h]
*** PRE-FLOP *** 
vilneuve34 calls 15
_SKR checks
*** FLOP *** [Kh 7d Qd]
_SKR checks
vilneuve34 checks
*** TURN *** [Kh 7d Qd][4h]
_SKR bets 39
vilneuve34 folds
_SKR collected 99 from pot
*** SUMMARY ***
Total pot 99 | No rake
Board: [Kh 7d Qd 4h]
Seat 3: _SKR (big blind) won 99


Winamax Poker - Tournament "Expresso Nitro" buyIn: 0.93€ + 0.07€ level: 3 - HandId: #2676373518626586625-8-1673821897 - Holdem no limit (20/40) - 2023/01/15 22:31:37 UTC
Table: 'Expresso Nitro(623141769)#0' 3-max (real money) Seat #3 is the button
Seat 2: vilneuve34 (305)
Seat 3: _SKR (595)
*** ANTE/BLINDS ***
_SKR posts small blind 20
vilneuve34 posts big blind 40
Dealt to _SKR [3h Jc]
*** PRE-FLOP *** 
_SKR folds
vilneuve34 collected 60 from pot
*** SUMMARY ***
Total pot 60 | No rake
Seat 2: vilneuve34 (big blind) won 60


Winamax Poker - Tournament "Expresso Nitro" buyIn: 0.93€ + 0.07€ level: 3 - HandId: #2676373518626586625-9-1673821901 - Holdem no limit (20/40) - 2023/01/15 22:31:41 UTC
Table: 'Expresso Nitro(623141769)#0' 3-max (real money) Seat #2 is the button
Seat 2: vilneuve34 (325)
Seat 3: _SKR (575)
*** ANTE/BLINDS ***
vilneuve34 posts small blind 20
_SKR posts big blind 40
Dealt to _SKR [8h Ts]
*** PRE-FLOP *** 
vilneuve34 raises 285 to 325 and is all-in
_SKR folds
vilneuve34 collected 365 from pot
*** SUMMARY ***
Total pot 365 | No rake
Seat 2: vilneuve34 (small blind) (button) won 365


Winamax Poker - Tournament "Expresso Nitro" buyIn: 0.93€ + 0.07€ level: 3 - HandId: #2676373518626586625-10-1673821917 - Holdem no limit (20/40) - 2023/01/15 22:31:57 UTC
Table: 'Expresso Nitro(623141769)#0' 3-max (real money) Seat #3 is the button
Seat 2: vilneuve34 (365)
Seat 3: _SKR (535)
*** ANTE/BLINDS ***
_SKR posts small blind 20
vilneuve34 posts big blind 40
Dealt to _SKR [Js 8s]
*** PRE-FLOP *** 
_SKR raises 495 to 535 and is all-in
vilneuve34 calls 325 and is all-in
*** FLOP *** [Kc 7h 8d]
*** TURN *** [Kc 7h 8d][Th]
*** RIVER *** [Kc 7h 8d Th][7c]
*** SHOW DOWN ***
vilneuve34 shows [2c 6s] (One pair : 7)
_SKR shows [Js 8s] (Two pairs : 8 and 7)
_SKR collected 900 from pot
*** SUMMARY ***
Total pot 900 | No rake
Board: [Kc 7h 8d Th 7c]
Seat 2: vilneuve34 (big blind) showed [2c 6s] and lost with One pair : 7
Seat 3: _SKR (small blind) (button) showed [Js 8s] and won 900 with Two pairs : 8 and 7


