Winamax Poker - Tournament "Expresso Nitro" buyIn: 0.93€ + 0.07€ level: 1 - HandId: #2717281677666680833-1-1676215540 - Holdem no limit (10/20) - 2023/02/12 15:25:40 UTC
Table: 'Expresso Nitro(632666442)#0' 3-max (real money) Seat #3 is the button
Seat 1: cidro-59 (300)
Seat 2: cyr67260 (300)
Seat 3: _SKR (300)
*** ANTE/BLINDS ***
cidro-59 posts small blind 10
cyr67260 posts big blind 20
Dealt to _SKR [Td Tc]
*** PRE-FLOP *** 
_SKR raises 280 to 300 and is all-in
cidro-59 calls 290 and is all-in
cyr67260 folds
*** FLOP *** [7h 9c 2d]
*** TURN *** [7h 9c 2d][2c]
*** RIVER *** [7h 9c 2d 2c][3d]
*** SHOW DOWN ***
cidro-59 shows [Ah Th] (One pair : 2)
_SKR shows [Td Tc] (Two pairs : Tens and 2)
_SKR collected 620 from pot
*** SUMMARY ***
Total pot 620 | No rake
Board: [7h 9c 2d 2c 3d]
Seat 1: cidro-59 (small blind) showed [Ah Th] and lost with One pair : 2
Seat 3: _SKR (button) showed [Td Tc] and won 620 with Two pairs : Tens and 2


Winamax Poker - Tournament "Expresso Nitro" buyIn: 0.93€ + 0.07€ level: 1 - HandId: #2717281677666680833-2-1676215555 - Holdem no limit (10/20) - 2023/02/12 15:25:55 UTC
Table: 'Expresso Nitro(632666442)#0' 3-max (real money) Seat #2 is the button
Seat 2: cyr67260 (280)
Seat 3: _SKR (620)
*** ANTE/BLINDS ***
cyr67260 posts small blind 10
_SKR posts big blind 20
Dealt to _SKR [6s 8h]
*** PRE-FLOP *** 
cyr67260 folds
_SKR collected 30 from pot
*** SUMMARY ***
Total pot 30 | No rake
Seat 3: _SKR (big blind) won 30


Winamax Poker - Tournament "Expresso Nitro" buyIn: 0.93€ + 0.07€ level: 1 - HandId: #2717281677666680833-3-1676215559 - Holdem no limit (10/20) - 2023/02/12 15:25:59 UTC
Table: 'Expresso Nitro(632666442)#0' 3-max (real money) Seat #3 is the button
Seat 2: cyr67260 (270)
Seat 3: _SKR (630)
*** ANTE/BLINDS ***
_SKR posts small blind 10
cyr67260 posts big blind 20
Dealt to _SKR [Ah 7s]
*** PRE-FLOP *** 
_SKR raises 610 to 630 and is all-in
cyr67260 folds
_SKR collected 650 from pot
*** SUMMARY ***
Total pot 650 | No rake
Seat 3: _SKR (small blind) (button) won 650


Winamax Poker - Tournament "Expresso Nitro" buyIn: 0.93€ + 0.07€ level: 1 - HandId: #2717281677666680833-4-1676215566 - Holdem no limit (10/20) - 2023/02/12 15:26:06 UTC
Table: 'Expresso Nitro(632666442)#0' 3-max (real money) Seat #2 is the button
Seat 2: cyr67260 (250)
Seat 3: _SKR (650)
*** ANTE/BLINDS ***
cyr67260 posts small blind 10
_SKR posts big blind 20
Dealt to _SKR [Ad 3s]
*** PRE-FLOP *** 
cyr67260 raises 40 to 60
_SKR folds
cyr67260 collected 80 from pot
*** SUMMARY ***
Total pot 80 | No rake
Seat 2: cyr67260 (small blind) (button) won 80


Winamax Poker - Tournament "Expresso Nitro" buyIn: 0.93€ + 0.07€ level: 1 - HandId: #2717281677666680833-5-1676215573 - Holdem no limit (10/20) - 2023/02/12 15:26:13 UTC
Table: 'Expresso Nitro(632666442)#0' 3-max (real money) Seat #3 is the button
Seat 2: cyr67260 (270)
Seat 3: _SKR (630)
*** ANTE/BLINDS ***
_SKR posts small blind 10
cyr67260 posts big blind 20
Dealt to _SKR [7h Ks]
*** PRE-FLOP *** 
_SKR raises 20 to 40
cyr67260 calls 20
*** FLOP *** [Js 8h Ah]
cyr67260 checks
_SKR bets 28
cyr67260 calls 28
*** TURN *** [Js 8h Ah][4h]
cyr67260 checks
_SKR checks
*** RIVER *** [Js 8h Ah 4h][2s]
cyr67260 checks
_SKR bets 88
cyr67260 folds
_SKR collected 224 from pot
*** SUMMARY ***
Total pot 224 | No rake
Board: [Js 8h Ah 4h 2s]
Seat 3: _SKR (small blind) (button) won 224


Winamax Poker - Tournament "Expresso Nitro" buyIn: 0.93€ + 0.07€ level: 1 - HandId: #2717281677666680833-6-1676215593 - Holdem no limit (10/20) - 2023/02/12 15:26:33 UTC
Table: 'Expresso Nitro(632666442)#0' 3-max (real money) Seat #2 is the button
Seat 2: cyr67260 (202)
Seat 3: _SKR (698)
*** ANTE/BLINDS ***
cyr67260 posts small blind 10
_SKR posts big blind 20
Dealt to _SKR [Qc 3c]
*** PRE-FLOP *** 
cyr67260 folds
_SKR collected 30 from pot
*** SUMMARY ***
Total pot 30 | No rake
Seat 3: _SKR (big blind) won 30


Winamax Poker - Tournament "Expresso Nitro" buyIn: 0.93€ + 0.07€ level: 2 - HandId: #2717281677666680833-7-1676215602 - Holdem no limit (15/30) - 2023/02/12 15:26:42 UTC
Table: 'Expresso Nitro(632666442)#0' 3-max (real money) Seat #3 is the button
Seat 2: cyr67260 (192)
Seat 3: _SKR (708)
*** ANTE/BLINDS ***
_SKR posts small blind 15
cyr67260 posts big blind 30
Dealt to _SKR [5d 2c]
*** PRE-FLOP *** 
_SKR folds
cyr67260 collected 45 from pot
*** SUMMARY ***
Total pot 45 | No rake
Seat 2: cyr67260 (big blind) won 45


Winamax Poker - Tournament "Expresso Nitro" buyIn: 0.93€ + 0.07€ level: 2 - HandId: #2717281677666680833-8-1676215617 - Holdem no limit (15/30) - 2023/02/12 15:26:57 UTC
Table: 'Expresso Nitro(632666442)#0' 3-max (real money) Seat #2 is the button
Seat 2: cyr67260 (207)
Seat 3: _SKR (693)
*** ANTE/BLINDS ***
cyr67260 posts small blind 15
_SKR posts big blind 30
Dealt to _SKR [8d Jh]
*** PRE-FLOP *** 
cyr67260 raises 60 to 90
_SKR folds
cyr67260 collected 120 from pot
*** SUMMARY ***
Total pot 120 | No rake
Seat 2: cyr67260 (small blind) (button) won 120


Winamax Poker - Tournament "Expresso Nitro" buyIn: 0.93€ + 0.07€ level: 2 - HandId: #2717281677666680833-9-1676215623 - Holdem no limit (15/30) - 2023/02/12 15:27:03 UTC
Table: 'Expresso Nitro(632666442)#0' 3-max (real money) Seat #3 is the button
Seat 2: cyr67260 (237)
Seat 3: _SKR (663)
*** ANTE/BLINDS ***
_SKR posts small blind 15
cyr67260 posts big blind 30
Dealt to _SKR [8c Ah]
*** PRE-FLOP *** 
_SKR raises 633 to 663 and is all-in
cyr67260 calls 207 and is all-in
*** FLOP *** [6c 4h Jc]
*** TURN *** [6c 4h Jc][Th]
*** RIVER *** [6c 4h Jc Th][6h]
*** SHOW DOWN ***
cyr67260 shows [9c 9h] (Two pairs : 9 and 6)
_SKR shows [8c Ah] (One pair : 6)
_SKR collected 426 from side pot 1
cyr67260 collected 474 from main pot
*** SUMMARY ***
Total pot 900 | No rake
Board: [6c 4h Jc Th 6h]
Seat 2: cyr67260 (big blind) showed [9c 9h] and won 474 with Two pairs : 9 and 6
Seat 3: _SKR (small blind) (button) showed [8c Ah] and won 426 with One pair : 6


Winamax Poker - Tournament "Expresso Nitro" buyIn: 0.93€ + 0.07€ level: 2 - HandId: #2717281677666680833-10-1676215636 - Holdem no limit (15/30) - 2023/02/12 15:27:16 UTC
Table: 'Expresso Nitro(632666442)#0' 3-max (real money) Seat #2 is the button
Seat 2: cyr67260 (474)
Seat 3: _SKR (426)
*** ANTE/BLINDS ***
cyr67260 posts small blind 15
_SKR posts big blind 30
Dealt to _SKR [Ks 4h]
*** PRE-FLOP *** 
cyr67260 raises 444 to 474 and is all-in
_SKR folds
cyr67260 collected 504 from pot
*** SUMMARY ***
Total pot 504 | No rake
Seat 2: cyr67260 (small blind) (button) won 504


Winamax Poker - Tournament "Expresso Nitro" buyIn: 0.93€ + 0.07€ level: 2 - HandId: #2717281677666680833-11-1676215646 - Holdem no limit (15/30) - 2023/02/12 15:27:26 UTC
Table: 'Expresso Nitro(632666442)#0' 3-max (real money) Seat #3 is the button
Seat 2: cyr67260 (504)
Seat 3: _SKR (396)
*** ANTE/BLINDS ***
_SKR posts small blind 15
cyr67260 posts big blind 30
Dealt to _SKR [Qd Ad]
*** PRE-FLOP *** 
_SKR raises 366 to 396 and is all-in
cyr67260 folds
_SKR collected 426 from pot
*** SUMMARY ***
Total pot 426 | No rake
Seat 3: _SKR (small blind) (button) won 426


Winamax Poker - Tournament "Expresso Nitro" buyIn: 0.93€ + 0.07€ level: 2 - HandId: #2717281677666680833-12-1676215654 - Holdem no limit (15/30) - 2023/02/12 15:27:34 UTC
Table: 'Expresso Nitro(632666442)#0' 3-max (real money) Seat #2 is the button
Seat 2: cyr67260 (474)
Seat 3: _SKR (426)
*** ANTE/BLINDS ***
cyr67260 posts small blind 15
_SKR posts big blind 30
Dealt to _SKR [4c 3d]
*** PRE-FLOP *** 
cyr67260 raises 444 to 474 and is all-in
_SKR folds
cyr67260 collected 504 from pot
*** SUMMARY ***
Total pot 504 | No rake
Seat 2: cyr67260 (small blind) (button) won 504


Winamax Poker - Tournament "Expresso Nitro" buyIn: 0.93€ + 0.07€ level: 3 - HandId: #2717281677666680833-13-1676215658 - Holdem no limit (20/40) - 2023/02/12 15:27:38 UTC
Table: 'Expresso Nitro(632666442)#0' 3-max (real money) Seat #3 is the button
Seat 2: cyr67260 (504)
Seat 3: _SKR (396)
*** ANTE/BLINDS ***
_SKR posts small blind 20
cyr67260 posts big blind 40
Dealt to _SKR [Jd Kd]
*** PRE-FLOP *** 
_SKR raises 356 to 396 and is all-in
cyr67260 calls 356
*** FLOP *** [8s Ad Kc]
*** TURN *** [8s Ad Kc][3h]
*** RIVER *** [8s Ad Kc 3h][Jh]
*** SHOW DOWN ***
cyr67260 shows [Td 9h] (High card : Ace)
_SKR shows [Jd Kd] (Two pairs : Kings and Jacks)
_SKR collected 792 from pot
*** SUMMARY ***
Total pot 792 | No rake
Board: [8s Ad Kc 3h Jh]
Seat 2: cyr67260 (big blind) showed [Td 9h] and lost with High card : Ace
Seat 3: _SKR (small blind) (button) showed [Jd Kd] and won 792 with Two pairs : Kings and Jacks


Winamax Poker - Tournament "Expresso Nitro" buyIn: 0.93€ + 0.07€ level: 3 - HandId: #2717281677666680833-14-1676215672 - Holdem no limit (20/40) - 2023/02/12 15:27:52 UTC
Table: 'Expresso Nitro(632666442)#0' 3-max (real money) Seat #2 is the button
Seat 2: cyr67260 (108)
Seat 3: _SKR (792)
*** ANTE/BLINDS ***
cyr67260 posts small blind 20
_SKR posts big blind 40
Dealt to _SKR [Td As]
*** PRE-FLOP *** 
cyr67260 raises 68 to 108 and is all-in
_SKR raises 68 to 176
*** FLOP *** [4d 7h Qs]
*** TURN *** [4d 7h Qs][8h]
*** RIVER *** [4d 7h Qs 8h][5h]
*** SHOW DOWN ***
cyr67260 shows [4h 5d] (Two pairs : 5 and 4)
_SKR shows [Td As] (High card : Ace)
_SKR collected 68 from side pot 1
cyr67260 collected 216 from main pot
*** SUMMARY ***
Total pot 284 | No rake
Board: [4d 7h Qs 8h 5h]
Seat 2: cyr67260 (small blind) (button) showed [4h 5d] and won 216 with Two pairs : 5 and 4
Seat 3: _SKR (big blind) showed [Td As] and won 68 with High card : Ace


Winamax Poker - Tournament "Expresso Nitro" buyIn: 0.93€ + 0.07€ level: 3 - HandId: #2717281677666680833-15-1676215684 - Holdem no limit (20/40) - 2023/02/12 15:28:04 UTC
Table: 'Expresso Nitro(632666442)#0' 3-max (real money) Seat #3 is the button
Seat 2: cyr67260 (216)
Seat 3: _SKR (684)
*** ANTE/BLINDS ***
_SKR posts small blind 20
cyr67260 posts big blind 40
Dealt to _SKR [3s 9s]
*** PRE-FLOP *** 
_SKR folds
cyr67260 collected 60 from pot
*** SUMMARY ***
Total pot 60 | No rake
Seat 2: cyr67260 (big blind) won 60


Winamax Poker - Tournament "Expresso Nitro" buyIn: 0.93€ + 0.07€ level: 3 - HandId: #2717281677666680833-16-1676215688 - Holdem no limit (20/40) - 2023/02/12 15:28:08 UTC
Table: 'Expresso Nitro(632666442)#0' 3-max (real money) Seat #2 is the button
Seat 2: cyr67260 (236)
Seat 3: _SKR (664)
*** ANTE/BLINDS ***
cyr67260 posts small blind 20
_SKR posts big blind 40
Dealt to _SKR [Ad 6d]
*** PRE-FLOP *** 
cyr67260 raises 196 to 236 and is all-in
_SKR raises 196 to 432
*** FLOP *** [Ts 3s 2s]
*** TURN *** [Ts 3s 2s][Kd]
*** RIVER *** [Ts 3s 2s Kd][8h]
*** SHOW DOWN ***
cyr67260 shows [Jd Kc] (One pair : Kings)
_SKR shows [Ad 6d] (High card : Ace)
_SKR collected 196 from side pot 1
cyr67260 collected 472 from main pot
*** SUMMARY ***
Total pot 668 | No rake
Board: [Ts 3s 2s Kd 8h]
Seat 2: cyr67260 (small blind) (button) showed [Jd Kc] and won 472 with One pair : Kings
Seat 3: _SKR (big blind) showed [Ad 6d] and won 196 with High card : Ace


Winamax Poker - Tournament "Expresso Nitro" buyIn: 0.93€ + 0.07€ level: 3 - HandId: #2717281677666680833-17-1676215704 - Holdem no limit (20/40) - 2023/02/12 15:28:24 UTC
Table: 'Expresso Nitro(632666442)#0' 3-max (real money) Seat #3 is the button
Seat 2: cyr67260 (472)
Seat 3: _SKR (428)
*** ANTE/BLINDS ***
_SKR posts small blind 20
cyr67260 posts big blind 40
Dealt to _SKR [8d Kd]
*** PRE-FLOP *** 
_SKR raises 388 to 428 and is all-in
cyr67260 raises 44 to 472 and is all-in
*** FLOP *** [Ah 5c Jh]
*** TURN *** [Ah 5c Jh][Th]
*** RIVER *** [Ah 5c Jh Th][5d]
*** SHOW DOWN ***
_SKR shows [8d Kd] (One pair : 5)
cyr67260 shows [Ts 9s] (Two pairs : Tens and 5)
cyr67260 collected 900 from pot
*** SUMMARY ***
Total pot 900 | No rake
Board: [Ah 5c Jh Th 5d]
Seat 2: cyr67260 (big blind) showed [Ts 9s] and won 900 with Two pairs : Tens and 5
Seat 3: _SKR (small blind) (button) showed [8d Kd] and lost with One pair : 5


