Winamax Poker - Tournament "Expresso Nitro" buyIn: 0.93€ + 0.07€ level: 1 - HandId: #2718632157118464001-1-1676292591 - Holdem no limit (10/20) - 2023/02/13 12:49:51 UTC
Table: 'Expresso Nitro(632980875)#0' 3-max (real money) Seat #3 is the button
Seat 1: _SKR (300)
Seat 2: BustaReums (300)
Seat 3: Medhi92100 (300)
*** ANTE/BLINDS ***
_SKR posts small blind 10
BustaReums posts big blind 20
Dealt to _SKR [Ah 4s]
*** PRE-FLOP *** 
Medhi92100 raises 50 to 70
_SKR folds
BustaReums folds
Medhi92100 collected 100 from pot
*** SUMMARY ***
Total pot 100 | No rake
Seat 3: Medhi92100 (button) won 100


Winamax Poker - Tournament "Expresso Nitro" buyIn: 0.93€ + 0.07€ level: 1 - HandId: #2718632157118464001-2-1676292600 - Holdem no limit (10/20) - 2023/02/13 12:50:00 UTC
Table: 'Expresso Nitro(632980875)#0' 3-max (real money) Seat #1 is the button
Seat 1: _SKR (290)
Seat 2: BustaReums (280)
Seat 3: Medhi92100 (330)
*** ANTE/BLINDS ***
BustaReums posts small blind 10
Medhi92100 posts big blind 20
Dealt to _SKR [8s 4d]
*** PRE-FLOP *** 
_SKR folds
BustaReums calls 10
Medhi92100 checks
*** FLOP *** [3c Qd Qh]
BustaReums bets 20
Medhi92100 folds
BustaReums collected 60 from pot
*** SUMMARY ***
Total pot 60 | No rake
Board: [3c Qd Qh]
Seat 2: BustaReums (small blind) won 60


Winamax Poker - Tournament "Expresso Nitro" buyIn: 0.93€ + 0.07€ level: 1 - HandId: #2718632157118464001-3-1676292612 - Holdem no limit (10/20) - 2023/02/13 12:50:12 UTC
Table: 'Expresso Nitro(632980875)#0' 3-max (real money) Seat #2 is the button
Seat 1: _SKR (290)
Seat 2: BustaReums (300)
Seat 3: Medhi92100 (310)
*** ANTE/BLINDS ***
Medhi92100 posts small blind 10
_SKR posts big blind 20
Dealt to _SKR [6h 5s]
*** PRE-FLOP *** 
BustaReums folds
Medhi92100 calls 10
_SKR checks
*** FLOP *** [6c 5c 5h]
Medhi92100 checks
_SKR checks
*** TURN *** [6c 5c 5h][Ah]
Medhi92100 checks
_SKR bets 20
Medhi92100 folds
_SKR collected 60 from pot
*** SUMMARY ***
Total pot 60 | No rake
Board: [6c 5c 5h Ah]
Seat 1: _SKR (big blind) won 60


Winamax Poker - Tournament "Expresso Nitro" buyIn: 0.93€ + 0.07€ level: 2 - HandId: #2718632157118464001-4-1676292648 - Holdem no limit (15/30) - 2023/02/13 12:50:48 UTC
Table: 'Expresso Nitro(632980875)#0' 3-max (real money) Seat #3 is the button
Seat 1: _SKR (310)
Seat 2: BustaReums (300)
Seat 3: Medhi92100 (290)
*** ANTE/BLINDS ***
_SKR posts small blind 15
BustaReums posts big blind 30
Dealt to _SKR [Th 6s]
*** PRE-FLOP *** 
Medhi92100 folds
_SKR folds
BustaReums collected 45 from pot
*** SUMMARY ***
Total pot 45 | No rake
Seat 2: BustaReums (big blind) won 45


Winamax Poker - Tournament "Expresso Nitro" buyIn: 0.93€ + 0.07€ level: 2 - HandId: #2718632157118464001-5-1676292653 - Holdem no limit (15/30) - 2023/02/13 12:50:53 UTC
Table: 'Expresso Nitro(632980875)#0' 3-max (real money) Seat #1 is the button
Seat 1: _SKR (295)
Seat 2: BustaReums (315)
Seat 3: Medhi92100 (290)
*** ANTE/BLINDS ***
BustaReums posts small blind 15
Medhi92100 posts big blind 30
Dealt to _SKR [Tc 7d]
*** PRE-FLOP *** 
_SKR folds
BustaReums calls 15
Medhi92100 raises 260 to 290 and is all-in
BustaReums folds
Medhi92100 collected 320 from pot
*** SUMMARY ***
Total pot 320 | No rake
Seat 3: Medhi92100 (big blind) won 320


Winamax Poker - Tournament "Expresso Nitro" buyIn: 0.93€ + 0.07€ level: 2 - HandId: #2718632157118464001-6-1676292669 - Holdem no limit (15/30) - 2023/02/13 12:51:09 UTC
Table: 'Expresso Nitro(632980875)#0' 3-max (real money) Seat #2 is the button
Seat 1: _SKR (295)
Seat 2: BustaReums (285)
Seat 3: Medhi92100 (320)
*** ANTE/BLINDS ***
Medhi92100 posts small blind 15
_SKR posts big blind 30
Dealt to _SKR [Qh 5d]
*** PRE-FLOP *** 
BustaReums folds
Medhi92100 calls 15
_SKR checks
*** FLOP *** [8h 4s Jd]
Medhi92100 checks
_SKR checks
*** TURN *** [8h 4s Jd][8s]
Medhi92100 checks
_SKR checks
*** RIVER *** [8h 4s Jd 8s][8d]
Medhi92100 checks
_SKR checks
*** SHOW DOWN ***
_SKR shows [Qh 5d] (Trips of 8)
Medhi92100 shows [3h Kc] (Trips of 8)
Medhi92100 collected 60 from pot
*** SUMMARY ***
Total pot 60 | No rake
Board: [8h 4s Jd 8s 8d]
Seat 1: _SKR (big blind) showed [Qh 5d] and lost with Trips of 8
Seat 3: Medhi92100 (small blind) showed [3h Kc] and won 60 with Trips of 8


Winamax Poker - Tournament "Expresso Nitro" buyIn: 0.93€ + 0.07€ level: 2 - HandId: #2718632157118464001-7-1676292696 - Holdem no limit (15/30) - 2023/02/13 12:51:36 UTC
Table: 'Expresso Nitro(632980875)#0' 3-max (real money) Seat #3 is the button
Seat 1: _SKR (265)
Seat 2: BustaReums (285)
Seat 3: Medhi92100 (350)
*** ANTE/BLINDS ***
_SKR posts small blind 15
BustaReums posts big blind 30
Dealt to _SKR [5d 9s]
*** PRE-FLOP *** 
Medhi92100 folds
_SKR folds
BustaReums collected 45 from pot
*** SUMMARY ***
Total pot 45 | No rake
Seat 2: BustaReums (big blind) won 45


Winamax Poker - Tournament "Expresso Nitro" buyIn: 0.93€ + 0.07€ level: 2 - HandId: #2718632157118464001-8-1676292702 - Holdem no limit (15/30) - 2023/02/13 12:51:42 UTC
Table: 'Expresso Nitro(632980875)#0' 3-max (real money) Seat #1 is the button
Seat 1: _SKR (250)
Seat 2: BustaReums (300)
Seat 3: Medhi92100 (350)
*** ANTE/BLINDS ***
BustaReums posts small blind 15
Medhi92100 posts big blind 30
Dealt to _SKR [Qs 4c]
*** PRE-FLOP *** 
_SKR folds
BustaReums calls 15
Medhi92100 checks
*** FLOP *** [Qh Th As]
BustaReums checks
Medhi92100 checks
*** TURN *** [Qh Th As][4d]
BustaReums checks
Medhi92100 checks
*** RIVER *** [Qh Th As 4d][8h]
BustaReums bets 30
Medhi92100 folds
BustaReums collected 90 from pot
*** SUMMARY ***
Total pot 90 | No rake
Board: [Qh Th As 4d 8h]
Seat 2: BustaReums (small blind) won 90


Winamax Poker - Tournament "Expresso Nitro" buyIn: 0.93€ + 0.07€ level: 3 - HandId: #2718632157118464001-9-1676292716 - Holdem no limit (20/40) - 2023/02/13 12:51:56 UTC
Table: 'Expresso Nitro(632980875)#0' 3-max (real money) Seat #2 is the button
Seat 1: _SKR (250)
Seat 2: BustaReums (330)
Seat 3: Medhi92100 (320)
*** ANTE/BLINDS ***
Medhi92100 posts small blind 20
_SKR posts big blind 40
Dealt to _SKR [5c Ac]
*** PRE-FLOP *** 
BustaReums folds
Medhi92100 calls 20
_SKR raises 210 to 250 and is all-in
Medhi92100 folds
_SKR collected 290 from pot
*** SUMMARY ***
Total pot 290 | No rake
Seat 1: _SKR (big blind) won 290


Winamax Poker - Tournament "Expresso Nitro" buyIn: 0.93€ + 0.07€ level: 3 - HandId: #2718632157118464001-10-1676292729 - Holdem no limit (20/40) - 2023/02/13 12:52:09 UTC
Table: 'Expresso Nitro(632980875)#0' 3-max (real money) Seat #3 is the button
Seat 1: _SKR (290)
Seat 2: BustaReums (330)
Seat 3: Medhi92100 (280)
*** ANTE/BLINDS ***
_SKR posts small blind 20
BustaReums posts big blind 40
Dealt to _SKR [Kc Jc]
*** PRE-FLOP *** 
Medhi92100 raises 240 to 280 and is all-in
_SKR raises 10 to 290 and is all-in
BustaReums folds
*** FLOP *** [Jh 4d 5s]
*** TURN *** [Jh 4d 5s][7s]
*** RIVER *** [Jh 4d 5s 7s][4h]
*** SHOW DOWN ***
Medhi92100 shows [Td Qc] (One pair : 4)
_SKR shows [Kc Jc] (Two pairs : Jacks and 4)
_SKR collected 610 from pot
*** SUMMARY ***
Total pot 610 | No rake
Board: [Jh 4d 5s 7s 4h]
Seat 1: _SKR (small blind) showed [Kc Jc] and won 610 with Two pairs : Jacks and 4
Seat 3: Medhi92100 (button) showed [Td Qc] and lost with One pair : 4


Winamax Poker - Tournament "Expresso Nitro" buyIn: 0.93€ + 0.07€ level: 3 - HandId: #2718632157118464001-11-1676292751 - Holdem no limit (20/40) - 2023/02/13 12:52:31 UTC
Table: 'Expresso Nitro(632980875)#0' 3-max (real money) Seat #2 is the button
Seat 1: _SKR (610)
Seat 2: BustaReums (290)
*** ANTE/BLINDS ***
BustaReums posts small blind 20
_SKR posts big blind 40
Dealt to _SKR [2c 5c]
*** PRE-FLOP *** 
BustaReums raises 250 to 290 and is all-in
_SKR folds
BustaReums collected 330 from pot
*** SUMMARY ***
Total pot 330 | No rake
Seat 2: BustaReums (small blind) (button) won 330


Winamax Poker - Tournament "Expresso Nitro" buyIn: 0.93€ + 0.07€ level: 3 - HandId: #2718632157118464001-12-1676292767 - Holdem no limit (20/40) - 2023/02/13 12:52:47 UTC
Table: 'Expresso Nitro(632980875)#0' 3-max (real money) Seat #1 is the button
Seat 1: _SKR (570)
Seat 2: BustaReums (330)
*** ANTE/BLINDS ***
_SKR posts small blind 20
BustaReums posts big blind 40
Dealt to _SKR [9d 5d]
*** PRE-FLOP *** 
_SKR calls 20
BustaReums raises 290 to 330 and is all-in
_SKR folds
BustaReums collected 370 from pot
*** SUMMARY ***
Total pot 370 | No rake
Seat 2: BustaReums (big blind) won 370


Winamax Poker - Tournament "Expresso Nitro" buyIn: 0.93€ + 0.07€ level: 4 - HandId: #2718632157118464001-13-1676292779 - Holdem no limit (30/60) - 2023/02/13 12:52:59 UTC
Table: 'Expresso Nitro(632980875)#0' 3-max (real money) Seat #2 is the button
Seat 1: _SKR (530)
Seat 2: BustaReums (370)
*** ANTE/BLINDS ***
BustaReums posts small blind 30
_SKR posts big blind 60
Dealt to _SKR [Jh 5h]
*** PRE-FLOP *** 
BustaReums raises 310 to 370 and is all-in
_SKR folds
BustaReums collected 430 from pot
*** SUMMARY ***
Total pot 430 | No rake
Seat 2: BustaReums (small blind) (button) won 430


Winamax Poker - Tournament "Expresso Nitro" buyIn: 0.93€ + 0.07€ level: 4 - HandId: #2718632157118464001-14-1676292791 - Holdem no limit (30/60) - 2023/02/13 12:53:11 UTC
Table: 'Expresso Nitro(632980875)#0' 3-max (real money) Seat #1 is the button
Seat 1: _SKR (470)
Seat 2: BustaReums (430)
*** ANTE/BLINDS ***
_SKR posts small blind 30
BustaReums posts big blind 60
Dealt to _SKR [3s 3h]
*** PRE-FLOP *** 
_SKR raises 410 to 470 and is all-in
BustaReums folds
_SKR collected 530 from pot
*** SUMMARY ***
Total pot 530 | No rake
Seat 1: _SKR (small blind) (button) won 530


Winamax Poker - Tournament "Expresso Nitro" buyIn: 0.93€ + 0.07€ level: 4 - HandId: #2718632157118464001-15-1676292797 - Holdem no limit (30/60) - 2023/02/13 12:53:17 UTC
Table: 'Expresso Nitro(632980875)#0' 3-max (real money) Seat #2 is the button
Seat 1: _SKR (530)
Seat 2: BustaReums (370)
*** ANTE/BLINDS ***
BustaReums posts small blind 30
_SKR posts big blind 60
Dealt to _SKR [4c Kd]
*** PRE-FLOP *** 
BustaReums folds
_SKR collected 90 from pot
*** SUMMARY ***
Total pot 90 | No rake
Seat 1: _SKR (big blind) won 90


Winamax Poker - Tournament "Expresso Nitro" buyIn: 0.93€ + 0.07€ level: 4 - HandId: #2718632157118464001-16-1676292802 - Holdem no limit (30/60) - 2023/02/13 12:53:22 UTC
Table: 'Expresso Nitro(632980875)#0' 3-max (real money) Seat #1 is the button
Seat 1: _SKR (560)
Seat 2: BustaReums (340)
*** ANTE/BLINDS ***
_SKR posts small blind 30
BustaReums posts big blind 60
Dealt to _SKR [As 9h]
*** PRE-FLOP *** 
_SKR raises 500 to 560 and is all-in
BustaReums calls 280 and is all-in
*** FLOP *** [Tc Kc 5c]
*** TURN *** [Tc Kc 5c][2h]
*** RIVER *** [Tc Kc 5c 2h][6s]
*** SHOW DOWN ***
_SKR shows [As 9h] (High card : Ace)
BustaReums shows [Kh Jd] (One pair : Kings)
BustaReums collected 680 from main pot
_SKR collected 220 from side pot 1
*** SUMMARY ***
Total pot 900 | No rake
Board: [Tc Kc 5c 2h 6s]
Seat 1: _SKR (small blind) (button) showed [As 9h] and won 220 with High card : Ace
Seat 2: BustaReums (big blind) showed [Kh Jd] and won 680 with One pair : Kings


Winamax Poker - Tournament "Expresso Nitro" buyIn: 0.93€ + 0.07€ level: 4 - HandId: #2718632157118464001-17-1676292815 - Holdem no limit (30/60) - 2023/02/13 12:53:35 UTC
Table: 'Expresso Nitro(632980875)#0' 3-max (real money) Seat #2 is the button
Seat 1: _SKR (220)
Seat 2: BustaReums (680)
*** ANTE/BLINDS ***
BustaReums posts small blind 30
_SKR posts big blind 60
Dealt to _SKR [2h As]
*** PRE-FLOP *** 
BustaReums folds
_SKR collected 90 from pot
*** SUMMARY ***
Total pot 90 | No rake
Seat 1: _SKR (big blind) won 90


Winamax Poker - Tournament "Expresso Nitro" buyIn: 0.93€ + 0.07€ level: 4 - HandId: #2718632157118464001-18-1676292819 - Holdem no limit (30/60) - 2023/02/13 12:53:39 UTC
Table: 'Expresso Nitro(632980875)#0' 3-max (real money) Seat #1 is the button
Seat 1: _SKR (250)
Seat 2: BustaReums (650)
*** ANTE/BLINDS ***
_SKR posts small blind 30
BustaReums posts big blind 60
Dealt to _SKR [8s Kh]
*** PRE-FLOP *** 
_SKR raises 190 to 250 and is all-in
BustaReums calls 190
*** FLOP *** [9s 8d 7s]
*** TURN *** [9s 8d 7s][3s]
*** RIVER *** [9s 8d 7s 3s][2c]
*** SHOW DOWN ***
BustaReums shows [4c As] (High card : Ace)
_SKR shows [8s Kh] (One pair : 8)
_SKR collected 500 from pot
*** SUMMARY ***
Total pot 500 | No rake
Board: [9s 8d 7s 3s 2c]
Seat 1: _SKR (small blind) (button) showed [8s Kh] and won 500 with One pair : 8
Seat 2: BustaReums (big blind) showed [4c As] and lost with High card : Ace


Winamax Poker - Tournament "Expresso Nitro" buyIn: 0.93€ + 0.07€ level: 5 - HandId: #2718632157118464001-19-1676292832 - Holdem no limit (40/80) - 2023/02/13 12:53:52 UTC
Table: 'Expresso Nitro(632980875)#0' 3-max (real money) Seat #2 is the button
Seat 1: _SKR (500)
Seat 2: BustaReums (400)
*** ANTE/BLINDS ***
BustaReums posts small blind 40
_SKR posts big blind 80
Dealt to _SKR [6h Ts]
*** PRE-FLOP *** 
BustaReums raises 320 to 400 and is all-in
_SKR folds
BustaReums collected 480 from pot
*** SUMMARY ***
Total pot 480 | No rake
Seat 2: BustaReums (small blind) (button) won 480


Winamax Poker - Tournament "Expresso Nitro" buyIn: 0.93€ + 0.07€ level: 5 - HandId: #2718632157118464001-20-1676292843 - Holdem no limit (40/80) - 2023/02/13 12:54:03 UTC
Table: 'Expresso Nitro(632980875)#0' 3-max (real money) Seat #1 is the button
Seat 1: _SKR (420)
Seat 2: BustaReums (480)
*** ANTE/BLINDS ***
_SKR posts small blind 40
BustaReums posts big blind 80
Dealt to _SKR [4d 4s]
*** PRE-FLOP *** 
_SKR raises 340 to 420 and is all-in
BustaReums folds
_SKR collected 500 from pot
*** SUMMARY ***
Total pot 500 | No rake
Seat 1: _SKR (small blind) (button) won 500


Winamax Poker - Tournament "Expresso Nitro" buyIn: 0.93€ + 0.07€ level: 5 - HandId: #2718632157118464001-21-1676292850 - Holdem no limit (40/80) - 2023/02/13 12:54:10 UTC
Table: 'Expresso Nitro(632980875)#0' 3-max (real money) Seat #2 is the button
Seat 1: _SKR (500)
Seat 2: BustaReums (400)
*** ANTE/BLINDS ***
BustaReums posts small blind 40
_SKR posts big blind 80
Dealt to _SKR [9h 8c]
*** PRE-FLOP *** 
BustaReums raises 320 to 400 and is all-in
_SKR folds
BustaReums collected 480 from pot
*** SUMMARY ***
Total pot 480 | No rake
Seat 2: BustaReums (small blind) (button) won 480


Winamax Poker - Tournament "Expresso Nitro" buyIn: 0.93€ + 0.07€ level: 5 - HandId: #2718632157118464001-22-1676292856 - Holdem no limit (40/80) - 2023/02/13 12:54:16 UTC
Table: 'Expresso Nitro(632980875)#0' 3-max (real money) Seat #1 is the button
Seat 1: _SKR (420)
Seat 2: BustaReums (480)
*** ANTE/BLINDS ***
_SKR posts small blind 40
BustaReums posts big blind 80
Dealt to _SKR [5d 7c]
*** PRE-FLOP *** 
_SKR folds
BustaReums collected 120 from pot
*** SUMMARY ***
Total pot 120 | No rake
Seat 2: BustaReums (big blind) won 120


Winamax Poker - Tournament "Expresso Nitro" buyIn: 0.93€ + 0.07€ level: 5 - HandId: #2718632157118464001-23-1676292859 - Holdem no limit (40/80) - 2023/02/13 12:54:19 UTC
Table: 'Expresso Nitro(632980875)#0' 3-max (real money) Seat #2 is the button
Seat 1: _SKR (380)
Seat 2: BustaReums (520)
*** ANTE/BLINDS ***
BustaReums posts small blind 40
_SKR posts big blind 80
Dealt to _SKR [3d 4d]
*** PRE-FLOP *** 
BustaReums raises 440 to 520 and is all-in
_SKR folds
BustaReums collected 600 from pot
*** SUMMARY ***
Total pot 600 | No rake
Seat 2: BustaReums (small blind) (button) won 600


Winamax Poker - Tournament "Expresso Nitro" buyIn: 0.93€ + 0.07€ level: 5 - HandId: #2718632157118464001-24-1676292865 - Holdem no limit (40/80) - 2023/02/13 12:54:25 UTC
Table: 'Expresso Nitro(632980875)#0' 3-max (real money) Seat #1 is the button
Seat 1: _SKR (300)
Seat 2: BustaReums (600)
*** ANTE/BLINDS ***
_SKR posts small blind 40
BustaReums posts big blind 80
Dealt to _SKR [2h 3s]
*** PRE-FLOP *** 
_SKR folds
BustaReums collected 120 from pot
*** SUMMARY ***
Total pot 120 | No rake
Seat 2: BustaReums (big blind) won 120


Winamax Poker - Tournament "Expresso Nitro" buyIn: 0.93€ + 0.07€ level: 5 - HandId: #2718632157118464001-25-1676292869 - Holdem no limit (40/80) - 2023/02/13 12:54:29 UTC
Table: 'Expresso Nitro(632980875)#0' 3-max (real money) Seat #2 is the button
Seat 1: _SKR (260)
Seat 2: BustaReums (640)
*** ANTE/BLINDS ***
BustaReums posts small blind 40
_SKR posts big blind 80
Dealt to _SKR [3s Ah]
*** PRE-FLOP *** 
BustaReums raises 560 to 640 and is all-in
_SKR calls 180 and is all-in
*** FLOP *** [Qc Qh 8d]
*** TURN *** [Qc Qh 8d][4c]
*** RIVER *** [Qc Qh 8d 4c][Th]
*** SHOW DOWN ***
_SKR shows [3s Ah] (One pair : Queens)
BustaReums shows [7h 6c] (One pair : Queens)
BustaReums collected 380 from side pot 1
_SKR collected 520 from main pot
*** SUMMARY ***
Total pot 900 | No rake
Board: [Qc Qh 8d 4c Th]
Seat 1: _SKR (big blind) showed [3s Ah] and won 520 with One pair : Queens
Seat 2: BustaReums (small blind) (button) showed [7h 6c] and won 380 with One pair : Queens


Winamax Poker - Tournament "Expresso Nitro" buyIn: 0.93€ + 0.07€ level: 5 - HandId: #2718632157118464001-26-1676292880 - Holdem no limit (40/80) - 2023/02/13 12:54:40 UTC
Table: 'Expresso Nitro(632980875)#0' 3-max (real money) Seat #1 is the button
Seat 1: _SKR (520)
Seat 2: BustaReums (380)
*** ANTE/BLINDS ***
_SKR posts small blind 40
BustaReums posts big blind 80
Dealt to _SKR [Ks Ts]
*** PRE-FLOP *** 
_SKR raises 440 to 520 and is all-in
BustaReums folds
_SKR collected 600 from pot
*** SUMMARY ***
Total pot 600 | No rake
Seat 1: _SKR (small blind) (button) won 600


Winamax Poker - Tournament "Expresso Nitro" buyIn: 0.93€ + 0.07€ level: 5 - HandId: #2718632157118464001-27-1676292887 - Holdem no limit (40/80) - 2023/02/13 12:54:47 UTC
Table: 'Expresso Nitro(632980875)#0' 3-max (real money) Seat #2 is the button
Seat 1: _SKR (600)
Seat 2: BustaReums (300)
*** ANTE/BLINDS ***
BustaReums posts small blind 40
_SKR posts big blind 80
Dealt to _SKR [8c 9s]
*** PRE-FLOP *** 
BustaReums raises 220 to 300 and is all-in
_SKR calls 220
*** FLOP *** [2h 2d Ac]
*** TURN *** [2h 2d Ac][Qs]
*** RIVER *** [2h 2d Ac Qs][Ad]
*** SHOW DOWN ***
_SKR shows [8c 9s] (Two pairs : Aces and 2)
BustaReums shows [6c Th] (Two pairs : Aces and 2)
BustaReums collected 300 from pot
_SKR collected 300 from pot
*** SUMMARY ***
Total pot 600 | No rake
Board: [2h 2d Ac Qs Ad]
Seat 1: _SKR (big blind) showed [8c 9s] and won 300 with Two pairs : Aces and 2
Seat 2: BustaReums (small blind) (button) showed [6c Th] and won 300 with Two pairs : Aces and 2


Winamax Poker - Tournament "Expresso Nitro" buyIn: 0.93€ + 0.07€ level: 6 - HandId: #2718632157118464001-28-1676292901 - Holdem no limit (50/100) - 2023/02/13 12:55:01 UTC
Table: 'Expresso Nitro(632980875)#0' 3-max (real money) Seat #1 is the button
Seat 1: _SKR (600)
Seat 2: BustaReums (300)
*** ANTE/BLINDS ***
_SKR posts small blind 50
BustaReums posts big blind 100
Dealt to _SKR [9h 5h]
*** PRE-FLOP *** 
_SKR raises 500 to 600 and is all-in
BustaReums calls 200 and is all-in
*** FLOP *** [2d 2s Jc]
*** TURN *** [2d 2s Jc][4c]
*** RIVER *** [2d 2s Jc 4c][3c]
*** SHOW DOWN ***
BustaReums shows [8d 6s] (One pair : 2)
_SKR shows [9h 5h] (One pair : 2)
_SKR collected 900 from pot
*** SUMMARY ***
Total pot 900 | No rake
Board: [2d 2s Jc 4c 3c]
Seat 1: _SKR (small blind) (button) showed [9h 5h] and won 900 with One pair : 2
Seat 2: BustaReums (big blind) showed [8d 6s] and lost with One pair : 2


