Winamax Poker - Tournament "Expresso Nitro" buyIn: 1.86€ + 0.14€ level: 1 - HandId: #2695236164587094017-1-1675001549 - Holdem no limit (10/20) - 2023/01/29 14:12:29 UTC
Table: 'Expresso Nitro(627533571)#0' 3-max (real money) Seat #2 is the button
Seat 1: laurarob1 (300)
Seat 2: _SKR (300)
Seat 3: chimilipip (300)
*** ANTE/BLINDS ***
chimilipip posts small blind 10
laurarob1 posts big blind 20
Dealt to _SKR [9d 3h]
*** PRE-FLOP *** 
_SKR folds
chimilipip folds
laurarob1 collected 30 from pot
*** SUMMARY ***
Total pot 30 | No rake
Seat 1: laurarob1 (big blind) won 30


Winamax Poker - Tournament "Expresso Nitro" buyIn: 1.86€ + 0.14€ level: 1 - HandId: #2695236164587094017-2-1675001561 - Holdem no limit (10/20) - 2023/01/29 14:12:41 UTC
Table: 'Expresso Nitro(627533571)#0' 3-max (real money) Seat #3 is the button
Seat 1: laurarob1 (310)
Seat 2: _SKR (300)
Seat 3: chimilipip (290)
*** ANTE/BLINDS ***
laurarob1 posts small blind 10
_SKR posts big blind 20
Dealt to _SKR [Td Ac]
*** PRE-FLOP *** 
chimilipip folds
laurarob1 calls 10
_SKR raises 280 to 300 and is all-in
laurarob1 folds
_SKR collected 320 from pot
*** SUMMARY ***
Total pot 320 | No rake
Seat 2: _SKR (big blind) won 320


Winamax Poker - Tournament "Expresso Nitro" buyIn: 1.86€ + 0.14€ level: 1 - HandId: #2695236164587094017-3-1675001572 - Holdem no limit (10/20) - 2023/01/29 14:12:52 UTC
Table: 'Expresso Nitro(627533571)#0' 3-max (real money) Seat #1 is the button
Seat 1: laurarob1 (290)
Seat 2: _SKR (320)
Seat 3: chimilipip (290)
*** ANTE/BLINDS ***
_SKR posts small blind 10
chimilipip posts big blind 20
Dealt to _SKR [Tc 7c]
*** PRE-FLOP *** 
laurarob1 calls 20
_SKR folds
chimilipip raises 40 to 60
laurarob1 calls 40
*** FLOP *** [4s As 5h]
chimilipip bets 46
laurarob1 calls 46
*** TURN *** [4s As 5h][Jc]
chimilipip checks
laurarob1 bets 78
chimilipip folds
laurarob1 collected 300 from pot
*** SUMMARY ***
Total pot 300 | No rake
Board: [4s As 5h Jc]
Seat 1: laurarob1 (button) won 300


Winamax Poker - Tournament "Expresso Nitro" buyIn: 1.86€ + 0.14€ level: 1 - HandId: #2695236164587094017-4-1675001590 - Holdem no limit (10/20) - 2023/01/29 14:13:10 UTC
Table: 'Expresso Nitro(627533571)#0' 3-max (real money) Seat #2 is the button
Seat 1: laurarob1 (406)
Seat 2: _SKR (310)
Seat 3: chimilipip (184)
*** ANTE/BLINDS ***
chimilipip posts small blind 10
laurarob1 posts big blind 20
Dealt to _SKR [Qs 9c]
*** PRE-FLOP *** 
_SKR folds
chimilipip folds
laurarob1 collected 30 from pot
*** SUMMARY ***
Total pot 30 | No rake
Seat 1: laurarob1 (big blind) won 30


Winamax Poker - Tournament "Expresso Nitro" buyIn: 1.86€ + 0.14€ level: 1 - HandId: #2695236164587094017-5-1675001595 - Holdem no limit (10/20) - 2023/01/29 14:13:15 UTC
Table: 'Expresso Nitro(627533571)#0' 3-max (real money) Seat #3 is the button
Seat 1: laurarob1 (416)
Seat 2: _SKR (310)
Seat 3: chimilipip (174)
*** ANTE/BLINDS ***
laurarob1 posts small blind 10
_SKR posts big blind 20
Dealt to _SKR [4s Td]
*** PRE-FLOP *** 
chimilipip raises 154 to 174 and is all-in
laurarob1 folds
_SKR folds
chimilipip collected 204 from pot
*** SUMMARY ***
Total pot 204 | No rake
Seat 3: chimilipip (button) won 204


Winamax Poker - Tournament "Expresso Nitro" buyIn: 1.86€ + 0.14€ level: 2 - HandId: #2695236164587094017-6-1675001608 - Holdem no limit (15/30) - 2023/01/29 14:13:28 UTC
Table: 'Expresso Nitro(627533571)#0' 3-max (real money) Seat #1 is the button
Seat 1: laurarob1 (406)
Seat 2: _SKR (290)
Seat 3: chimilipip (204)
*** ANTE/BLINDS ***
_SKR posts small blind 15
chimilipip posts big blind 30
Dealt to _SKR [Jd 3h]
*** PRE-FLOP *** 
laurarob1 folds
_SKR folds
chimilipip collected 45 from pot
*** SUMMARY ***
Total pot 45 | No rake
Seat 3: chimilipip (big blind) won 45


Winamax Poker - Tournament "Expresso Nitro" buyIn: 1.86€ + 0.14€ level: 2 - HandId: #2695236164587094017-7-1675001614 - Holdem no limit (15/30) - 2023/01/29 14:13:34 UTC
Table: 'Expresso Nitro(627533571)#0' 3-max (real money) Seat #2 is the button
Seat 1: laurarob1 (406)
Seat 2: _SKR (275)
Seat 3: chimilipip (219)
*** ANTE/BLINDS ***
chimilipip posts small blind 15
laurarob1 posts big blind 30
Dealt to _SKR [Ah 5d]
*** PRE-FLOP *** 
_SKR raises 245 to 275 and is all-in
chimilipip calls 204 and is all-in
laurarob1 calls 245
*** FLOP *** [Js Ad 3s]
*** TURN *** [Js Ad 3s][3c]
*** RIVER *** [Js Ad 3s 3c][8s]
*** SHOW DOWN ***
laurarob1 shows [Ac 6d] (Two pairs : Aces and 3)
_SKR shows [Ah 5d] (Two pairs : Aces and 3)
chimilipip shows [As 4s] (Flush Ace high)
chimilipip collected 657 from main pot
_SKR collected 56 from side pot 1
laurarob1 collected 56 from side pot 1
*** SUMMARY ***
Total pot 769 | No rake
Board: [Js Ad 3s 3c 8s]
Seat 1: laurarob1 (big blind) showed [Ac 6d] and won 56 with Two pairs : Aces and 3
Seat 2: _SKR (button) showed [Ah 5d] and won 56 with Two pairs : Aces and 3
Seat 3: chimilipip (small blind) showed [As 4s] and won 657 with Flush Ace high


Winamax Poker - Tournament "Expresso Nitro" buyIn: 1.86€ + 0.14€ level: 2 - HandId: #2695236164587094017-8-1675001633 - Holdem no limit (15/30) - 2023/01/29 14:13:53 UTC
Table: 'Expresso Nitro(627533571)#0' 3-max (real money) Seat #3 is the button
Seat 1: laurarob1 (187)
Seat 2: _SKR (56)
Seat 3: chimilipip (657)
*** ANTE/BLINDS ***
laurarob1 posts small blind 15
_SKR posts big blind 30
Dealt to _SKR [8d 5d]
*** PRE-FLOP *** 
chimilipip raises 45 to 75
laurarob1 folds
_SKR calls 26 and is all-in
*** FLOP *** [Kh 6s 8c]
*** TURN *** [Kh 6s 8c][7h]
*** RIVER *** [Kh 6s 8c 7h][3s]
*** SHOW DOWN ***
_SKR shows [8d 5d] (One pair : 8)
chimilipip shows [Qd Qs] (One pair : Queens)
chimilipip collected 146 from pot
*** SUMMARY ***
Total pot 146 | No rake
Board: [Kh 6s 8c 7h 3s]
Seat 2: _SKR (big blind) showed [8d 5d] and lost with One pair : 8
Seat 3: chimilipip (button) showed [Qd Qs] and won 146 with One pair : Queens


