Winamax Poker - Tournament "Expresso Nitro" buyIn: 0.93€ + 0.07€ level: 1 - HandId: #2730597171500941313-1-1676987762 - Holdem no limit (10/20) - 2023/02/21 13:56:02 UTC
Table: 'Expresso Nitro(635766697)#0' 3-max (real money) Seat #1 is the button
Seat 1: _SKR (300)
Seat 2: Minasi (300)
Seat 3: JEFFTONIGHT (300)
*** ANTE/BLINDS ***
Minasi posts small blind 10
JEFFTONIGHT posts big blind 20
Dealt to _SKR [Td Ah]
*** PRE-FLOP *** 
_SKR raises 20 to 40
Minasi calls 30
JEFFTONIGHT calls 20
*** FLOP *** [3c 6c 5c]
Minasi checks
JEFFTONIGHT checks
_SKR checks
*** TURN *** [3c 6c 5c][Js]
Minasi checks
JEFFTONIGHT checks
_SKR checks
*** RIVER *** [3c 6c 5c Js][4s]
Minasi bets 120
JEFFTONIGHT folds
_SKR folds
Minasi collected 240 from pot
*** SUMMARY ***
Total pot 240 | No rake
Board: [3c 6c 5c Js 4s]
Seat 2: Minasi (small blind) won 240


Winamax Poker - Tournament "Expresso Nitro" buyIn: 0.93€ + 0.07€ level: 2 - HandId: #2730597171500941313-2-1676987822 - Holdem no limit (15/30) - 2023/02/21 13:57:02 UTC
Table: 'Expresso Nitro(635766697)#0' 3-max (real money) Seat #2 is the button
Seat 1: _SKR (260)
Seat 2: Minasi (380)
Seat 3: JEFFTONIGHT (260)
*** ANTE/BLINDS ***
JEFFTONIGHT posts small blind 15
_SKR posts big blind 30
Dealt to _SKR [7c 4d]
*** PRE-FLOP *** 
Minasi folds
JEFFTONIGHT folds
_SKR collected 45 from pot
*** SUMMARY ***
Total pot 45 | No rake
Seat 1: _SKR (big blind) won 45


Winamax Poker - Tournament "Expresso Nitro" buyIn: 0.93€ + 0.07€ level: 2 - HandId: #2730597171500941313-3-1676987841 - Holdem no limit (15/30) - 2023/02/21 13:57:21 UTC
Table: 'Expresso Nitro(635766697)#0' 3-max (real money) Seat #3 is the button
Seat 1: _SKR (275)
Seat 2: Minasi (380)
Seat 3: JEFFTONIGHT (245)
*** ANTE/BLINDS ***
_SKR posts small blind 15
Minasi posts big blind 30
Dealt to _SKR [Ac 6d]
*** PRE-FLOP *** 
JEFFTONIGHT folds
_SKR raises 245 to 275 and is all-in
Minasi folds
_SKR collected 305 from pot
*** SUMMARY ***
Total pot 305 | No rake
Seat 1: _SKR (small blind) won 305


Winamax Poker - Tournament "Expresso Nitro" buyIn: 0.93€ + 0.07€ level: 2 - HandId: #2730597171500941313-4-1676987855 - Holdem no limit (15/30) - 2023/02/21 13:57:35 UTC
Table: 'Expresso Nitro(635766697)#0' 3-max (real money) Seat #1 is the button
Seat 1: _SKR (305)
Seat 2: Minasi (350)
Seat 3: JEFFTONIGHT (245)
*** ANTE/BLINDS ***
Minasi posts small blind 15
JEFFTONIGHT posts big blind 30
Dealt to _SKR [6c 5h]
*** PRE-FLOP *** 
_SKR folds
Minasi calls 15
JEFFTONIGHT raises 215 to 245 and is all-in
Minasi calls 215
*** FLOP *** [2c Th 7s]
*** TURN *** [2c Th 7s][4c]
*** RIVER *** [2c Th 7s 4c][Qs]
*** SHOW DOWN ***
Minasi shows [9d Jd] (High card : Queen)
JEFFTONIGHT shows [4s Ad] (One pair : 4)
JEFFTONIGHT collected 490 from pot
*** SUMMARY ***
Total pot 490 | No rake
Board: [2c Th 7s 4c Qs]
Seat 2: Minasi (small blind) showed [9d Jd] and lost with High card : Queen
Seat 3: JEFFTONIGHT (big blind) showed [4s Ad] and won 490 with One pair : 4


Winamax Poker - Tournament "Expresso Nitro" buyIn: 0.93€ + 0.07€ level: 3 - HandId: #2730597171500941313-5-1676987883 - Holdem no limit (20/40) - 2023/02/21 13:58:03 UTC
Table: 'Expresso Nitro(635766697)#0' 3-max (real money) Seat #2 is the button
Seat 1: _SKR (305)
Seat 2: Minasi (105)
Seat 3: JEFFTONIGHT (490)
*** ANTE/BLINDS ***
JEFFTONIGHT posts small blind 20
_SKR posts big blind 40
Dealt to _SKR [Tc 5d]
*** PRE-FLOP *** 
Minasi folds
JEFFTONIGHT folds
_SKR collected 60 from pot
*** SUMMARY ***
Total pot 60 | No rake
Seat 1: _SKR (big blind) won 60


Winamax Poker - Tournament "Expresso Nitro" buyIn: 0.93€ + 0.07€ level: 3 - HandId: #2730597171500941313-6-1676987902 - Holdem no limit (20/40) - 2023/02/21 13:58:22 UTC
Table: 'Expresso Nitro(635766697)#0' 3-max (real money) Seat #3 is the button
Seat 1: _SKR (325)
Seat 2: Minasi (105)
Seat 3: JEFFTONIGHT (470)
*** ANTE/BLINDS ***
_SKR posts small blind 20
Minasi posts big blind 40
Dealt to _SKR [2h Kh]
*** PRE-FLOP *** 
JEFFTONIGHT calls 40
_SKR raises 285 to 325 and is all-in
Minasi calls 65 and is all-in
JEFFTONIGHT folds
*** FLOP *** [3h 4d 9s]
*** TURN *** [3h 4d 9s][3d]
*** RIVER *** [3h 4d 9s 3d][6c]
*** SHOW DOWN ***
Minasi shows [7s 8d] (One pair : 3)
_SKR shows [2h Kh] (One pair : 3)
_SKR collected 470 from pot
*** SUMMARY ***
Total pot 470 | No rake
Board: [3h 4d 9s 3d 6c]
Seat 1: _SKR (small blind) showed [2h Kh] and won 470 with One pair : 3
Seat 2: Minasi (big blind) showed [7s 8d] and lost with One pair : 3


Winamax Poker - Tournament "Expresso Nitro" buyIn: 0.93€ + 0.07€ level: 3 - HandId: #2730597171500941313-7-1676987934 - Holdem no limit (20/40) - 2023/02/21 13:58:54 UTC
Table: 'Expresso Nitro(635766697)#0' 3-max (real money) Seat #3 is the button
Seat 1: _SKR (470)
Seat 3: JEFFTONIGHT (430)
*** ANTE/BLINDS ***
JEFFTONIGHT posts small blind 20
_SKR posts big blind 40
Dealt to _SKR [8d Qs]
*** PRE-FLOP *** 
JEFFTONIGHT raises 50 to 90
_SKR calls 50
*** FLOP *** [Js 3s Jc]
_SKR checks
JEFFTONIGHT bets 340 and is all-in
_SKR folds
JEFFTONIGHT collected 520 from pot
*** SUMMARY ***
Total pot 520 | No rake
Board: [Js 3s Jc]
Seat 3: JEFFTONIGHT (small blind) (button) won 520


Winamax Poker - Tournament "Expresso Nitro" buyIn: 0.93€ + 0.07€ level: 4 - HandId: #2730597171500941313-8-1676987956 - Holdem no limit (30/60) - 2023/02/21 13:59:16 UTC
Table: 'Expresso Nitro(635766697)#0' 3-max (real money) Seat #1 is the button
Seat 1: _SKR (380)
Seat 3: JEFFTONIGHT (520)
*** ANTE/BLINDS ***
_SKR posts small blind 30
JEFFTONIGHT posts big blind 60
Dealt to _SKR [5d Kc]
*** PRE-FLOP *** 
_SKR raises 320 to 380 and is all-in
JEFFTONIGHT folds
_SKR collected 440 from pot
*** SUMMARY ***
Total pot 440 | No rake
Seat 1: _SKR (small blind) (button) won 440


Winamax Poker - Tournament "Expresso Nitro" buyIn: 0.93€ + 0.07€ level: 4 - HandId: #2730597171500941313-9-1676987970 - Holdem no limit (30/60) - 2023/02/21 13:59:30 UTC
Table: 'Expresso Nitro(635766697)#0' 3-max (real money) Seat #3 is the button
Seat 1: _SKR (440)
Seat 3: JEFFTONIGHT (460)
*** ANTE/BLINDS ***
JEFFTONIGHT posts small blind 30
_SKR posts big blind 60
Dealt to _SKR [Qh Tc]
*** PRE-FLOP *** 
JEFFTONIGHT calls 30
_SKR raises 380 to 440 and is all-in
JEFFTONIGHT folds
_SKR collected 500 from pot
*** SUMMARY ***
Total pot 500 | No rake
Seat 1: _SKR (big blind) won 500


Winamax Poker - Tournament "Expresso Nitro" buyIn: 0.93€ + 0.07€ level: 4 - HandId: #2730597171500941313-10-1676987990 - Holdem no limit (30/60) - 2023/02/21 13:59:50 UTC
Table: 'Expresso Nitro(635766697)#0' 3-max (real money) Seat #1 is the button
Seat 1: _SKR (500)
Seat 3: JEFFTONIGHT (400)
*** ANTE/BLINDS ***
_SKR posts small blind 30
JEFFTONIGHT posts big blind 60
Dealt to _SKR [Jc 9h]
*** PRE-FLOP *** 
_SKR raises 440 to 500 and is all-in
JEFFTONIGHT folds
_SKR collected 560 from pot
*** SUMMARY ***
Total pot 560 | No rake
Seat 1: _SKR (small blind) (button) won 560


Winamax Poker - Tournament "Expresso Nitro" buyIn: 0.93€ + 0.07€ level: 4 - HandId: #2730597171500941313-11-1676987996 - Holdem no limit (30/60) - 2023/02/21 13:59:56 UTC
Table: 'Expresso Nitro(635766697)#0' 3-max (real money) Seat #3 is the button
Seat 1: _SKR (560)
Seat 3: JEFFTONIGHT (340)
*** ANTE/BLINDS ***
JEFFTONIGHT posts small blind 30
_SKR posts big blind 60
Dealt to _SKR [Th 9s]
*** PRE-FLOP *** 
JEFFTONIGHT raises 280 to 340 and is all-in
_SKR folds
JEFFTONIGHT collected 400 from pot
*** SUMMARY ***
Total pot 400 | No rake
Seat 3: JEFFTONIGHT (small blind) (button) won 400


Winamax Poker - Tournament "Expresso Nitro" buyIn: 0.93€ + 0.07€ level: 5 - HandId: #2730597171500941313-12-1676988004 - Holdem no limit (40/80) - 2023/02/21 14:00:04 UTC
Table: 'Expresso Nitro(635766697)#0' 3-max (real money) Seat #1 is the button
Seat 1: _SKR (500)
Seat 3: JEFFTONIGHT (400)
*** ANTE/BLINDS ***
_SKR posts small blind 40
JEFFTONIGHT posts big blind 80
Dealt to _SKR [6d As]
*** PRE-FLOP *** 
_SKR raises 420 to 500 and is all-in
JEFFTONIGHT folds
_SKR collected 580 from pot
*** SUMMARY ***
Total pot 580 | No rake
Seat 1: _SKR (small blind) (button) won 580


Winamax Poker - Tournament "Expresso Nitro" buyIn: 0.93€ + 0.07€ level: 5 - HandId: #2730597171500941313-13-1676988014 - Holdem no limit (40/80) - 2023/02/21 14:00:14 UTC
Table: 'Expresso Nitro(635766697)#0' 3-max (real money) Seat #3 is the button
Seat 1: _SKR (580)
Seat 3: JEFFTONIGHT (320)
*** ANTE/BLINDS ***
JEFFTONIGHT posts small blind 40
_SKR posts big blind 80
Dealt to _SKR [5c 6h]
*** PRE-FLOP *** 
JEFFTONIGHT folds
_SKR collected 120 from pot
*** SUMMARY ***
Total pot 120 | No rake
Seat 1: _SKR (big blind) won 120


Winamax Poker - Tournament "Expresso Nitro" buyIn: 0.93€ + 0.07€ level: 5 - HandId: #2730597171500941313-14-1676988026 - Holdem no limit (40/80) - 2023/02/21 14:00:26 UTC
Table: 'Expresso Nitro(635766697)#0' 3-max (real money) Seat #1 is the button
Seat 1: _SKR (620)
Seat 3: JEFFTONIGHT (280)
*** ANTE/BLINDS ***
_SKR posts small blind 40
JEFFTONIGHT posts big blind 80
Dealt to _SKR [9s 5c]
*** PRE-FLOP *** 
_SKR folds
JEFFTONIGHT collected 120 from pot
*** SUMMARY ***
Total pot 120 | No rake
Seat 3: JEFFTONIGHT (big blind) won 120


Winamax Poker - Tournament "Expresso Nitro" buyIn: 0.93€ + 0.07€ level: 5 - HandId: #2730597171500941313-15-1676988031 - Holdem no limit (40/80) - 2023/02/21 14:00:31 UTC
Table: 'Expresso Nitro(635766697)#0' 3-max (real money) Seat #3 is the button
Seat 1: _SKR (580)
Seat 3: JEFFTONIGHT (320)
*** ANTE/BLINDS ***
JEFFTONIGHT posts small blind 40
_SKR posts big blind 80
Dealt to _SKR [2h 7s]
*** PRE-FLOP *** 
JEFFTONIGHT folds
_SKR collected 120 from pot
*** SUMMARY ***
Total pot 120 | No rake
Seat 1: _SKR (big blind) won 120


Winamax Poker - Tournament "Expresso Nitro" buyIn: 0.93€ + 0.07€ level: 5 - HandId: #2730597171500941313-16-1676988041 - Holdem no limit (40/80) - 2023/02/21 14:00:41 UTC
Table: 'Expresso Nitro(635766697)#0' 3-max (real money) Seat #1 is the button
Seat 1: _SKR (620)
Seat 3: JEFFTONIGHT (280)
*** ANTE/BLINDS ***
_SKR posts small blind 40
JEFFTONIGHT posts big blind 80
Dealt to _SKR [6c 3s]
*** PRE-FLOP *** 
_SKR folds
JEFFTONIGHT collected 120 from pot
*** SUMMARY ***
Total pot 120 | No rake
Seat 3: JEFFTONIGHT (big blind) won 120


Winamax Poker - Tournament "Expresso Nitro" buyIn: 0.93€ + 0.07€ level: 5 - HandId: #2730597171500941313-17-1676988045 - Holdem no limit (40/80) - 2023/02/21 14:00:45 UTC
Table: 'Expresso Nitro(635766697)#0' 3-max (real money) Seat #3 is the button
Seat 1: _SKR (580)
Seat 3: JEFFTONIGHT (320)
*** ANTE/BLINDS ***
JEFFTONIGHT posts small blind 40
_SKR posts big blind 80
Dealt to _SKR [Qh Qc]
*** PRE-FLOP *** 
JEFFTONIGHT folds
_SKR collected 120 from pot
*** SUMMARY ***
Total pot 120 | No rake
Seat 1: _SKR (big blind) won 120


Winamax Poker - Tournament "Expresso Nitro" buyIn: 0.93€ + 0.07€ level: 5 - HandId: #2730597171500941313-18-1676988051 - Holdem no limit (40/80) - 2023/02/21 14:00:51 UTC
Table: 'Expresso Nitro(635766697)#0' 3-max (real money) Seat #1 is the button
Seat 1: _SKR (620)
Seat 3: JEFFTONIGHT (280)
*** ANTE/BLINDS ***
_SKR posts small blind 40
JEFFTONIGHT posts big blind 80
Dealt to _SKR [Th 9s]
*** PRE-FLOP *** 
_SKR folds
JEFFTONIGHT collected 120 from pot
*** SUMMARY ***
Total pot 120 | No rake
Seat 3: JEFFTONIGHT (big blind) won 120


Winamax Poker - Tournament "Expresso Nitro" buyIn: 0.93€ + 0.07€ level: 5 - HandId: #2730597171500941313-19-1676988054 - Holdem no limit (40/80) - 2023/02/21 14:00:54 UTC
Table: 'Expresso Nitro(635766697)#0' 3-max (real money) Seat #3 is the button
Seat 1: _SKR (580)
Seat 3: JEFFTONIGHT (320)
*** ANTE/BLINDS ***
JEFFTONIGHT posts small blind 40
_SKR posts big blind 80
Dealt to _SKR [6c 5c]
*** PRE-FLOP *** 
JEFFTONIGHT raises 240 to 320 and is all-in
_SKR folds
JEFFTONIGHT collected 400 from pot
*** SUMMARY ***
Total pot 400 | No rake
Seat 3: JEFFTONIGHT (small blind) (button) won 400


Winamax Poker - Tournament "Expresso Nitro" buyIn: 0.93€ + 0.07€ level: 6 - HandId: #2730597171500941313-20-1676988063 - Holdem no limit (50/100) - 2023/02/21 14:01:03 UTC
Table: 'Expresso Nitro(635766697)#0' 3-max (real money) Seat #1 is the button
Seat 1: _SKR (500)
Seat 3: JEFFTONIGHT (400)
*** ANTE/BLINDS ***
_SKR posts small blind 50
JEFFTONIGHT posts big blind 100
Dealt to _SKR [4s Kd]
*** PRE-FLOP *** 
_SKR raises 400 to 500 and is all-in
JEFFTONIGHT calls 300 and is all-in
*** FLOP *** [Ac 3c Qd]
*** TURN *** [Ac 3c Qd][8s]
*** RIVER *** [Ac 3c Qd 8s][Jd]
*** SHOW DOWN ***
_SKR shows [4s Kd] (High card : Ace)
JEFFTONIGHT shows [Ks 3d] (One pair : 3)
JEFFTONIGHT collected 800 from main pot
_SKR collected 100 from side pot 1
*** SUMMARY ***
Total pot 900 | No rake
Board: [Ac 3c Qd 8s Jd]
Seat 1: _SKR (small blind) (button) showed [4s Kd] and won 100 with High card : Ace
Seat 3: JEFFTONIGHT (big blind) showed [Ks 3d] and won 800 with One pair : 3


Winamax Poker - Tournament "Expresso Nitro" buyIn: 0.93€ + 0.07€ level: 6 - HandId: #2730597171500941313-21-1676988087 - Holdem no limit (50/100) - 2023/02/21 14:01:27 UTC
Table: 'Expresso Nitro(635766697)#0' 3-max (real money) Seat #3 is the button
Seat 1: _SKR (100)
Seat 3: JEFFTONIGHT (800)
*** ANTE/BLINDS ***
JEFFTONIGHT posts small blind 50
_SKR posts big blind 100 and is all-in
Dealt to _SKR [Th Qc]
*** PRE-FLOP *** 
JEFFTONIGHT calls 50
*** FLOP *** [9d 7h 6d]
*** TURN *** [9d 7h 6d][Js]
*** RIVER *** [9d 7h 6d Js][6h]
*** SHOW DOWN ***
_SKR shows [Th Qc] (One pair : 6)
JEFFTONIGHT shows [2h Jh] (Two pairs : Jacks and 6)
JEFFTONIGHT collected 200 from pot
*** SUMMARY ***
Total pot 200 | No rake
Board: [9d 7h 6d Js 6h]
Seat 1: _SKR (big blind) showed [Th Qc] and lost with One pair : 6
Seat 3: JEFFTONIGHT (small blind) (button) showed [2h Jh] and won 200 with Two pairs : Jacks and 6


