Winamax Poker - Tournament "Expresso Nitro" buyIn: 0.93€ + 0.07€ level: 1 - HandId: #2671071810996404225-1-1673529692 - Holdem no limit (10/20) - 2023/01/12 13:21:32 UTC
Table: 'Expresso Nitro(621907369)#0' 3-max (real money) Seat #3 is the button
Seat 1: Zizou37 (300)
Seat 2: Sky x power (300)
Seat 3: _SKR (300)
*** ANTE/BLINDS ***
Zizou37 posts small blind 10
Sky x power posts big blind 20
Dealt to _SKR [9s 9h]
*** PRE-FLOP *** 
_SKR raises 280 to 300 and is all-in
Zizou37 folds
Sky x power folds
_SKR collected 330 from pot
*** SUMMARY ***
Total pot 330 | No rake
Seat 3: _SKR (button) won 330


Winamax Poker - Tournament "Expresso Nitro" buyIn: 0.93€ + 0.07€ level: 1 - HandId: #2671071810996404225-2-1673529703 - Holdem no limit (10/20) - 2023/01/12 13:21:43 UTC
Table: 'Expresso Nitro(621907369)#0' 3-max (real money) Seat #1 is the button
Seat 1: Zizou37 (290)
Seat 2: Sky x power (280)
Seat 3: _SKR (330)
*** ANTE/BLINDS ***
Sky x power posts small blind 10
_SKR posts big blind 20
Dealt to _SKR [Ad 4h]
*** PRE-FLOP *** 
Zizou37 folds
Sky x power folds
_SKR collected 30 from pot
*** SUMMARY ***
Total pot 30 | No rake
Seat 3: _SKR (big blind) won 30


Winamax Poker - Tournament "Expresso Nitro" buyIn: 0.93€ + 0.07€ level: 1 - HandId: #2671071810996404225-3-1673529708 - Holdem no limit (10/20) - 2023/01/12 13:21:48 UTC
Table: 'Expresso Nitro(621907369)#0' 3-max (real money) Seat #2 is the button
Seat 1: Zizou37 (290)
Seat 2: Sky x power (270)
Seat 3: _SKR (340)
*** ANTE/BLINDS ***
_SKR posts small blind 10
Zizou37 posts big blind 20
Dealt to _SKR [5h Ac]
*** PRE-FLOP *** 
Sky x power raises 250 to 270 and is all-in
_SKR folds
Zizou37 folds
Sky x power collected 300 from pot
*** SUMMARY ***
Total pot 300 | No rake
Seat 2: Sky x power (button) won 300


Winamax Poker - Tournament "Expresso Nitro" buyIn: 0.93€ + 0.07€ level: 1 - HandId: #2671071810996404225-4-1673529728 - Holdem no limit (10/20) - 2023/01/12 13:22:08 UTC
Table: 'Expresso Nitro(621907369)#0' 3-max (real money) Seat #3 is the button
Seat 1: Zizou37 (270)
Seat 2: Sky x power (300)
Seat 3: _SKR (330)
*** ANTE/BLINDS ***
Zizou37 posts small blind 10
Sky x power posts big blind 20
Dealt to _SKR [8s 8c]
*** PRE-FLOP *** 
_SKR raises 310 to 330 and is all-in
Zizou37 folds
Sky x power calls 280 and is all-in
*** FLOP *** [7d 7h Tc]
*** TURN *** [7d 7h Tc][6s]
*** RIVER *** [7d 7h Tc 6s][9c]
*** SHOW DOWN ***
Sky x power shows [Qc Ad] (One pair : 7)
_SKR shows [8s 8c] (Straight Ten high)
_SKR collected 640 from pot
*** SUMMARY ***
Total pot 640 | No rake
Board: [7d 7h Tc 6s 9c]
Seat 2: Sky x power (big blind) showed [Qc Ad] and lost with One pair : 7
Seat 3: _SKR (button) showed [8s 8c] and won 640 with Straight Ten high


Winamax Poker - Tournament "Expresso Nitro" buyIn: 0.93€ + 0.07€ level: 2 - HandId: #2671071810996404225-5-1673529756 - Holdem no limit (15/30) - 2023/01/12 13:22:36 UTC
Table: 'Expresso Nitro(621907369)#0' 3-max (real money) Seat #3 is the button
Seat 1: Zizou37 (260)
Seat 3: _SKR (640)
*** ANTE/BLINDS ***
_SKR posts small blind 15
Zizou37 posts big blind 30
Dealt to _SKR [Ac 2d]
*** PRE-FLOP *** 
_SKR raises 610 to 640 and is all-in
Zizou37 folds
_SKR collected 670 from pot
*** SUMMARY ***
Total pot 670 | No rake
Seat 3: _SKR (small blind) (button) won 670


Winamax Poker - Tournament "Expresso Nitro" buyIn: 0.93€ + 0.07€ level: 2 - HandId: #2671071810996404225-6-1673529761 - Holdem no limit (15/30) - 2023/01/12 13:22:41 UTC
Table: 'Expresso Nitro(621907369)#0' 3-max (real money) Seat #1 is the button
Seat 1: Zizou37 (230)
Seat 3: _SKR (670)
*** ANTE/BLINDS ***
Zizou37 posts small blind 15
_SKR posts big blind 30
Dealt to _SKR [7d 7h]
*** PRE-FLOP *** 
Zizou37 folds
_SKR collected 45 from pot
*** SUMMARY ***
Total pot 45 | No rake
Seat 3: _SKR (big blind) won 45


Winamax Poker - Tournament "Expresso Nitro" buyIn: 0.93€ + 0.07€ level: 2 - HandId: #2671071810996404225-7-1673529764 - Holdem no limit (15/30) - 2023/01/12 13:22:44 UTC
Table: 'Expresso Nitro(621907369)#0' 3-max (real money) Seat #3 is the button
Seat 1: Zizou37 (215)
Seat 3: _SKR (685)
*** ANTE/BLINDS ***
_SKR posts small blind 15
Zizou37 posts big blind 30
Dealt to _SKR [7d Qc]
*** PRE-FLOP *** 
_SKR raises 655 to 685 and is all-in
Zizou37 folds
_SKR collected 715 from pot
*** SUMMARY ***
Total pot 715 | No rake
Seat 3: _SKR (small blind) (button) won 715


Winamax Poker - Tournament "Expresso Nitro" buyIn: 0.93€ + 0.07€ level: 2 - HandId: #2671071810996404225-8-1673529770 - Holdem no limit (15/30) - 2023/01/12 13:22:50 UTC
Table: 'Expresso Nitro(621907369)#0' 3-max (real money) Seat #1 is the button
Seat 1: Zizou37 (185)
Seat 3: _SKR (715)
*** ANTE/BLINDS ***
Zizou37 posts small blind 15
_SKR posts big blind 30
Dealt to _SKR [5s Kd]
*** PRE-FLOP *** 
Zizou37 folds
_SKR collected 45 from pot
*** SUMMARY ***
Total pot 45 | No rake
Seat 3: _SKR (big blind) won 45


Winamax Poker - Tournament "Expresso Nitro" buyIn: 0.93€ + 0.07€ level: 2 - HandId: #2671071810996404225-9-1673529773 - Holdem no limit (15/30) - 2023/01/12 13:22:53 UTC
Table: 'Expresso Nitro(621907369)#0' 3-max (real money) Seat #3 is the button
Seat 1: Zizou37 (170)
Seat 3: _SKR (730)
*** ANTE/BLINDS ***
_SKR posts small blind 15
Zizou37 posts big blind 30
Dealt to _SKR [Ad 3d]
*** PRE-FLOP *** 
_SKR raises 700 to 730 and is all-in
Zizou37 folds
_SKR collected 760 from pot
*** SUMMARY ***
Total pot 760 | No rake
Seat 3: _SKR (small blind) (button) won 760


Winamax Poker - Tournament "Expresso Nitro" buyIn: 0.93€ + 0.07€ level: 2 - HandId: #2671071810996404225-10-1673529783 - Holdem no limit (15/30) - 2023/01/12 13:23:03 UTC
Table: 'Expresso Nitro(621907369)#0' 3-max (real money) Seat #1 is the button
Seat 1: Zizou37 (140)
Seat 3: _SKR (760)
*** ANTE/BLINDS ***
Zizou37 posts small blind 15
_SKR posts big blind 30
Dealt to _SKR [9d Qs]
*** PRE-FLOP *** 
Zizou37 folds
_SKR collected 45 from pot
*** SUMMARY ***
Total pot 45 | No rake
Seat 3: _SKR (big blind) won 45


Winamax Poker - Tournament "Expresso Nitro" buyIn: 0.93€ + 0.07€ level: 2 - HandId: #2671071810996404225-11-1673529786 - Holdem no limit (15/30) - 2023/01/12 13:23:06 UTC
Table: 'Expresso Nitro(621907369)#0' 3-max (real money) Seat #3 is the button
Seat 1: Zizou37 (125)
Seat 3: _SKR (775)
*** ANTE/BLINDS ***
_SKR posts small blind 15
Zizou37 posts big blind 30
Dealt to _SKR [8c Ac]
*** PRE-FLOP *** 
_SKR raises 745 to 775 and is all-in
Zizou37 calls 95 and is all-in
*** FLOP *** [4h 2h 2d]
*** TURN *** [4h 2h 2d][8h]
*** RIVER *** [4h 2h 2d 8h][Ah]
*** SHOW DOWN ***
Zizou37 shows [Jc 6d] (One pair : 2)
_SKR shows [8c Ac] (Two pairs : Aces and 8)
_SKR collected 900 from pot
*** SUMMARY ***
Total pot 900 | No rake
Board: [4h 2h 2d 8h Ah]
Seat 1: Zizou37 (big blind) showed [Jc 6d] and lost with One pair : 2
Seat 3: _SKR (small blind) (button) showed [8c Ac] and won 900 with Two pairs : Aces and 8


