Winamax Poker - Tournament "Expresso Nitro" buyIn: 1.86€ + 0.14€ level: 1 - HandId: #2696524654775894017-1-1675085042 - Holdem no limit (10/20) - 2023/01/30 13:24:02 UTC
Table: 'Expresso Nitro(627833571)#0' 3-max (real money) Seat #3 is the button
Seat 1: sacristef (300)
Seat 2: _SKR (300)
Seat 3: Pololaura (300)
*** ANTE/BLINDS ***
sacristef posts small blind 10
_SKR posts big blind 20
Dealt to _SKR [Kc Qs]
*** PRE-FLOP *** 
Pololaura calls 20
sacristef folds
_SKR raises 280 to 300 and is all-in
Pololaura folds
_SKR collected 330 from pot
*** SUMMARY ***
Total pot 330 | No rake
Seat 2: _SKR (big blind) won 330


Winamax Poker - Tournament "Expresso Nitro" buyIn: 1.86€ + 0.14€ level: 1 - HandId: #2696524654775894017-2-1675085085 - Holdem no limit (10/20) - 2023/01/30 13:24:45 UTC
Table: 'Expresso Nitro(627833571)#0' 3-max (real money) Seat #1 is the button
Seat 1: sacristef (290)
Seat 2: _SKR (330)
Seat 3: Pololaura (280)
*** ANTE/BLINDS ***
_SKR posts small blind 10
Pololaura posts big blind 20
Dealt to _SKR [Ks 8d]
*** PRE-FLOP *** 
sacristef calls 20
_SKR raises 310 to 330 and is all-in
Pololaura folds
sacristef folds
_SKR collected 370 from pot
*** SUMMARY ***
Total pot 370 | No rake
Seat 2: _SKR (small blind) won 370


Winamax Poker - Tournament "Expresso Nitro" buyIn: 1.86€ + 0.14€ level: 2 - HandId: #2696524654775894017-3-1675085106 - Holdem no limit (15/30) - 2023/01/30 13:25:06 UTC
Table: 'Expresso Nitro(627833571)#0' 3-max (real money) Seat #2 is the button
Seat 1: sacristef (270)
Seat 2: _SKR (370)
Seat 3: Pololaura (260)
*** ANTE/BLINDS ***
Pololaura posts small blind 15
sacristef posts big blind 30
Dealt to _SKR [Jh Tc]
*** PRE-FLOP *** 
_SKR folds
Pololaura raises 230 to 260 and is all-in
sacristef folds
Pololaura collected 290 from pot
*** SUMMARY ***
Total pot 290 | No rake
Seat 3: Pololaura (small blind) won 290


Winamax Poker - Tournament "Expresso Nitro" buyIn: 1.86€ + 0.14€ level: 2 - HandId: #2696524654775894017-4-1675085112 - Holdem no limit (15/30) - 2023/01/30 13:25:12 UTC
Table: 'Expresso Nitro(627833571)#0' 3-max (real money) Seat #3 is the button
Seat 1: sacristef (240)
Seat 2: _SKR (370)
Seat 3: Pololaura (290)
*** ANTE/BLINDS ***
sacristef posts small blind 15
_SKR posts big blind 30
Dealt to _SKR [6c 5s]
*** PRE-FLOP *** 
Pololaura raises 260 to 290 and is all-in
sacristef folds
_SKR folds
Pololaura collected 335 from pot
*** SUMMARY ***
Total pot 335 | No rake
Seat 3: Pololaura (button) won 335


Winamax Poker - Tournament "Expresso Nitro" buyIn: 1.86€ + 0.14€ level: 2 - HandId: #2696524654775894017-5-1675085122 - Holdem no limit (15/30) - 2023/01/30 13:25:22 UTC
Table: 'Expresso Nitro(627833571)#0' 3-max (real money) Seat #1 is the button
Seat 1: sacristef (225)
Seat 2: _SKR (340)
Seat 3: Pololaura (335)
*** ANTE/BLINDS ***
_SKR posts small blind 15
Pololaura posts big blind 30
Dealt to _SKR [Qh 5d]
*** PRE-FLOP *** 
sacristef calls 30
_SKR folds
Pololaura raises 305 to 335 and is all-in
sacristef calls 195 and is all-in
*** FLOP *** [Ah 4s 5h]
*** TURN *** [Ah 4s 5h][Jh]
*** RIVER *** [Ah 4s 5h Jh][7s]
*** SHOW DOWN ***
sacristef shows [Th 9s] (High card : Ace)
Pololaura shows [Ad Kh] (One pair : Aces)
Pololaura collected 575 from pot
*** SUMMARY ***
Total pot 575 | No rake
Board: [Ah 4s 5h Jh 7s]
Seat 1: sacristef (button) showed [Th 9s] and lost with High card : Ace
Seat 3: Pololaura (big blind) showed [Ad Kh] and won 575 with One pair : Aces


Winamax Poker - Tournament "Expresso Nitro" buyIn: 1.86€ + 0.14€ level: 2 - HandId: #2696524654775894017-6-1675085140 - Holdem no limit (15/30) - 2023/01/30 13:25:40 UTC
Table: 'Expresso Nitro(627833571)#0' 3-max (real money) Seat #3 is the button
Seat 2: _SKR (325)
Seat 3: Pololaura (575)
*** ANTE/BLINDS ***
Pololaura posts small blind 15
_SKR posts big blind 30
Dealt to _SKR [4h 4d]
*** PRE-FLOP *** 
Pololaura raises 545 to 575 and is all-in
_SKR calls 295 and is all-in
*** FLOP *** [Th 7s 4c]
*** TURN *** [Th 7s 4c][Jc]
*** RIVER *** [Th 7s 4c Jc][5c]
*** SHOW DOWN ***
_SKR shows [4h 4d] (Trips of 4)
Pololaura shows [Tc Qh] (One pair : Tens)
Pololaura collected 250 from side pot 1
_SKR collected 650 from main pot
*** SUMMARY ***
Total pot 900 | No rake
Board: [Th 7s 4c Jc 5c]
Seat 2: _SKR (big blind) showed [4h 4d] and won 650 with Trips of 4
Seat 3: Pololaura (small blind) (button) showed [Tc Qh] and won 250 with One pair : Tens


Winamax Poker - Tournament "Expresso Nitro" buyIn: 1.86€ + 0.14€ level: 2 - HandId: #2696524654775894017-7-1675085152 - Holdem no limit (15/30) - 2023/01/30 13:25:52 UTC
Table: 'Expresso Nitro(627833571)#0' 3-max (real money) Seat #2 is the button
Seat 2: _SKR (650)
Seat 3: Pololaura (250)
*** ANTE/BLINDS ***
_SKR posts small blind 15
Pololaura posts big blind 30
Dealt to _SKR [8h Qd]
*** PRE-FLOP *** 
_SKR raises 620 to 650 and is all-in
Pololaura folds
_SKR collected 680 from pot
*** SUMMARY ***
Total pot 680 | No rake
Seat 2: _SKR (small blind) (button) won 680


Winamax Poker - Tournament "Expresso Nitro" buyIn: 1.86€ + 0.14€ level: 3 - HandId: #2696524654775894017-8-1675085162 - Holdem no limit (20/40) - 2023/01/30 13:26:02 UTC
Table: 'Expresso Nitro(627833571)#0' 3-max (real money) Seat #3 is the button
Seat 2: _SKR (680)
Seat 3: Pololaura (220)
*** ANTE/BLINDS ***
Pololaura posts small blind 20
_SKR posts big blind 40
Dealt to _SKR [2d 6s]
*** PRE-FLOP *** 
Pololaura calls 20
_SKR checks
*** FLOP *** [8d Th Ah]
_SKR checks
Pololaura bets 180 and is all-in
_SKR folds
Pololaura collected 260 from pot
*** SUMMARY ***
Total pot 260 | No rake
Board: [8d Th Ah]
Seat 3: Pololaura (small blind) (button) won 260


Winamax Poker - Tournament "Expresso Nitro" buyIn: 1.86€ + 0.14€ level: 3 - HandId: #2696524654775894017-9-1675085177 - Holdem no limit (20/40) - 2023/01/30 13:26:17 UTC
Table: 'Expresso Nitro(627833571)#0' 3-max (real money) Seat #2 is the button
Seat 2: _SKR (640)
Seat 3: Pololaura (260)
*** ANTE/BLINDS ***
_SKR posts small blind 20
Pololaura posts big blind 40
Dealt to _SKR [6c 9c]
*** PRE-FLOP *** 
_SKR raises 600 to 640 and is all-in
Pololaura calls 220 and is all-in
*** FLOP *** [2h 3h Ts]
*** TURN *** [2h 3h Ts][Kc]
*** RIVER *** [2h 3h Ts Kc][8c]
*** SHOW DOWN ***
_SKR shows [6c 9c] (High card : King)
Pololaura shows [2c Qc] (One pair : 2)
Pololaura collected 520 from main pot
_SKR collected 380 from side pot 1
*** SUMMARY ***
Total pot 900 | No rake
Board: [2h 3h Ts Kc 8c]
Seat 2: _SKR (small blind) (button) showed [6c 9c] and won 380 with High card : King
Seat 3: Pololaura (big blind) showed [2c Qc] and won 520 with One pair : 2


Winamax Poker - Tournament "Expresso Nitro" buyIn: 1.86€ + 0.14€ level: 3 - HandId: #2696524654775894017-10-1675085192 - Holdem no limit (20/40) - 2023/01/30 13:26:32 UTC
Table: 'Expresso Nitro(627833571)#0' 3-max (real money) Seat #3 is the button
Seat 2: _SKR (380)
Seat 3: Pololaura (520)
*** ANTE/BLINDS ***
Pololaura posts small blind 20
_SKR posts big blind 40
Dealt to _SKR [9c 2c]
*** PRE-FLOP *** 
Pololaura calls 20
_SKR checks
*** FLOP *** [6h 3s 3h]
_SKR checks
Pololaura checks
*** TURN *** [6h 3s 3h][9d]
_SKR bets 52
Pololaura folds
_SKR collected 132 from pot
*** SUMMARY ***
Total pot 132 | No rake
Board: [6h 3s 3h 9d]
Seat 2: _SKR (big blind) won 132


Winamax Poker - Tournament "Expresso Nitro" buyIn: 1.86€ + 0.14€ level: 3 - HandId: #2696524654775894017-11-1675085204 - Holdem no limit (20/40) - 2023/01/30 13:26:44 UTC
Table: 'Expresso Nitro(627833571)#0' 3-max (real money) Seat #2 is the button
Seat 2: _SKR (420)
Seat 3: Pololaura (480)
*** ANTE/BLINDS ***
_SKR posts small blind 20
Pololaura posts big blind 40
Dealt to _SKR [8h 6c]
*** PRE-FLOP *** 
_SKR folds
Pololaura collected 60 from pot
*** SUMMARY ***
Total pot 60 | No rake
Seat 3: Pololaura (big blind) won 60


Winamax Poker - Tournament "Expresso Nitro" buyIn: 1.86€ + 0.14€ level: 3 - HandId: #2696524654775894017-12-1675085209 - Holdem no limit (20/40) - 2023/01/30 13:26:49 UTC
Table: 'Expresso Nitro(627833571)#0' 3-max (real money) Seat #3 is the button
Seat 2: _SKR (400)
Seat 3: Pololaura (500)
*** ANTE/BLINDS ***
Pololaura posts small blind 20
_SKR posts big blind 40
Dealt to _SKR [2d 7c]
*** PRE-FLOP *** 
Pololaura calls 20
_SKR checks
*** FLOP *** [9h 9c Qh]
_SKR checks
Pololaura bets 80
_SKR folds
Pololaura collected 160 from pot
*** SUMMARY ***
Total pot 160 | No rake
Board: [9h 9c Qh]
Seat 3: Pololaura (small blind) (button) won 160


Winamax Poker - Tournament "Expresso Nitro" buyIn: 1.86€ + 0.14€ level: 4 - HandId: #2696524654775894017-13-1675085228 - Holdem no limit (30/60) - 2023/01/30 13:27:08 UTC
Table: 'Expresso Nitro(627833571)#0' 3-max (real money) Seat #2 is the button
Seat 2: _SKR (360)
Seat 3: Pololaura (540)
*** ANTE/BLINDS ***
_SKR posts small blind 30
Pololaura posts big blind 60
Dealt to _SKR [6d Kd]
*** PRE-FLOP *** 
_SKR raises 300 to 360 and is all-in
Pololaura calls 300
*** FLOP *** [3s 3c Qh]
*** TURN *** [3s 3c Qh][9c]
*** RIVER *** [3s 3c Qh 9c][3h]
*** SHOW DOWN ***
_SKR shows [6d Kd] (Trips of 3)
Pololaura shows [4h Ad] (Trips of 3)
Pololaura collected 720 from pot
*** SUMMARY ***
Total pot 720 | No rake
Board: [3s 3c Qh 9c 3h]
Seat 2: _SKR (small blind) (button) showed [6d Kd] and lost with Trips of 3
Seat 3: Pololaura (big blind) showed [4h Ad] and won 720 with Trips of 3


