Winamax Poker - Tournament "Expresso Nitro" buyIn: 1.86€ + 0.14€ level: 1 - HandId: #2696943590180913153-1-1675104369 - Holdem no limit (10/20) - 2023/01/30 18:46:09 UTC
Table: 'Expresso Nitro(627931112)#0' 3-max (real money) Seat #2 is the button
Seat 1: wmx-77k0ta5 (300)
Seat 2: _SKR (300)
Seat 3: Cash&Dirty92 (300)
*** ANTE/BLINDS ***
Cash&Dirty92 posts small blind 10
wmx-77k0ta5 posts big blind 20
Dealt to _SKR [3d Ah]
*** PRE-FLOP *** 
_SKR raises 280 to 300 and is all-in
Cash&Dirty92 folds
wmx-77k0ta5 folds
_SKR collected 330 from pot
*** SUMMARY ***
Total pot 330 | No rake
Seat 2: _SKR (button) won 330


Winamax Poker - Tournament "Expresso Nitro" buyIn: 1.86€ + 0.14€ level: 1 - HandId: #2696943590180913153-2-1675104375 - Holdem no limit (10/20) - 2023/01/30 18:46:15 UTC
Table: 'Expresso Nitro(627931112)#0' 3-max (real money) Seat #3 is the button
Seat 1: wmx-77k0ta5 (280)
Seat 2: _SKR (330)
Seat 3: Cash&Dirty92 (290)
*** ANTE/BLINDS ***
wmx-77k0ta5 posts small blind 10
_SKR posts big blind 20
Dealt to _SKR [4h Ac]
*** PRE-FLOP *** 
Cash&Dirty92 folds
wmx-77k0ta5 folds
_SKR collected 30 from pot
*** SUMMARY ***
Total pot 30 | No rake
Seat 2: _SKR (big blind) won 30


Winamax Poker - Tournament "Expresso Nitro" buyIn: 1.86€ + 0.14€ level: 1 - HandId: #2696943590180913153-3-1675104385 - Holdem no limit (10/20) - 2023/01/30 18:46:25 UTC
Table: 'Expresso Nitro(627931112)#0' 3-max (real money) Seat #1 is the button
Seat 1: wmx-77k0ta5 (270)
Seat 2: _SKR (340)
Seat 3: Cash&Dirty92 (290)
*** ANTE/BLINDS ***
_SKR posts small blind 10
Cash&Dirty92 posts big blind 20
Dealt to _SKR [Kh Qd]
*** PRE-FLOP *** 
wmx-77k0ta5 folds
_SKR raises 320 to 340 and is all-in
Cash&Dirty92 folds
_SKR collected 360 from pot
*** SUMMARY ***
Total pot 360 | No rake
Seat 2: _SKR (small blind) won 360


Winamax Poker - Tournament "Expresso Nitro" buyIn: 1.86€ + 0.14€ level: 1 - HandId: #2696943590180913153-4-1675104403 - Holdem no limit (10/20) - 2023/01/30 18:46:43 UTC
Table: 'Expresso Nitro(627931112)#0' 3-max (real money) Seat #2 is the button
Seat 1: wmx-77k0ta5 (270)
Seat 2: _SKR (360)
Seat 3: Cash&Dirty92 (270)
*** ANTE/BLINDS ***
Cash&Dirty92 posts small blind 10
wmx-77k0ta5 posts big blind 20
Dealt to _SKR [7c 9s]
*** PRE-FLOP *** 
_SKR folds
Cash&Dirty92 calls 10
wmx-77k0ta5 checks
*** FLOP *** [Tc 8s 7s]
Cash&Dirty92 bets 20
wmx-77k0ta5 calls 20
*** TURN *** [Tc 8s 7s][Ts]
Cash&Dirty92 bets 20
wmx-77k0ta5 calls 20
*** RIVER *** [Tc 8s 7s Ts][6c]
Cash&Dirty92 bets 20
wmx-77k0ta5 raises 97 to 117
Cash&Dirty92 calls 97
*** SHOW DOWN ***
Cash&Dirty92 shows [Th Kh] (Trips of Tens)
wmx-77k0ta5 shows [5d 9d] (Straight Ten high)
wmx-77k0ta5 collected 354 from pot
*** SUMMARY ***
Total pot 354 | No rake
Board: [Tc 8s 7s Ts 6c]
Seat 1: wmx-77k0ta5 (big blind) showed [5d 9d] and won 354 with Straight Ten high
Seat 3: Cash&Dirty92 (small blind) showed [Th Kh] and lost with Trips of Tens


Winamax Poker - Tournament "Expresso Nitro" buyIn: 1.86€ + 0.14€ level: 2 - HandId: #2696943590180913153-5-1675104434 - Holdem no limit (15/30) - 2023/01/30 18:47:14 UTC
Table: 'Expresso Nitro(627931112)#0' 3-max (real money) Seat #3 is the button
Seat 1: wmx-77k0ta5 (447)
Seat 2: _SKR (360)
Seat 3: Cash&Dirty92 (93)
*** ANTE/BLINDS ***
wmx-77k0ta5 posts small blind 15
_SKR posts big blind 30
Dealt to _SKR [4s 4h]
*** PRE-FLOP *** 
Cash&Dirty92 raises 63 to 93 and is all-in
wmx-77k0ta5 calls 78
_SKR raises 267 to 360 and is all-in
wmx-77k0ta5 calls 267
*** FLOP *** [Qd 9d Qh]
*** TURN *** [Qd 9d Qh][Tc]
*** RIVER *** [Qd 9d Qh Tc][7s]
*** SHOW DOWN ***
_SKR shows [4s 4h] (Two pairs : Queens and 4)
Cash&Dirty92 shows [Kh 5h] (One pair : Queens)
wmx-77k0ta5 shows [Qs Ts] (Full of Queens and Tens)
wmx-77k0ta5 collected 813 from pot
*** SUMMARY ***
Total pot 813 | No rake
Board: [Qd 9d Qh Tc 7s]
Seat 1: wmx-77k0ta5 (small blind) showed [Qs Ts] and won 813 with Full of Queens and Tens
Seat 2: _SKR (big blind) showed [4s 4h] and lost with Two pairs : Queens and 4
Seat 3: Cash&Dirty92 (button) showed [Kh 5h] and lost with One pair : Queens


