Winamax Poker - Tournament "Expresso Nitro" buyIn: 0.93€ + 0.07€ level: 1 - HandId: #2718678654434410497-1-1676295023 - Holdem no limit (10/20) - 2023/02/13 13:30:23 UTC
Table: 'Expresso Nitro(632991701)#0' 3-max (real money) Seat #3 is the button
Seat 1: atutiplay (300)
Seat 2: levelfou (300)
Seat 3: _SKR (300)
*** ANTE/BLINDS ***
atutiplay posts small blind 10
levelfou posts big blind 20
Dealt to _SKR [Th Js]
*** PRE-FLOP *** 
_SKR folds
atutiplay calls 10
levelfou raises 280 to 300 and is all-in
atutiplay folds
levelfou collected 320 from pot
*** SUMMARY ***
Total pot 320 | No rake
Seat 2: levelfou (big blind) won 320


Winamax Poker - Tournament "Expresso Nitro" buyIn: 0.93€ + 0.07€ level: 1 - HandId: #2718678654434410497-2-1676295039 - Holdem no limit (10/20) - 2023/02/13 13:30:39 UTC
Table: 'Expresso Nitro(632991701)#0' 3-max (real money) Seat #1 is the button
Seat 1: atutiplay (280)
Seat 2: levelfou (320)
Seat 3: _SKR (300)
*** ANTE/BLINDS ***
levelfou posts small blind 10
_SKR posts big blind 20
Dealt to _SKR [5h Kc]
*** PRE-FLOP *** 
atutiplay calls 20
levelfou raises 300 to 320 and is all-in
_SKR folds
atutiplay calls 260 and is all-in
*** FLOP *** [4c 5c Ad]
*** TURN *** [4c 5c Ad][3h]
*** RIVER *** [4c 5c Ad 3h][2s]
*** SHOW DOWN ***
atutiplay shows [Ts Ac] (Straight 5 high)
levelfou shows [8c 8s] (Straight 5 high)
levelfou collected 330 from side pot 1
atutiplay collected 290 from main pot
*** SUMMARY ***
Total pot 620 | No rake
Board: [4c 5c Ad 3h 2s]
Seat 1: atutiplay (button) showed [Ts Ac] and won 290 with Straight 5 high
Seat 2: levelfou (small blind) showed [8c 8s] and won 330 with Straight 5 high


Winamax Poker - Tournament "Expresso Nitro" buyIn: 0.93€ + 0.07€ level: 1 - HandId: #2718678654434410497-3-1676295055 - Holdem no limit (10/20) - 2023/02/13 13:30:55 UTC
Table: 'Expresso Nitro(632991701)#0' 3-max (real money) Seat #2 is the button
Seat 1: atutiplay (290)
Seat 2: levelfou (330)
Seat 3: _SKR (280)
*** ANTE/BLINDS ***
_SKR posts small blind 10
atutiplay posts big blind 20
Dealt to _SKR [8s 4c]
*** PRE-FLOP *** 
levelfou raises 310 to 330 and is all-in
_SKR folds
atutiplay folds
levelfou collected 360 from pot
*** SUMMARY ***
Total pot 360 | No rake
Seat 2: levelfou (button) won 360


Winamax Poker - Tournament "Expresso Nitro" buyIn: 0.93€ + 0.07€ level: 1 - HandId: #2718678654434410497-4-1676295063 - Holdem no limit (10/20) - 2023/02/13 13:31:03 UTC
Table: 'Expresso Nitro(632991701)#0' 3-max (real money) Seat #3 is the button
Seat 1: atutiplay (270)
Seat 2: levelfou (360)
Seat 3: _SKR (270)
*** ANTE/BLINDS ***
atutiplay posts small blind 10
levelfou posts big blind 20
Dealt to _SKR [Kd 5h]
*** PRE-FLOP *** 
_SKR folds
atutiplay calls 10
levelfou raises 340 to 360 and is all-in
atutiplay folds
levelfou collected 380 from pot
*** SUMMARY ***
Total pot 380 | No rake
Seat 2: levelfou (big blind) won 380


Winamax Poker - Tournament "Expresso Nitro" buyIn: 0.93€ + 0.07€ level: 1 - HandId: #2718678654434410497-5-1676295072 - Holdem no limit (10/20) - 2023/02/13 13:31:12 UTC
Table: 'Expresso Nitro(632991701)#0' 3-max (real money) Seat #1 is the button
Seat 1: atutiplay (250)
Seat 2: levelfou (380)
Seat 3: _SKR (270)
*** ANTE/BLINDS ***
levelfou posts small blind 10
_SKR posts big blind 20
Dealt to _SKR [6h 3h]
*** PRE-FLOP *** 
atutiplay calls 20
levelfou raises 360 to 380 and is all-in
_SKR folds
atutiplay calls 230 and is all-in
*** FLOP *** [Qs 6d 3s]
*** TURN *** [Qs 6d 3s][7h]
*** RIVER *** [Qs 6d 3s 7h][2c]
*** SHOW DOWN ***
atutiplay shows [Ac 8c] (High card : Ace)
levelfou shows [2s 5h] (One pair : 2)
levelfou collected 650 from pot
*** SUMMARY ***
Total pot 650 | No rake
Board: [Qs 6d 3s 7h 2c]
Seat 1: atutiplay (button) showed [Ac 8c] and lost with High card : Ace
Seat 2: levelfou (small blind) showed [2s 5h] and won 650 with One pair : 2


Winamax Poker - Tournament "Expresso Nitro" buyIn: 0.93€ + 0.07€ level: 2 - HandId: #2718678654434410497-6-1676295098 - Holdem no limit (15/30) - 2023/02/13 13:31:38 UTC
Table: 'Expresso Nitro(632991701)#0' 3-max (real money) Seat #3 is the button
Seat 2: levelfou (650)
Seat 3: _SKR (250)
*** ANTE/BLINDS ***
_SKR posts small blind 15
levelfou posts big blind 30
Dealt to _SKR [7s 9h]
*** PRE-FLOP *** 
_SKR folds
levelfou collected 45 from pot
*** SUMMARY ***
Total pot 45 | No rake
Seat 2: levelfou (big blind) won 45


Winamax Poker - Tournament "Expresso Nitro" buyIn: 0.93€ + 0.07€ level: 2 - HandId: #2718678654434410497-7-1676295102 - Holdem no limit (15/30) - 2023/02/13 13:31:42 UTC
Table: 'Expresso Nitro(632991701)#0' 3-max (real money) Seat #2 is the button
Seat 2: levelfou (665)
Seat 3: _SKR (235)
*** ANTE/BLINDS ***
levelfou posts small blind 15
_SKR posts big blind 30
Dealt to _SKR [7d 2d]
*** PRE-FLOP *** 
levelfou raises 635 to 665 and is all-in
_SKR folds
levelfou collected 695 from pot
*** SUMMARY ***
Total pot 695 | No rake
Seat 2: levelfou (small blind) (button) won 695


Winamax Poker - Tournament "Expresso Nitro" buyIn: 0.93€ + 0.07€ level: 2 - HandId: #2718678654434410497-8-1676295108 - Holdem no limit (15/30) - 2023/02/13 13:31:48 UTC
Table: 'Expresso Nitro(632991701)#0' 3-max (real money) Seat #3 is the button
Seat 2: levelfou (695)
Seat 3: _SKR (205)
*** ANTE/BLINDS ***
_SKR posts small blind 15
levelfou posts big blind 30
Dealt to _SKR [Td Kd]
*** PRE-FLOP *** 
_SKR raises 175 to 205 and is all-in
levelfou raises 490 to 695 and is all-in
*** FLOP *** [Ac 3h 8h]
*** TURN *** [Ac 3h 8h][Ts]
*** RIVER *** [Ac 3h 8h Ts][Tc]
*** SHOW DOWN ***
levelfou shows [Js 6c] (One pair : Tens)
_SKR shows [Td Kd] (Trips of Tens)
_SKR collected 410 from main pot
levelfou collected 490 from side pot 1
*** SUMMARY ***
Total pot 900 | No rake
Board: [Ac 3h 8h Ts Tc]
Seat 2: levelfou (big blind) showed [Js 6c] and won 490 with One pair : Tens
Seat 3: _SKR (small blind) (button) showed [Td Kd] and won 410 with Trips of Tens


Winamax Poker - Tournament "Expresso Nitro" buyIn: 0.93€ + 0.07€ level: 2 - HandId: #2718678654434410497-9-1676295122 - Holdem no limit (15/30) - 2023/02/13 13:32:02 UTC
Table: 'Expresso Nitro(632991701)#0' 3-max (real money) Seat #2 is the button
Seat 2: levelfou (490)
Seat 3: _SKR (410)
*** ANTE/BLINDS ***
levelfou posts small blind 15
_SKR posts big blind 30
Dealt to _SKR [Kd 2s]
*** PRE-FLOP *** 
levelfou raises 460 to 490 and is all-in
_SKR folds
levelfou collected 520 from pot
*** SUMMARY ***
Total pot 520 | No rake
Seat 2: levelfou (small blind) (button) won 520


Winamax Poker - Tournament "Expresso Nitro" buyIn: 0.93€ + 0.07€ level: 2 - HandId: #2718678654434410497-10-1676295127 - Holdem no limit (15/30) - 2023/02/13 13:32:07 UTC
Table: 'Expresso Nitro(632991701)#0' 3-max (real money) Seat #3 is the button
Seat 2: levelfou (520)
Seat 3: _SKR (380)
*** ANTE/BLINDS ***
_SKR posts small blind 15
levelfou posts big blind 30
Dealt to _SKR [9c Jc]
*** PRE-FLOP *** 
_SKR calls 15
levelfou raises 490 to 520 and is all-in
_SKR calls 350 and is all-in
*** FLOP *** [4c 6d Qd]
*** TURN *** [4c 6d Qd][7s]
*** RIVER *** [4c 6d Qd 7s][Qh]
*** SHOW DOWN ***
_SKR shows [9c Jc] (One pair : Queens)
levelfou shows [8c Ac] (One pair : Queens)
levelfou collected 900 from pot
*** SUMMARY ***
Total pot 900 | No rake
Board: [4c 6d Qd 7s Qh]
Seat 2: levelfou (big blind) showed [8c Ac] and won 900 with One pair : Queens
Seat 3: _SKR (small blind) (button) showed [9c Jc] and lost with One pair : Queens


