Winamax Poker - Tournament "Expresso Nitro" buyIn: 1.86€ + 0.14€ level: 1 - HandId: #2695174463086919681-1-1674998065 - Holdem no limit (10/20) - 2023/01/29 13:14:25 UTC
Table: 'Expresso Nitro(627519205)#0' 3-max (real money) Seat #3 is the button
Seat 1: N.Barbarossa (300)
Seat 2: NoTiMe2LoOse (300)
Seat 3: _SKR (300)
*** ANTE/BLINDS ***
N.Barbarossa posts small blind 10
NoTiMe2LoOse posts big blind 20
Dealt to _SKR [9c 9h]
*** PRE-FLOP *** 
_SKR raises 280 to 300 and is all-in
N.Barbarossa folds
NoTiMe2LoOse folds
_SKR collected 330 from pot
*** SUMMARY ***
Total pot 330 | No rake
Seat 3: _SKR (button) won 330


Winamax Poker - Tournament "Expresso Nitro" buyIn: 1.86€ + 0.14€ level: 1 - HandId: #2695174463086919681-2-1674998079 - Holdem no limit (10/20) - 2023/01/29 13:14:39 UTC
Table: 'Expresso Nitro(627519205)#0' 3-max (real money) Seat #1 is the button
Seat 1: N.Barbarossa (290)
Seat 2: NoTiMe2LoOse (280)
Seat 3: _SKR (330)
*** ANTE/BLINDS ***
NoTiMe2LoOse posts small blind 10
_SKR posts big blind 20
Dealt to _SKR [Qd 3s]
*** PRE-FLOP *** 
N.Barbarossa folds
NoTiMe2LoOse calls 10
_SKR checks
*** FLOP *** [4s Tc 4h]
NoTiMe2LoOse bets 20
_SKR folds
NoTiMe2LoOse collected 60 from pot
*** SUMMARY ***
Total pot 60 | No rake
Board: [4s Tc 4h]
Seat 2: NoTiMe2LoOse (small blind) won 60


Winamax Poker - Tournament "Expresso Nitro" buyIn: 1.86€ + 0.14€ level: 1 - HandId: #2695174463086919681-3-1674998094 - Holdem no limit (10/20) - 2023/01/29 13:14:54 UTC
Table: 'Expresso Nitro(627519205)#0' 3-max (real money) Seat #2 is the button
Seat 1: N.Barbarossa (290)
Seat 2: NoTiMe2LoOse (300)
Seat 3: _SKR (310)
*** ANTE/BLINDS ***
_SKR posts small blind 10
N.Barbarossa posts big blind 20
Dealt to _SKR [5c 7c]
*** PRE-FLOP *** 
NoTiMe2LoOse folds
_SKR folds
N.Barbarossa collected 30 from pot
*** SUMMARY ***
Total pot 30 | No rake
Seat 1: N.Barbarossa (big blind) won 30


Winamax Poker - Tournament "Expresso Nitro" buyIn: 1.86€ + 0.14€ level: 1 - HandId: #2695174463086919681-4-1674998103 - Holdem no limit (10/20) - 2023/01/29 13:15:03 UTC
Table: 'Expresso Nitro(627519205)#0' 3-max (real money) Seat #3 is the button
Seat 1: N.Barbarossa (300)
Seat 2: NoTiMe2LoOse (300)
Seat 3: _SKR (300)
*** ANTE/BLINDS ***
N.Barbarossa posts small blind 10
NoTiMe2LoOse posts big blind 20
Dealt to _SKR [Th Jh]
*** PRE-FLOP *** 
_SKR raises 20 to 40
N.Barbarossa folds
NoTiMe2LoOse folds
_SKR collected 70 from pot
*** SUMMARY ***
Total pot 70 | No rake
Seat 3: _SKR (button) won 70


Winamax Poker - Tournament "Expresso Nitro" buyIn: 1.86€ + 0.14€ level: 1 - HandId: #2695174463086919681-5-1674998110 - Holdem no limit (10/20) - 2023/01/29 13:15:10 UTC
Table: 'Expresso Nitro(627519205)#0' 3-max (real money) Seat #1 is the button
Seat 1: N.Barbarossa (290)
Seat 2: NoTiMe2LoOse (280)
Seat 3: _SKR (330)
*** ANTE/BLINDS ***
NoTiMe2LoOse posts small blind 10
_SKR posts big blind 20
Dealt to _SKR [4s 2s]
*** PRE-FLOP *** 
N.Barbarossa raises 20 to 40
NoTiMe2LoOse folds
_SKR folds
N.Barbarossa collected 70 from pot
*** SUMMARY ***
Total pot 70 | No rake
Seat 1: N.Barbarossa (button) won 70


Winamax Poker - Tournament "Expresso Nitro" buyIn: 1.86€ + 0.14€ level: 2 - HandId: #2695174463086919681-6-1674998127 - Holdem no limit (15/30) - 2023/01/29 13:15:27 UTC
Table: 'Expresso Nitro(627519205)#0' 3-max (real money) Seat #2 is the button
Seat 1: N.Barbarossa (320)
Seat 2: NoTiMe2LoOse (270)
Seat 3: _SKR (310)
*** ANTE/BLINDS ***
_SKR posts small blind 15
N.Barbarossa posts big blind 30
Dealt to _SKR [2h Jh]
*** PRE-FLOP *** 
NoTiMe2LoOse folds
_SKR raises 280 to 310 and is all-in
N.Barbarossa folds
_SKR collected 340 from pot
*** SUMMARY ***
Total pot 340 | No rake
Seat 3: _SKR (small blind) won 340


Winamax Poker - Tournament "Expresso Nitro" buyIn: 1.86€ + 0.14€ level: 2 - HandId: #2695174463086919681-7-1674998134 - Holdem no limit (15/30) - 2023/01/29 13:15:34 UTC
Table: 'Expresso Nitro(627519205)#0' 3-max (real money) Seat #3 is the button
Seat 1: N.Barbarossa (290)
Seat 2: NoTiMe2LoOse (270)
Seat 3: _SKR (340)
*** ANTE/BLINDS ***
N.Barbarossa posts small blind 15
NoTiMe2LoOse posts big blind 30
Dealt to _SKR [3c Td]
*** PRE-FLOP *** 
_SKR folds
N.Barbarossa raises 260 to 290 and is all-in
NoTiMe2LoOse calls 240 and is all-in
*** FLOP *** [Th Ks 5c]
*** TURN *** [Th Ks 5c][3h]
*** RIVER *** [Th Ks 5c 3h][Js]
*** SHOW DOWN ***
N.Barbarossa shows [Kh 9c] (One pair : Kings)
NoTiMe2LoOse shows [Jd Kc] (Two pairs : Kings and Jacks)
NoTiMe2LoOse collected 540 from main pot
N.Barbarossa collected 20 from side pot 1
*** SUMMARY ***
Total pot 560 | No rake
Board: [Th Ks 5c 3h Js]
Seat 1: N.Barbarossa (small blind) showed [Kh 9c] and won 20 with One pair : Kings
Seat 2: NoTiMe2LoOse (big blind) showed [Jd Kc] and won 540 with Two pairs : Kings and Jacks


Winamax Poker - Tournament "Expresso Nitro" buyIn: 1.86€ + 0.14€ level: 2 - HandId: #2695174463086919681-8-1674998153 - Holdem no limit (15/30) - 2023/01/29 13:15:53 UTC
Table: 'Expresso Nitro(627519205)#0' 3-max (real money) Seat #1 is the button
Seat 1: N.Barbarossa (20)
Seat 2: NoTiMe2LoOse (540)
Seat 3: _SKR (340)
*** ANTE/BLINDS ***
NoTiMe2LoOse posts small blind 15
_SKR posts big blind 30
Dealt to _SKR [Qh 9s]
*** PRE-FLOP *** 
N.Barbarossa calls 20 and is all-in
NoTiMe2LoOse folds
*** FLOP *** [4h 2h 2s]
*** TURN *** [4h 2h 2s][Ah]
*** RIVER *** [4h 2h 2s Ah][2d]
*** SHOW DOWN ***
N.Barbarossa shows [Qs 8d] (Trips of 2)
_SKR shows [Qh 9s] (Trips of 2)
_SKR collected 38 from side pot 1
N.Barbarossa collected 27 from main pot
*** SUMMARY ***
Total pot 65 | No rake
Board: [4h 2h 2s Ah 2d]
Seat 1: N.Barbarossa (button) showed [Qs 8d] and won 27 with Trips of 2
Seat 3: _SKR (big blind) showed [Qh 9s] and won 38 with Trips of 2


Winamax Poker - Tournament "Expresso Nitro" buyIn: 1.86€ + 0.14€ level: 2 - HandId: #2695174463086919681-9-1674998164 - Holdem no limit (15/30) - 2023/01/29 13:16:04 UTC
Table: 'Expresso Nitro(627519205)#0' 3-max (real money) Seat #2 is the button
Seat 1: N.Barbarossa (27)
Seat 2: NoTiMe2LoOse (525)
Seat 3: _SKR (348)
*** ANTE/BLINDS ***
_SKR posts small blind 15
N.Barbarossa posts big blind 27 and is all-in
Dealt to _SKR [9h 5c]
*** PRE-FLOP *** 
NoTiMe2LoOse raises 33 to 60
_SKR folds
*** FLOP *** [Kh Th Ad]
*** TURN *** [Kh Th Ad][Qc]
*** RIVER *** [Kh Th Ad Qc][6c]
*** SHOW DOWN ***
N.Barbarossa shows [Kc Qh] (Two pairs : Kings and Queens)
NoTiMe2LoOse shows [Ah Qd] (Two pairs : Aces and Queens)
NoTiMe2LoOse collected 102 from pot
*** SUMMARY ***
Total pot 102 | No rake
Board: [Kh Th Ad Qc 6c]
Seat 1: N.Barbarossa (big blind) showed [Kc Qh] and lost with Two pairs : Kings and Queens
Seat 2: NoTiMe2LoOse (button) showed [Ah Qd] and won 102 with Two pairs : Aces and Queens


Winamax Poker - Tournament "Expresso Nitro" buyIn: 1.86€ + 0.14€ level: 2 - HandId: #2695174463086919681-10-1674998180 - Holdem no limit (15/30) - 2023/01/29 13:16:20 UTC
Table: 'Expresso Nitro(627519205)#0' 3-max (real money) Seat #2 is the button
Seat 2: NoTiMe2LoOse (567)
Seat 3: _SKR (333)
*** ANTE/BLINDS ***
NoTiMe2LoOse posts small blind 15
_SKR posts big blind 30
Dealt to _SKR [Kc 3s]
*** PRE-FLOP *** 
NoTiMe2LoOse folds
_SKR collected 45 from pot
*** SUMMARY ***
Total pot 45 | No rake
Seat 3: _SKR (big blind) won 45


Winamax Poker - Tournament "Expresso Nitro" buyIn: 1.86€ + 0.14€ level: 3 - HandId: #2695174463086919681-11-1674998185 - Holdem no limit (20/40) - 2023/01/29 13:16:25 UTC
Table: 'Expresso Nitro(627519205)#0' 3-max (real money) Seat #3 is the button
Seat 2: NoTiMe2LoOse (552)
Seat 3: _SKR (348)
*** ANTE/BLINDS ***
_SKR posts small blind 20
NoTiMe2LoOse posts big blind 40
Dealt to _SKR [Qc Td]
*** PRE-FLOP *** 
_SKR raises 308 to 348 and is all-in
NoTiMe2LoOse folds
_SKR collected 388 from pot
*** SUMMARY ***
Total pot 388 | No rake
Seat 3: _SKR (small blind) (button) won 388


Winamax Poker - Tournament "Expresso Nitro" buyIn: 1.86€ + 0.14€ level: 3 - HandId: #2695174463086919681-12-1674998194 - Holdem no limit (20/40) - 2023/01/29 13:16:34 UTC
Table: 'Expresso Nitro(627519205)#0' 3-max (real money) Seat #2 is the button
Seat 2: NoTiMe2LoOse (512)
Seat 3: _SKR (388)
*** ANTE/BLINDS ***
NoTiMe2LoOse posts small blind 20
_SKR posts big blind 40
Dealt to _SKR [9d 5d]
*** PRE-FLOP *** 
NoTiMe2LoOse folds
_SKR collected 60 from pot
*** SUMMARY ***
Total pot 60 | No rake
Seat 3: _SKR (big blind) won 60


Winamax Poker - Tournament "Expresso Nitro" buyIn: 1.86€ + 0.14€ level: 3 - HandId: #2695174463086919681-13-1674998197 - Holdem no limit (20/40) - 2023/01/29 13:16:37 UTC
Table: 'Expresso Nitro(627519205)#0' 3-max (real money) Seat #3 is the button
Seat 2: NoTiMe2LoOse (492)
Seat 3: _SKR (408)
*** ANTE/BLINDS ***
_SKR posts small blind 20
NoTiMe2LoOse posts big blind 40
Dealt to _SKR [Qd 3s]
*** PRE-FLOP *** 
_SKR folds
NoTiMe2LoOse collected 60 from pot
*** SUMMARY ***
Total pot 60 | No rake
Seat 2: NoTiMe2LoOse (big blind) won 60


Winamax Poker - Tournament "Expresso Nitro" buyIn: 1.86€ + 0.14€ level: 3 - HandId: #2695174463086919681-14-1674998201 - Holdem no limit (20/40) - 2023/01/29 13:16:41 UTC
Table: 'Expresso Nitro(627519205)#0' 3-max (real money) Seat #2 is the button
Seat 2: NoTiMe2LoOse (512)
Seat 3: _SKR (388)
*** ANTE/BLINDS ***
NoTiMe2LoOse posts small blind 20
_SKR posts big blind 40
Dealt to _SKR [Th 4d]
*** PRE-FLOP *** 
NoTiMe2LoOse calls 20
_SKR checks
*** FLOP *** [5s 4h 8c]
_SKR checks
NoTiMe2LoOse bets 40
_SKR calls 40
*** TURN *** [5s 4h 8c][5c]
_SKR checks
NoTiMe2LoOse checks
*** RIVER *** [5s 4h 8c 5c][2s]
_SKR checks
NoTiMe2LoOse checks
*** SHOW DOWN ***
NoTiMe2LoOse shows [7h Kc] (One pair : 5)
_SKR shows [Th 4d] (Two pairs : 5 and 4)
_SKR collected 160 from pot
*** SUMMARY ***
Total pot 160 | No rake
Board: [5s 4h 8c 5c 2s]
Seat 2: NoTiMe2LoOse (small blind) (button) showed [7h Kc] and lost with One pair : 5
Seat 3: _SKR (big blind) showed [Th 4d] and won 160 with Two pairs : 5 and 4


Winamax Poker - Tournament "Expresso Nitro" buyIn: 1.86€ + 0.14€ level: 3 - HandId: #2695174463086919681-15-1674998228 - Holdem no limit (20/40) - 2023/01/29 13:17:08 UTC
Table: 'Expresso Nitro(627519205)#0' 3-max (real money) Seat #3 is the button
Seat 2: NoTiMe2LoOse (432)
Seat 3: _SKR (468)
*** ANTE/BLINDS ***
_SKR posts small blind 20
NoTiMe2LoOse posts big blind 40
Dealt to _SKR [7s 5h]
*** PRE-FLOP *** 
_SKR folds
NoTiMe2LoOse collected 60 from pot
*** SUMMARY ***
Total pot 60 | No rake
Seat 2: NoTiMe2LoOse (big blind) won 60


Winamax Poker - Tournament "Expresso Nitro" buyIn: 1.86€ + 0.14€ level: 3 - HandId: #2695174463086919681-16-1674998231 - Holdem no limit (20/40) - 2023/01/29 13:17:11 UTC
Table: 'Expresso Nitro(627519205)#0' 3-max (real money) Seat #2 is the button
Seat 2: NoTiMe2LoOse (452)
Seat 3: _SKR (448)
*** ANTE/BLINDS ***
NoTiMe2LoOse posts small blind 20
_SKR posts big blind 40
Dealt to _SKR [7c Tc]
*** PRE-FLOP *** 
NoTiMe2LoOse calls 20
_SKR raises 408 to 448 and is all-in
NoTiMe2LoOse folds
_SKR collected 488 from pot
*** SUMMARY ***
Total pot 488 | No rake
Seat 3: _SKR (big blind) won 488


Winamax Poker - Tournament "Expresso Nitro" buyIn: 1.86€ + 0.14€ level: 3 - HandId: #2695174463086919681-17-1674998241 - Holdem no limit (20/40) - 2023/01/29 13:17:21 UTC
Table: 'Expresso Nitro(627519205)#0' 3-max (real money) Seat #3 is the button
Seat 2: NoTiMe2LoOse (412)
Seat 3: _SKR (488)
*** ANTE/BLINDS ***
_SKR posts small blind 20
NoTiMe2LoOse posts big blind 40
Dealt to _SKR [3s Kh]
*** PRE-FLOP *** 
_SKR calls 20
NoTiMe2LoOse checks
*** FLOP *** [Td Qs 7h]
NoTiMe2LoOse checks
_SKR bets 40
NoTiMe2LoOse raises 120 to 160
_SKR folds
NoTiMe2LoOse collected 280 from pot
*** SUMMARY ***
Total pot 280 | No rake
Board: [Td Qs 7h]
Seat 2: NoTiMe2LoOse (big blind) won 280


Winamax Poker - Tournament "Expresso Nitro" buyIn: 1.86€ + 0.14€ level: 4 - HandId: #2695174463086919681-18-1674998253 - Holdem no limit (30/60) - 2023/01/29 13:17:33 UTC
Table: 'Expresso Nitro(627519205)#0' 3-max (real money) Seat #2 is the button
Seat 2: NoTiMe2LoOse (492)
Seat 3: _SKR (408)
*** ANTE/BLINDS ***
NoTiMe2LoOse posts small blind 30
_SKR posts big blind 60
Dealt to _SKR [3h 5h]
*** PRE-FLOP *** 
NoTiMe2LoOse calls 30
_SKR checks
*** FLOP *** [8h 8c 6c]
_SKR checks
NoTiMe2LoOse checks
*** TURN *** [8h 8c 6c][3s]
_SKR checks
NoTiMe2LoOse checks
*** RIVER *** [8h 8c 6c 3s][Jc]
_SKR checks
NoTiMe2LoOse checks
*** SHOW DOWN ***
NoTiMe2LoOse shows [9h Ks] (One pair : 8)
_SKR shows [3h 5h] (Two pairs : 8 and 3)
_SKR collected 120 from pot
*** SUMMARY ***
Total pot 120 | No rake
Board: [8h 8c 6c 3s Jc]
Seat 2: NoTiMe2LoOse (small blind) (button) showed [9h Ks] and lost with One pair : 8
Seat 3: _SKR (big blind) showed [3h 5h] and won 120 with Two pairs : 8 and 3


Winamax Poker - Tournament "Expresso Nitro" buyIn: 1.86€ + 0.14€ level: 4 - HandId: #2695174463086919681-19-1674998275 - Holdem no limit (30/60) - 2023/01/29 13:17:55 UTC
Table: 'Expresso Nitro(627519205)#0' 3-max (real money) Seat #3 is the button
Seat 2: NoTiMe2LoOse (432)
Seat 3: _SKR (468)
*** ANTE/BLINDS ***
_SKR posts small blind 30
NoTiMe2LoOse posts big blind 60
Dealt to _SKR [8s 4d]
*** PRE-FLOP *** 
_SKR folds
NoTiMe2LoOse collected 90 from pot
*** SUMMARY ***
Total pot 90 | No rake
Seat 2: NoTiMe2LoOse (big blind) won 90


Winamax Poker - Tournament "Expresso Nitro" buyIn: 1.86€ + 0.14€ level: 4 - HandId: #2695174463086919681-20-1674998278 - Holdem no limit (30/60) - 2023/01/29 13:17:58 UTC
Table: 'Expresso Nitro(627519205)#0' 3-max (real money) Seat #2 is the button
Seat 2: NoTiMe2LoOse (462)
Seat 3: _SKR (438)
*** ANTE/BLINDS ***
NoTiMe2LoOse posts small blind 30
_SKR posts big blind 60
Dealt to _SKR [2c 4c]
*** PRE-FLOP *** 
NoTiMe2LoOse calls 30
_SKR checks
*** FLOP *** [2s 7c 5s]
_SKR checks
NoTiMe2LoOse checks
*** TURN *** [2s 7c 5s][8c]
_SKR bets 120
NoTiMe2LoOse raises 282 to 402 and is all-in
_SKR calls 258 and is all-in
*** RIVER *** [2s 7c 5s 8c][Ts]
*** SHOW DOWN ***
_SKR shows [2c 4c] (One pair : 2)
NoTiMe2LoOse shows [Qd 8h] (One pair : 8)
NoTiMe2LoOse collected 900 from pot
*** SUMMARY ***
Total pot 900 | No rake
Board: [2s 7c 5s 8c Ts]
Seat 2: NoTiMe2LoOse (small blind) (button) showed [Qd 8h] and won 900 with One pair : 8
Seat 3: _SKR (big blind) showed [2c 4c] and lost with One pair : 2


