Winamax Poker - Tournament "Expresso Nitro" buyIn: 0.93€ + 0.07€ level: 1 - HandId: #2692522681558892545-1-1674828663 - Holdem no limit (10/20) - 2023/01/27 14:11:03 UTC
Table: 'Expresso Nitro(626901789)#0' 3-max (real money) Seat #1 is the button
Seat 1: oo ghis oo (300)
Seat 2: MAN 06210 (300)
Seat 3: _SKR (300)
*** ANTE/BLINDS ***
MAN 06210 posts small blind 10
_SKR posts big blind 20
Dealt to _SKR [Ad Jh]
*** PRE-FLOP *** 
oo ghis oo folds
MAN 06210 calls 10
_SKR raises 30 to 50
MAN 06210 calls 30
*** FLOP *** [Qc 9d 2s]
MAN 06210 checks
_SKR checks
*** TURN *** [Qc 9d 2s][9c]
MAN 06210 checks
_SKR checks
*** RIVER *** [Qc 9d 2s 9c][Th]
MAN 06210 checks
_SKR checks
*** SHOW DOWN ***
MAN 06210 shows [3s 8d] (One pair : 9)
_SKR shows [Ad Jh] (One pair : 9)
_SKR collected 100 from pot
*** SUMMARY ***
Total pot 100 | No rake
Board: [Qc 9d 2s 9c Th]
Seat 2: MAN 06210 (small blind) showed [3s 8d] and lost with One pair : 9
Seat 3: _SKR (big blind) showed [Ad Jh] and won 100 with One pair : 9


Winamax Poker - Tournament "Expresso Nitro" buyIn: 0.93€ + 0.07€ level: 1 - HandId: #2692522681558892545-2-1674828685 - Holdem no limit (10/20) - 2023/01/27 14:11:25 UTC
Table: 'Expresso Nitro(626901789)#0' 3-max (real money) Seat #2 is the button
Seat 1: oo ghis oo (300)
Seat 2: MAN 06210 (250)
Seat 3: _SKR (350)
*** ANTE/BLINDS ***
_SKR posts small blind 10
oo ghis oo posts big blind 20
Dealt to _SKR [4c 9s]
*** PRE-FLOP *** 
MAN 06210 raises 230 to 250 and is all-in
_SKR folds
oo ghis oo folds
MAN 06210 collected 280 from pot
*** SUMMARY ***
Total pot 280 | No rake
Seat 2: MAN 06210 (button) won 280


Winamax Poker - Tournament "Expresso Nitro" buyIn: 0.93€ + 0.07€ level: 1 - HandId: #2692522681558892545-3-1674828702 - Holdem no limit (10/20) - 2023/01/27 14:11:42 UTC
Table: 'Expresso Nitro(626901789)#0' 3-max (real money) Seat #3 is the button
Seat 1: oo ghis oo (280)
Seat 2: MAN 06210 (280)
Seat 3: _SKR (340)
*** ANTE/BLINDS ***
oo ghis oo posts small blind 10
MAN 06210 posts big blind 20
Dealt to _SKR [Qh 6h]
*** PRE-FLOP *** 
_SKR folds
oo ghis oo folds
MAN 06210 collected 30 from pot
*** SUMMARY ***
Total pot 30 | No rake
Seat 2: MAN 06210 (big blind) won 30


Winamax Poker - Tournament "Expresso Nitro" buyIn: 0.93€ + 0.07€ level: 1 - HandId: #2692522681558892545-4-1674828715 - Holdem no limit (10/20) - 2023/01/27 14:11:55 UTC
Table: 'Expresso Nitro(626901789)#0' 3-max (real money) Seat #1 is the button
Seat 1: oo ghis oo (270)
Seat 2: MAN 06210 (290)
Seat 3: _SKR (340)
*** ANTE/BLINDS ***
MAN 06210 posts small blind 10
_SKR posts big blind 20
Dealt to _SKR [4c 2c]
*** PRE-FLOP *** 
oo ghis oo folds
MAN 06210 calls 10
_SKR checks
*** FLOP *** [As Qc 8d]
MAN 06210 checks
_SKR checks
*** TURN *** [As Qc 8d][5h]
MAN 06210 checks
_SKR checks
*** RIVER *** [As Qc 8d 5h][Ts]
MAN 06210 bets 270 and is all-in
_SKR folds
MAN 06210 collected 310 from pot
*** SUMMARY ***
Total pot 310 | No rake
Board: [As Qc 8d 5h Ts]
Seat 2: MAN 06210 (small blind) won 310


Winamax Poker - Tournament "Expresso Nitro" buyIn: 0.93€ + 0.07€ level: 2 - HandId: #2692522681558892545-5-1674828774 - Holdem no limit (15/30) - 2023/01/27 14:12:54 UTC
Table: 'Expresso Nitro(626901789)#0' 3-max (real money) Seat #2 is the button
Seat 1: oo ghis oo (270)
Seat 2: MAN 06210 (310)
Seat 3: _SKR (320)
*** ANTE/BLINDS ***
_SKR posts small blind 15
oo ghis oo posts big blind 30
Dealt to _SKR [4s 7h]
*** PRE-FLOP *** 
MAN 06210 folds
_SKR folds
oo ghis oo collected 45 from pot
*** SUMMARY ***
Total pot 45 | No rake
Seat 1: oo ghis oo (big blind) won 45


Winamax Poker - Tournament "Expresso Nitro" buyIn: 0.93€ + 0.07€ level: 3 - HandId: #2692522681558892545-6-1674828780 - Holdem no limit (20/40) - 2023/01/27 14:13:00 UTC
Table: 'Expresso Nitro(626901789)#0' 3-max (real money) Seat #3 is the button
Seat 1: oo ghis oo (285)
Seat 2: MAN 06210 (310)
Seat 3: _SKR (305)
*** ANTE/BLINDS ***
oo ghis oo posts small blind 20
MAN 06210 posts big blind 40
Dealt to _SKR [Td 5s]
*** PRE-FLOP *** 
_SKR folds
oo ghis oo calls 20
MAN 06210 checks
*** FLOP *** [3d 2c As]
oo ghis oo bets 80
MAN 06210 folds
oo ghis oo collected 160 from pot
*** SUMMARY ***
Total pot 160 | No rake
Board: [3d 2c As]
Seat 1: oo ghis oo (small blind) won 160


Winamax Poker - Tournament "Expresso Nitro" buyIn: 0.93€ + 0.07€ level: 3 - HandId: #2692522681558892545-7-1674828793 - Holdem no limit (20/40) - 2023/01/27 14:13:13 UTC
Table: 'Expresso Nitro(626901789)#0' 3-max (real money) Seat #1 is the button
Seat 1: oo ghis oo (325)
Seat 2: MAN 06210 (270)
Seat 3: _SKR (305)
*** ANTE/BLINDS ***
MAN 06210 posts small blind 20
_SKR posts big blind 40
Dealt to _SKR [7c Ad]
*** PRE-FLOP *** 
oo ghis oo calls 40
MAN 06210 calls 20
_SKR raises 265 to 305 and is all-in
oo ghis oo folds
MAN 06210 calls 230 and is all-in
*** FLOP *** [8h Ah Th]
*** TURN *** [8h Ah Th][5h]
*** RIVER *** [8h Ah Th 5h][6h]
*** SHOW DOWN ***
MAN 06210 shows [As 3d] (Flush Ace high)
_SKR shows [7c Ad] (Flush Ace high)
_SKR collected 325 from side pot 1
MAN 06210 collected 290 from main pot
*** SUMMARY ***
Total pot 615 | No rake
Board: [8h Ah Th 5h 6h]
Seat 2: MAN 06210 (small blind) showed [As 3d] and won 290 with Flush Ace high
Seat 3: _SKR (big blind) showed [7c Ad] and won 325 with Flush Ace high


Winamax Poker - Tournament "Expresso Nitro" buyIn: 0.93€ + 0.07€ level: 3 - HandId: #2692522681558892545-8-1674828811 - Holdem no limit (20/40) - 2023/01/27 14:13:31 UTC
Table: 'Expresso Nitro(626901789)#0' 3-max (real money) Seat #2 is the button
Seat 1: oo ghis oo (285)
Seat 2: MAN 06210 (290)
Seat 3: _SKR (325)
*** ANTE/BLINDS ***
_SKR posts small blind 20
oo ghis oo posts big blind 40
Dealt to _SKR [4c 2d]
*** PRE-FLOP *** 
MAN 06210 folds
_SKR folds
oo ghis oo collected 60 from pot
*** SUMMARY ***
Total pot 60 | No rake
Seat 1: oo ghis oo (big blind) won 60


Winamax Poker - Tournament "Expresso Nitro" buyIn: 0.93€ + 0.07€ level: 3 - HandId: #2692522681558892545-9-1674828817 - Holdem no limit (20/40) - 2023/01/27 14:13:37 UTC
Table: 'Expresso Nitro(626901789)#0' 3-max (real money) Seat #3 is the button
Seat 1: oo ghis oo (305)
Seat 2: MAN 06210 (290)
Seat 3: _SKR (305)
*** ANTE/BLINDS ***
oo ghis oo posts small blind 20
MAN 06210 posts big blind 40
Dealt to _SKR [Ts 4s]
*** PRE-FLOP *** 
_SKR folds
oo ghis oo calls 20
MAN 06210 checks
*** FLOP *** [8s 7h Qd]
oo ghis oo bets 40
MAN 06210 calls 40
*** TURN *** [8s 7h Qd][7s]
oo ghis oo checks
MAN 06210 checks
*** RIVER *** [8s 7h Qd 7s][Kh]
oo ghis oo checks
MAN 06210 checks
*** SHOW DOWN ***
MAN 06210 shows [9c Jh] (One pair : 7)
oo ghis oo shows [Ac 4h] (One pair : 7)
oo ghis oo collected 160 from pot
*** SUMMARY ***
Total pot 160 | No rake
Board: [8s 7h Qd 7s Kh]
Seat 1: oo ghis oo (small blind) showed [Ac 4h] and won 160 with One pair : 7
Seat 2: MAN 06210 (big blind) showed [9c Jh] and lost with One pair : 7


Winamax Poker - Tournament "Expresso Nitro" buyIn: 0.93€ + 0.07€ level: 4 - HandId: #2692522681558892545-10-1674828842 - Holdem no limit (30/60) - 2023/01/27 14:14:02 UTC
Table: 'Expresso Nitro(626901789)#0' 3-max (real money) Seat #1 is the button
Seat 1: oo ghis oo (385)
Seat 2: MAN 06210 (210)
Seat 3: _SKR (305)
*** ANTE/BLINDS ***
MAN 06210 posts small blind 30
_SKR posts big blind 60
Dealt to _SKR [8h 6h]
*** PRE-FLOP *** 
oo ghis oo calls 60
MAN 06210 raises 150 to 210 and is all-in
_SKR folds
oo ghis oo calls 150
*** FLOP *** [Ac Ks 2c]
*** TURN *** [Ac Ks 2c][Td]
*** RIVER *** [Ac Ks 2c Td][9c]
*** SHOW DOWN ***
oo ghis oo shows [Kc Qs] (One pair : Kings)
MAN 06210 shows [2h 2s] (Trips of 2)
MAN 06210 collected 480 from pot
*** SUMMARY ***
Total pot 480 | No rake
Board: [Ac Ks 2c Td 9c]
Seat 1: oo ghis oo (button) showed [Kc Qs] and lost with One pair : Kings
Seat 2: MAN 06210 (small blind) showed [2h 2s] and won 480 with Trips of 2


Winamax Poker - Tournament "Expresso Nitro" buyIn: 0.93€ + 0.07€ level: 4 - HandId: #2692522681558892545-11-1674828860 - Holdem no limit (30/60) - 2023/01/27 14:14:20 UTC
Table: 'Expresso Nitro(626901789)#0' 3-max (real money) Seat #2 is the button
Seat 1: oo ghis oo (175)
Seat 2: MAN 06210 (480)
Seat 3: _SKR (245)
*** ANTE/BLINDS ***
_SKR posts small blind 30
oo ghis oo posts big blind 60
Dealt to _SKR [9h Jd]
*** PRE-FLOP *** 
MAN 06210 folds
_SKR raises 185 to 245 and is all-in
oo ghis oo folds
_SKR collected 305 from pot
*** SUMMARY ***
Total pot 305 | No rake
Seat 3: _SKR (small blind) won 305


Winamax Poker - Tournament "Expresso Nitro" buyIn: 0.93€ + 0.07€ level: 4 - HandId: #2692522681558892545-12-1674828865 - Holdem no limit (30/60) - 2023/01/27 14:14:25 UTC
Table: 'Expresso Nitro(626901789)#0' 3-max (real money) Seat #3 is the button
Seat 1: oo ghis oo (115)
Seat 2: MAN 06210 (480)
Seat 3: _SKR (305)
*** ANTE/BLINDS ***
oo ghis oo posts small blind 30
MAN 06210 posts big blind 60
Dealt to _SKR [Kc 8c]
*** PRE-FLOP *** 
_SKR raises 245 to 305 and is all-in
oo ghis oo calls 85 and is all-in
MAN 06210 folds
*** FLOP *** [4c Ks 5h]
*** TURN *** [4c Ks 5h][Jc]
*** RIVER *** [4c Ks 5h Jc][Ts]
*** SHOW DOWN ***
oo ghis oo shows [Ah Kd] (One pair : Kings)
_SKR shows [Kc 8c] (One pair : Kings)
_SKR collected 190 from side pot 1
oo ghis oo collected 290 from main pot
*** SUMMARY ***
Total pot 480 | No rake
Board: [4c Ks 5h Jc Ts]
Seat 1: oo ghis oo (small blind) showed [Ah Kd] and won 290 with One pair : Kings
Seat 3: _SKR (button) showed [Kc 8c] and won 190 with One pair : Kings


Winamax Poker - Tournament "Expresso Nitro" buyIn: 0.93€ + 0.07€ level: 4 - HandId: #2692522681558892545-13-1674828877 - Holdem no limit (30/60) - 2023/01/27 14:14:37 UTC
Table: 'Expresso Nitro(626901789)#0' 3-max (real money) Seat #1 is the button
Seat 1: oo ghis oo (290)
Seat 2: MAN 06210 (420)
Seat 3: _SKR (190)
*** ANTE/BLINDS ***
MAN 06210 posts small blind 30
_SKR posts big blind 60
Dealt to _SKR [4d 9d]
*** PRE-FLOP *** 
oo ghis oo calls 60
MAN 06210 raises 360 to 420 and is all-in
_SKR folds
oo ghis oo folds
MAN 06210 collected 540 from pot
*** SUMMARY ***
Total pot 540 | No rake
Seat 2: MAN 06210 (small blind) won 540


Winamax Poker - Tournament "Expresso Nitro" buyIn: 0.93€ + 0.07€ level: 4 - HandId: #2692522681558892545-14-1674828888 - Holdem no limit (30/60) - 2023/01/27 14:14:48 UTC
Table: 'Expresso Nitro(626901789)#0' 3-max (real money) Seat #2 is the button
Seat 1: oo ghis oo (230)
Seat 2: MAN 06210 (540)
Seat 3: _SKR (130)
*** ANTE/BLINDS ***
_SKR posts small blind 30
oo ghis oo posts big blind 60
Dealt to _SKR [6c 5c]
*** PRE-FLOP *** 
MAN 06210 folds
_SKR raises 70 to 130 and is all-in
oo ghis oo folds
_SKR collected 190 from pot
*** SUMMARY ***
Total pot 190 | No rake
Seat 3: _SKR (small blind) won 190


Winamax Poker - Tournament "Expresso Nitro" buyIn: 0.93€ + 0.07€ level: 5 - HandId: #2692522681558892545-15-1674828937 - Holdem no limit (40/80) - 2023/01/27 14:15:37 UTC
Table: 'Expresso Nitro(626901789)#0' 3-max (real money) Seat #3 is the button
Seat 1: oo ghis oo (170)
Seat 2: MAN 06210 (540)
Seat 3: _SKR (190)
*** ANTE/BLINDS ***
oo ghis oo posts small blind 40
MAN 06210 posts big blind 80
Dealt to _SKR [Ts 3s]
*** PRE-FLOP *** 
_SKR raises 110 to 190 and is all-in
oo ghis oo folds
MAN 06210 calls 110
*** FLOP *** [Th Kd 7s]
*** TURN *** [Th Kd 7s][8h]
*** RIVER *** [Th Kd 7s 8h][2s]
*** SHOW DOWN ***
MAN 06210 shows [Ac 4c] (High card : Ace)
_SKR shows [Ts 3s] (One pair : Tens)
_SKR collected 420 from pot
*** SUMMARY ***
Total pot 420 | No rake
Board: [Th Kd 7s 8h 2s]
Seat 2: MAN 06210 (big blind) showed [Ac 4c] and lost with High card : Ace
Seat 3: _SKR (button) showed [Ts 3s] and won 420 with One pair : Tens


Winamax Poker - Tournament "Expresso Nitro" buyIn: 0.93€ + 0.07€ level: 6 - HandId: #2692522681558892545-16-1674828959 - Holdem no limit (50/100) - 2023/01/27 14:15:59 UTC
Table: 'Expresso Nitro(626901789)#0' 3-max (real money) Seat #1 is the button
Seat 1: oo ghis oo (130)
Seat 2: MAN 06210 (350)
Seat 3: _SKR (420)
*** ANTE/BLINDS ***
MAN 06210 posts small blind 50
_SKR posts big blind 100
Dealt to _SKR [8h 5s]
*** PRE-FLOP *** 
oo ghis oo folds
MAN 06210 raises 250 to 350 and is all-in
_SKR folds
MAN 06210 collected 450 from pot
*** SUMMARY ***
Total pot 450 | No rake
Seat 2: MAN 06210 (small blind) won 450


Winamax Poker - Tournament "Expresso Nitro" buyIn: 0.93€ + 0.07€ level: 6 - HandId: #2692522681558892545-17-1674828973 - Holdem no limit (50/100) - 2023/01/27 14:16:13 UTC
Table: 'Expresso Nitro(626901789)#0' 3-max (real money) Seat #2 is the button
Seat 1: oo ghis oo (130)
Seat 2: MAN 06210 (450)
Seat 3: _SKR (320)
*** ANTE/BLINDS ***
_SKR posts small blind 50
oo ghis oo posts big blind 100
Dealt to _SKR [4s 9c]
*** PRE-FLOP *** 
MAN 06210 raises 350 to 450 and is all-in
_SKR folds
oo ghis oo folds
MAN 06210 collected 600 from pot
*** SUMMARY ***
Total pot 600 | No rake
Seat 2: MAN 06210 (button) won 600


Winamax Poker - Tournament "Expresso Nitro" buyIn: 0.93€ + 0.07€ level: 6 - HandId: #2692522681558892545-18-1674828989 - Holdem no limit (50/100) - 2023/01/27 14:16:29 UTC
Table: 'Expresso Nitro(626901789)#0' 3-max (real money) Seat #3 is the button
Seat 1: oo ghis oo (30)
Seat 2: MAN 06210 (600)
Seat 3: _SKR (270)
*** ANTE/BLINDS ***
oo ghis oo posts small blind 30 and is all-in
MAN 06210 posts big blind 100
Dealt to _SKR [2h 9s]
*** PRE-FLOP *** 
_SKR folds
*** FLOP *** [Kc 7s Qh]
*** TURN *** [Kc 7s Qh][6c]
*** RIVER *** [Kc 7s Qh 6c][Qd]
*** SHOW DOWN ***
oo ghis oo shows [4h 3d] (One pair : Queens)
MAN 06210 shows [8d 6s] (Two pairs : Queens and 6)
MAN 06210 collected 130 from pot
*** SUMMARY ***
Total pot 130 | No rake
Board: [Kc 7s Qh 6c Qd]
Seat 1: oo ghis oo (small blind) showed [4h 3d] and lost with One pair : Queens
Seat 2: MAN 06210 (big blind) showed [8d 6s] and won 130 with Two pairs : Queens and 6


Winamax Poker - Tournament "Expresso Nitro" buyIn: 0.93€ + 0.07€ level: 6 - HandId: #2692522681558892545-19-1674829002 - Holdem no limit (50/100) - 2023/01/27 14:16:42 UTC
Table: 'Expresso Nitro(626901789)#0' 3-max (real money) Seat #2 is the button
Seat 2: MAN 06210 (630)
Seat 3: _SKR (270)
*** ANTE/BLINDS ***
MAN 06210 posts small blind 50
_SKR posts big blind 100
Dealt to _SKR [Td 8c]
*** PRE-FLOP *** 
MAN 06210 raises 100 to 200
_SKR raises 70 to 270 and is all-in
MAN 06210 calls 70
*** FLOP *** [4c 2s 6h]
*** TURN *** [4c 2s 6h][5d]
*** RIVER *** [4c 2s 6h 5d][Ts]
*** SHOW DOWN ***
MAN 06210 shows [9s 7d] (High card : Ten)
_SKR shows [Td 8c] (One pair : Tens)
_SKR collected 540 from pot
*** SUMMARY ***
Total pot 540 | No rake
Board: [4c 2s 6h 5d Ts]
Seat 2: MAN 06210 (small blind) (button) showed [9s 7d] and lost with High card : Ten
Seat 3: _SKR (big blind) showed [Td 8c] and won 540 with One pair : Tens


Winamax Poker - Tournament "Expresso Nitro" buyIn: 0.93€ + 0.07€ level: 6 - HandId: #2692522681558892545-20-1674829017 - Holdem no limit (50/100) - 2023/01/27 14:16:57 UTC
Table: 'Expresso Nitro(626901789)#0' 3-max (real money) Seat #3 is the button
Seat 2: MAN 06210 (360)
Seat 3: _SKR (540)
*** ANTE/BLINDS ***
_SKR posts small blind 50
MAN 06210 posts big blind 100
Dealt to _SKR [4s Js]
*** PRE-FLOP *** 
_SKR raises 440 to 540 and is all-in
MAN 06210 calls 260 and is all-in
*** FLOP *** [Kh 6s Ac]
*** TURN *** [Kh 6s Ac][Tc]
*** RIVER *** [Kh 6s Ac Tc][Th]
*** SHOW DOWN ***
MAN 06210 shows [4d 9s] (One pair : Tens)
_SKR shows [4s Js] (One pair : Tens)
_SKR collected 900 from pot
*** SUMMARY ***
Total pot 900 | No rake
Board: [Kh 6s Ac Tc Th]
Seat 2: MAN 06210 (big blind) showed [4d 9s] and lost with One pair : Tens
Seat 3: _SKR (small blind) (button) showed [4s Js] and won 900 with One pair : Tens


