Winamax Poker - Tournament "Expresso Nitro" buyIn: 0.93€ + 0.07€ level: 1 - HandId: #2654467841092222977-1-1672661919 - Holdem no limit (10/20) - 2023/01/02 12:18:39 UTC
Table: 'Expresso Nitro(618041456)#0' 3-max (real money) Seat #2 is the button
Seat 1: RTISCH (300)
Seat 2: _SKR (300)
Seat 3: Wankerr (300)
*** ANTE/BLINDS ***
Wankerr posts small blind 10
RTISCH posts big blind 20
Dealt to _SKR [7h 2s]
*** PRE-FLOP *** 
_SKR folds
Wankerr folds
RTISCH collected 30 from pot
*** SUMMARY ***
Total pot 30 | No rake
Seat 1: RTISCH (big blind) won 30


Winamax Poker - Tournament "Expresso Nitro" buyIn: 0.93€ + 0.07€ level: 1 - HandId: #2654467841092222977-2-1672661927 - Holdem no limit (10/20) - 2023/01/02 12:18:47 UTC
Table: 'Expresso Nitro(618041456)#0' 3-max (real money) Seat #3 is the button
Seat 1: RTISCH (310)
Seat 2: _SKR (300)
Seat 3: Wankerr (290)
*** ANTE/BLINDS ***
RTISCH posts small blind 10
_SKR posts big blind 20
Dealt to _SKR [Jd 5d]
*** PRE-FLOP *** 
Wankerr folds
RTISCH raises 290 to 310 and is all-in
_SKR folds
RTISCH collected 330 from pot
*** SUMMARY ***
Total pot 330 | No rake
Seat 1: RTISCH (small blind) won 330


Winamax Poker - Tournament "Expresso Nitro" buyIn: 0.93€ + 0.07€ level: 1 - HandId: #2654467841092222977-3-1672661940 - Holdem no limit (10/20) - 2023/01/02 12:19:00 UTC
Table: 'Expresso Nitro(618041456)#0' 3-max (real money) Seat #1 is the button
Seat 1: RTISCH (330)
Seat 2: _SKR (280)
Seat 3: Wankerr (290)
*** ANTE/BLINDS ***
_SKR posts small blind 10
Wankerr posts big blind 20
Dealt to _SKR [Qd 4h]
*** PRE-FLOP *** 
RTISCH raises 310 to 330 and is all-in
_SKR folds
Wankerr calls 270 and is all-in
*** FLOP *** [5c Jh 8s]
*** TURN *** [5c Jh 8s][9s]
*** RIVER *** [5c Jh 8s 9s][2h]
*** SHOW DOWN ***
RTISCH shows [Ac 6s] (High card : Ace)
Wankerr shows [Ad 8h] (One pair : 8)
Wankerr collected 590 from main pot
RTISCH collected 40 from side pot 1
*** SUMMARY ***
Total pot 630 | No rake
Board: [5c Jh 8s 9s 2h]
Seat 1: RTISCH (button) showed [Ac 6s] and won 40 with High card : Ace
Seat 3: Wankerr (big blind) showed [Ad 8h] and won 590 with One pair : 8


Winamax Poker - Tournament "Expresso Nitro" buyIn: 0.93€ + 0.07€ level: 1 - HandId: #2654467841092222977-4-1672661969 - Holdem no limit (10/20) - 2023/01/02 12:19:29 UTC
Table: 'Expresso Nitro(618041456)#0' 3-max (real money) Seat #2 is the button
Seat 1: RTISCH (40)
Seat 2: _SKR (270)
Seat 3: Wankerr (590)
*** ANTE/BLINDS ***
Wankerr posts small blind 10
RTISCH posts big blind 20
Dealt to _SKR [Tc 3h]
*** PRE-FLOP *** 
_SKR folds
Wankerr folds
RTISCH collected 30 from pot
*** SUMMARY ***
Total pot 30 | No rake
Seat 1: RTISCH (big blind) won 30


Winamax Poker - Tournament "Expresso Nitro" buyIn: 0.93€ + 0.07€ level: 2 - HandId: #2654467841092222977-5-1672661977 - Holdem no limit (15/30) - 2023/01/02 12:19:37 UTC
Table: 'Expresso Nitro(618041456)#0' 3-max (real money) Seat #3 is the button
Seat 1: RTISCH (50)
Seat 2: _SKR (270)
Seat 3: Wankerr (580)
*** ANTE/BLINDS ***
RTISCH posts small blind 15
_SKR posts big blind 30
Dealt to _SKR [Ah 3s]
*** PRE-FLOP *** 
Wankerr folds
RTISCH raises 20 to 50 and is all-in
_SKR calls 20
*** FLOP *** [2s Js Tc]
*** TURN *** [2s Js Tc][7h]
*** RIVER *** [2s Js Tc 7h][9c]
*** SHOW DOWN ***
_SKR shows [Ah 3s] (High card : Ace)
RTISCH shows [2h Kh] (One pair : 2)
RTISCH collected 100 from pot
*** SUMMARY ***
Total pot 100 | No rake
Board: [2s Js Tc 7h 9c]
Seat 1: RTISCH (small blind) showed [2h Kh] and won 100 with One pair : 2
Seat 2: _SKR (big blind) showed [Ah 3s] and lost with High card : Ace


Winamax Poker - Tournament "Expresso Nitro" buyIn: 0.93€ + 0.07€ level: 2 - HandId: #2654467841092222977-6-1672661993 - Holdem no limit (15/30) - 2023/01/02 12:19:53 UTC
Table: 'Expresso Nitro(618041456)#0' 3-max (real money) Seat #1 is the button
Seat 1: RTISCH (100)
Seat 2: _SKR (220)
Seat 3: Wankerr (580)
*** ANTE/BLINDS ***
_SKR posts small blind 15
Wankerr posts big blind 30
Dealt to _SKR [5d Ts]
*** PRE-FLOP *** 
RTISCH folds
_SKR folds
Wankerr collected 45 from pot
*** SUMMARY ***
Total pot 45 | No rake
Seat 3: Wankerr (big blind) won 45


Winamax Poker - Tournament "Expresso Nitro" buyIn: 0.93€ + 0.07€ level: 2 - HandId: #2654467841092222977-7-1672662006 - Holdem no limit (15/30) - 2023/01/02 12:20:06 UTC
Table: 'Expresso Nitro(618041456)#0' 3-max (real money) Seat #2 is the button
Seat 1: RTISCH (100)
Seat 2: _SKR (205)
Seat 3: Wankerr (595)
*** ANTE/BLINDS ***
Wankerr posts small blind 15
RTISCH posts big blind 30
Dealt to _SKR [8d 8s]
*** PRE-FLOP *** 
_SKR raises 175 to 205 and is all-in
Wankerr raises 390 to 595 and is all-in
RTISCH calls 70 and is all-in
*** FLOP *** [2d Jh 7d]
*** TURN *** [2d Jh 7d][Td]
*** RIVER *** [2d Jh 7d Td][3d]
*** SHOW DOWN ***
RTISCH shows [3c Th] (Two pairs : Tens and 3)
_SKR shows [8d 8s] (Flush Ten high)
Wankerr shows [Ad 8c] (Flush Ace high)
Wankerr collected 900 from pot
*** SUMMARY ***
Total pot 900 | No rake
Board: [2d Jh 7d Td 3d]
Seat 1: RTISCH (big blind) showed [3c Th] and lost with Two pairs : Tens and 3
Seat 2: _SKR (button) showed [8d 8s] and lost with Flush Ten high
Seat 3: Wankerr (small blind) showed [Ad 8c] and won 900 with Flush Ace high


