Winamax Poker - Tournament "Expresso Nitro" buyIn: 0.93€ + 0.07€ level: 1 - HandId: #2717963529494724609-1-1676241367 - Holdem no limit (10/20) - 2023/02/12 22:36:07 UTC
Table: 'Expresso Nitro(632825198)#0' 3-max (real money) Seat #1 is the button
Seat 1: Azizag (300)
Seat 2: B100Franklin (300)
Seat 3: _SKR (300)
*** ANTE/BLINDS ***
B100Franklin posts small blind 10
_SKR posts big blind 20
Dealt to _SKR [6s Tc]
*** PRE-FLOP *** 
Azizag raises 30 to 50
B100Franklin raises 250 to 300 and is all-in
_SKR folds
Azizag calls 250 and is all-in
*** FLOP *** [2s Ah 7c]
*** TURN *** [2s Ah 7c][7h]
*** RIVER *** [2s Ah 7c 7h][5d]
*** SHOW DOWN ***
Azizag shows [6h Qc] (One pair : 7)
B100Franklin shows [Ad 9d] (Two pairs : Aces and 7)
B100Franklin collected 620 from pot
*** SUMMARY ***
Total pot 620 | No rake
Board: [2s Ah 7c 7h 5d]
Seat 1: Azizag (button) showed [6h Qc] and lost with One pair : 7
Seat 2: B100Franklin (small blind) showed [Ad 9d] and won 620 with Two pairs : Aces and 7


Winamax Poker - Tournament "Expresso Nitro" buyIn: 0.93€ + 0.07€ level: 1 - HandId: #2717963529494724609-2-1676241390 - Holdem no limit (10/20) - 2023/02/12 22:36:30 UTC
Table: 'Expresso Nitro(632825198)#0' 3-max (real money) Seat #3 is the button
Seat 2: B100Franklin (620)
Seat 3: _SKR (280)
*** ANTE/BLINDS ***
_SKR posts small blind 10
B100Franklin posts big blind 20
Dealt to _SKR [5s Qs]
*** PRE-FLOP *** 
_SKR folds
B100Franklin collected 30 from pot
*** SUMMARY ***
Total pot 30 | No rake
Seat 2: B100Franklin (big blind) won 30


Winamax Poker - Tournament "Expresso Nitro" buyIn: 0.93€ + 0.07€ level: 1 - HandId: #2717963529494724609-3-1676241395 - Holdem no limit (10/20) - 2023/02/12 22:36:35 UTC
Table: 'Expresso Nitro(632825198)#0' 3-max (real money) Seat #2 is the button
Seat 2: B100Franklin (630)
Seat 3: _SKR (270)
*** ANTE/BLINDS ***
B100Franklin posts small blind 10
_SKR posts big blind 20
Dealt to _SKR [7c 6s]
*** PRE-FLOP *** 
B100Franklin raises 20 to 40
_SKR folds
B100Franklin collected 60 from pot
*** SUMMARY ***
Total pot 60 | No rake
Seat 2: B100Franklin (small blind) (button) won 60


Winamax Poker - Tournament "Expresso Nitro" buyIn: 0.93€ + 0.07€ level: 1 - HandId: #2717963529494724609-4-1676241405 - Holdem no limit (10/20) - 2023/02/12 22:36:45 UTC
Table: 'Expresso Nitro(632825198)#0' 3-max (real money) Seat #3 is the button
Seat 2: B100Franklin (650)
Seat 3: _SKR (250)
*** ANTE/BLINDS ***
_SKR posts small blind 10
B100Franklin posts big blind 20
Dealt to _SKR [8h 7d]
*** PRE-FLOP *** 
_SKR folds
B100Franklin collected 30 from pot
*** SUMMARY ***
Total pot 30 | No rake
Seat 2: B100Franklin (big blind) won 30


Winamax Poker - Tournament "Expresso Nitro" buyIn: 0.93€ + 0.07€ level: 1 - HandId: #2717963529494724609-5-1676241414 - Holdem no limit (10/20) - 2023/02/12 22:36:54 UTC
Table: 'Expresso Nitro(632825198)#0' 3-max (real money) Seat #2 is the button
Seat 2: B100Franklin (660)
Seat 3: _SKR (240)
*** ANTE/BLINDS ***
B100Franklin posts small blind 10
_SKR posts big blind 20
Dealt to _SKR [3d 9c]
*** PRE-FLOP *** 
B100Franklin folds
_SKR collected 30 from pot
*** SUMMARY ***
Total pot 30 | No rake
Seat 3: _SKR (big blind) won 30


Winamax Poker - Tournament "Expresso Nitro" buyIn: 0.93€ + 0.07€ level: 1 - HandId: #2717963529494724609-6-1676241417 - Holdem no limit (10/20) - 2023/02/12 22:36:57 UTC
Table: 'Expresso Nitro(632825198)#0' 3-max (real money) Seat #3 is the button
Seat 2: B100Franklin (650)
Seat 3: _SKR (250)
*** ANTE/BLINDS ***
_SKR posts small blind 10
B100Franklin posts big blind 20
Dealt to _SKR [9s Tc]
*** PRE-FLOP *** 
_SKR folds
B100Franklin collected 30 from pot
*** SUMMARY ***
Total pot 30 | No rake
Seat 2: B100Franklin (big blind) won 30


Winamax Poker - Tournament "Expresso Nitro" buyIn: 0.93€ + 0.07€ level: 1 - HandId: #2717963529494724609-7-1676241422 - Holdem no limit (10/20) - 2023/02/12 22:37:02 UTC
Table: 'Expresso Nitro(632825198)#0' 3-max (real money) Seat #2 is the button
Seat 2: B100Franklin (660)
Seat 3: _SKR (240)
*** ANTE/BLINDS ***
B100Franklin posts small blind 10
_SKR posts big blind 20
Dealt to _SKR [4c 4s]
*** PRE-FLOP *** 
B100Franklin calls 10
_SKR raises 220 to 240 and is all-in
B100Franklin folds
_SKR collected 260 from pot
*** SUMMARY ***
Total pot 260 | No rake
Seat 3: _SKR (big blind) won 260


Winamax Poker - Tournament "Expresso Nitro" buyIn: 0.93€ + 0.07€ level: 2 - HandId: #2717963529494724609-8-1676241430 - Holdem no limit (15/30) - 2023/02/12 22:37:10 UTC
Table: 'Expresso Nitro(632825198)#0' 3-max (real money) Seat #3 is the button
Seat 2: B100Franklin (640)
Seat 3: _SKR (260)
*** ANTE/BLINDS ***
_SKR posts small blind 15
B100Franklin posts big blind 30
Dealt to _SKR [5h 3h]
*** PRE-FLOP *** 
_SKR folds
B100Franklin collected 45 from pot
*** SUMMARY ***
Total pot 45 | No rake
Seat 2: B100Franklin (big blind) won 45


Winamax Poker - Tournament "Expresso Nitro" buyIn: 0.93€ + 0.07€ level: 2 - HandId: #2717963529494724609-9-1676241439 - Holdem no limit (15/30) - 2023/02/12 22:37:19 UTC
Table: 'Expresso Nitro(632825198)#0' 3-max (real money) Seat #2 is the button
Seat 2: B100Franklin (655)
Seat 3: _SKR (245)
*** ANTE/BLINDS ***
B100Franklin posts small blind 15
_SKR posts big blind 30
Dealt to _SKR [9h 6c]
*** PRE-FLOP *** 
B100Franklin folds
_SKR collected 45 from pot
*** SUMMARY ***
Total pot 45 | No rake
Seat 3: _SKR (big blind) won 45


Winamax Poker - Tournament "Expresso Nitro" buyIn: 0.93€ + 0.07€ level: 2 - HandId: #2717963529494724609-10-1676241443 - Holdem no limit (15/30) - 2023/02/12 22:37:23 UTC
Table: 'Expresso Nitro(632825198)#0' 3-max (real money) Seat #3 is the button
Seat 2: B100Franklin (640)
Seat 3: _SKR (260)
*** ANTE/BLINDS ***
_SKR posts small blind 15
B100Franklin posts big blind 30
Dealt to _SKR [4d 5s]
*** PRE-FLOP *** 
_SKR folds
B100Franklin collected 45 from pot
*** SUMMARY ***
Total pot 45 | No rake
Seat 2: B100Franklin (big blind) won 45


Winamax Poker - Tournament "Expresso Nitro" buyIn: 0.93€ + 0.07€ level: 2 - HandId: #2717963529494724609-11-1676241447 - Holdem no limit (15/30) - 2023/02/12 22:37:27 UTC
Table: 'Expresso Nitro(632825198)#0' 3-max (real money) Seat #2 is the button
Seat 2: B100Franklin (655)
Seat 3: _SKR (245)
*** ANTE/BLINDS ***
B100Franklin posts small blind 15
_SKR posts big blind 30
Dealt to _SKR [9d Jd]
*** PRE-FLOP *** 
B100Franklin raises 30 to 60
_SKR calls 30
*** FLOP *** [4c Kh Kc]
_SKR checks
B100Franklin bets 30
_SKR folds
B100Franklin collected 150 from pot
*** SUMMARY ***
Total pot 150 | No rake
Board: [4c Kh Kc]
Seat 2: B100Franklin (small blind) (button) won 150


Winamax Poker - Tournament "Expresso Nitro" buyIn: 0.93€ + 0.07€ level: 2 - HandId: #2717963529494724609-12-1676241469 - Holdem no limit (15/30) - 2023/02/12 22:37:49 UTC
Table: 'Expresso Nitro(632825198)#0' 3-max (real money) Seat #3 is the button
Seat 2: B100Franklin (715)
Seat 3: _SKR (185)
*** ANTE/BLINDS ***
_SKR posts small blind 15
B100Franklin posts big blind 30
Dealt to _SKR [4s 9d]
*** PRE-FLOP *** 
_SKR folds
B100Franklin collected 45 from pot
*** SUMMARY ***
Total pot 45 | No rake
Seat 2: B100Franklin (big blind) won 45


Winamax Poker - Tournament "Expresso Nitro" buyIn: 0.93€ + 0.07€ level: 2 - HandId: #2717963529494724609-13-1676241472 - Holdem no limit (15/30) - 2023/02/12 22:37:52 UTC
Table: 'Expresso Nitro(632825198)#0' 3-max (real money) Seat #2 is the button
Seat 2: B100Franklin (730)
Seat 3: _SKR (170)
*** ANTE/BLINDS ***
B100Franklin posts small blind 15
_SKR posts big blind 30
Dealt to _SKR [8s 9h]
*** PRE-FLOP *** 
B100Franklin raises 700 to 730 and is all-in
_SKR folds
B100Franklin collected 760 from pot
*** SUMMARY ***
Total pot 760 | No rake
Seat 2: B100Franklin (small blind) (button) won 760


Winamax Poker - Tournament "Expresso Nitro" buyIn: 0.93€ + 0.07€ level: 2 - HandId: #2717963529494724609-14-1676241478 - Holdem no limit (15/30) - 2023/02/12 22:37:58 UTC
Table: 'Expresso Nitro(632825198)#0' 3-max (real money) Seat #3 is the button
Seat 2: B100Franklin (760)
Seat 3: _SKR (140)
*** ANTE/BLINDS ***
_SKR posts small blind 15
B100Franklin posts big blind 30
Dealt to _SKR [6h 4d]
*** PRE-FLOP *** 
_SKR folds
B100Franklin collected 45 from pot
*** SUMMARY ***
Total pot 45 | No rake
Seat 2: B100Franklin (big blind) won 45


Winamax Poker - Tournament "Expresso Nitro" buyIn: 0.93€ + 0.07€ level: 2 - HandId: #2717963529494724609-15-1676241482 - Holdem no limit (15/30) - 2023/02/12 22:38:02 UTC
Table: 'Expresso Nitro(632825198)#0' 3-max (real money) Seat #2 is the button
Seat 2: B100Franklin (775)
Seat 3: _SKR (125)
*** ANTE/BLINDS ***
B100Franklin posts small blind 15
_SKR posts big blind 30
Dealt to _SKR [9c 8d]
*** PRE-FLOP *** 
B100Franklin raises 745 to 775 and is all-in
_SKR folds
B100Franklin collected 805 from pot
*** SUMMARY ***
Total pot 805 | No rake
Seat 2: B100Franklin (small blind) (button) won 805


Winamax Poker - Tournament "Expresso Nitro" buyIn: 0.93€ + 0.07€ level: 3 - HandId: #2717963529494724609-16-1676241487 - Holdem no limit (20/40) - 2023/02/12 22:38:07 UTC
Table: 'Expresso Nitro(632825198)#0' 3-max (real money) Seat #3 is the button
Seat 2: B100Franklin (805)
Seat 3: _SKR (95)
*** ANTE/BLINDS ***
_SKR posts small blind 20
B100Franklin posts big blind 40
Dealt to _SKR [Ah 3h]
*** PRE-FLOP *** 
_SKR raises 55 to 95 and is all-in
B100Franklin calls 55
*** FLOP *** [5d 4d 3d]
*** TURN *** [5d 4d 3d][Kh]
*** RIVER *** [5d 4d 3d Kh][3c]
*** SHOW DOWN ***
B100Franklin shows [Ts Jd] (One pair : 3)
_SKR shows [Ah 3h] (Trips of 3)
_SKR collected 190 from pot
*** SUMMARY ***
Total pot 190 | No rake
Board: [5d 4d 3d Kh 3c]
Seat 2: B100Franklin (big blind) showed [Ts Jd] and lost with One pair : 3
Seat 3: _SKR (small blind) (button) showed [Ah 3h] and won 190 with Trips of 3


Winamax Poker - Tournament "Expresso Nitro" buyIn: 0.93€ + 0.07€ level: 3 - HandId: #2717963529494724609-17-1676241500 - Holdem no limit (20/40) - 2023/02/12 22:38:20 UTC
Table: 'Expresso Nitro(632825198)#0' 3-max (real money) Seat #2 is the button
Seat 2: B100Franklin (710)
Seat 3: _SKR (190)
*** ANTE/BLINDS ***
B100Franklin posts small blind 20
_SKR posts big blind 40
Dealt to _SKR [3s 9c]
*** PRE-FLOP *** 
B100Franklin raises 670 to 710 and is all-in
_SKR folds
B100Franklin collected 750 from pot
*** SUMMARY ***
Total pot 750 | No rake
Seat 2: B100Franklin (small blind) (button) won 750


Winamax Poker - Tournament "Expresso Nitro" buyIn: 0.93€ + 0.07€ level: 3 - HandId: #2717963529494724609-18-1676241505 - Holdem no limit (20/40) - 2023/02/12 22:38:25 UTC
Table: 'Expresso Nitro(632825198)#0' 3-max (real money) Seat #3 is the button
Seat 2: B100Franklin (750)
Seat 3: _SKR (150)
*** ANTE/BLINDS ***
_SKR posts small blind 20
B100Franklin posts big blind 40
Dealt to _SKR [5d 6c]
*** PRE-FLOP *** 
_SKR folds
B100Franklin collected 60 from pot
*** SUMMARY ***
Total pot 60 | No rake
Seat 2: B100Franklin (big blind) won 60


Winamax Poker - Tournament "Expresso Nitro" buyIn: 0.93€ + 0.07€ level: 3 - HandId: #2717963529494724609-19-1676241511 - Holdem no limit (20/40) - 2023/02/12 22:38:31 UTC
Table: 'Expresso Nitro(632825198)#0' 3-max (real money) Seat #2 is the button
Seat 2: B100Franklin (770)
Seat 3: _SKR (130)
*** ANTE/BLINDS ***
B100Franklin posts small blind 20
_SKR posts big blind 40
Dealt to _SKR [Kc Js]
*** PRE-FLOP *** 
B100Franklin raises 730 to 770 and is all-in
_SKR calls 90 and is all-in
*** FLOP *** [4c Ad Tc]
*** TURN *** [4c Ad Tc][8c]
*** RIVER *** [4c Ad Tc 8c][Qd]
*** SHOW DOWN ***
B100Franklin shows [8s 9s] (One pair : 8)
_SKR shows [Kc Js] (Straight Ace high)
_SKR collected 260 from main pot
B100Franklin collected 640 from side pot 1
*** SUMMARY ***
Total pot 900 | No rake
Board: [4c Ad Tc 8c Qd]
Seat 2: B100Franklin (small blind) (button) showed [8s 9s] and won 640 with One pair : 8
Seat 3: _SKR (big blind) showed [Kc Js] and won 260 with Straight Ace high


Winamax Poker - Tournament "Expresso Nitro" buyIn: 0.93€ + 0.07€ level: 3 - HandId: #2717963529494724609-20-1676241525 - Holdem no limit (20/40) - 2023/02/12 22:38:45 UTC
Table: 'Expresso Nitro(632825198)#0' 3-max (real money) Seat #3 is the button
Seat 2: B100Franklin (640)
Seat 3: _SKR (260)
*** ANTE/BLINDS ***
_SKR posts small blind 20
B100Franklin posts big blind 40
Dealt to _SKR [Qc 7h]
*** PRE-FLOP *** 
_SKR folds
B100Franklin collected 60 from pot
*** SUMMARY ***
Total pot 60 | No rake
Seat 2: B100Franklin (big blind) won 60


Winamax Poker - Tournament "Expresso Nitro" buyIn: 0.93€ + 0.07€ level: 3 - HandId: #2717963529494724609-21-1676241530 - Holdem no limit (20/40) - 2023/02/12 22:38:50 UTC
Table: 'Expresso Nitro(632825198)#0' 3-max (real money) Seat #2 is the button
Seat 2: B100Franklin (660)
Seat 3: _SKR (240)
*** ANTE/BLINDS ***
B100Franklin posts small blind 20
_SKR posts big blind 40
Dealt to _SKR [7d 5c]
*** PRE-FLOP *** 
B100Franklin raises 620 to 660 and is all-in
_SKR folds
B100Franklin collected 700 from pot
*** SUMMARY ***
Total pot 700 | No rake
Seat 2: B100Franklin (small blind) (button) won 700


Winamax Poker - Tournament "Expresso Nitro" buyIn: 0.93€ + 0.07€ level: 4 - HandId: #2717963529494724609-22-1676241543 - Holdem no limit (30/60) - 2023/02/12 22:39:03 UTC
Table: 'Expresso Nitro(632825198)#0' 3-max (real money) Seat #3 is the button
Seat 2: B100Franklin (700)
Seat 3: _SKR (200)
*** ANTE/BLINDS ***
_SKR posts small blind 30
B100Franklin posts big blind 60
Dealt to _SKR [6c 2d]
*** PRE-FLOP *** 
_SKR folds
B100Franklin collected 90 from pot
*** SUMMARY ***
Total pot 90 | No rake
Seat 2: B100Franklin (big blind) won 90


Winamax Poker - Tournament "Expresso Nitro" buyIn: 0.93€ + 0.07€ level: 4 - HandId: #2717963529494724609-23-1676241547 - Holdem no limit (30/60) - 2023/02/12 22:39:07 UTC
Table: 'Expresso Nitro(632825198)#0' 3-max (real money) Seat #2 is the button
Seat 2: B100Franklin (730)
Seat 3: _SKR (170)
*** ANTE/BLINDS ***
B100Franklin posts small blind 30
_SKR posts big blind 60
Dealt to _SKR [6h 5s]
*** PRE-FLOP *** 
B100Franklin raises 670 to 730 and is all-in
_SKR calls 110 and is all-in
*** FLOP *** [8d 4c Kd]
*** TURN *** [8d 4c Kd][5d]
*** RIVER *** [8d 4c Kd 5d][7h]
*** SHOW DOWN ***
B100Franklin shows [Ad 2h] (High card : Ace)
_SKR shows [6h 5s] (Straight 8 high)
_SKR collected 340 from main pot
B100Franklin collected 560 from side pot 1
*** SUMMARY ***
Total pot 900 | No rake
Board: [8d 4c Kd 5d 7h]
Seat 2: B100Franklin (small blind) (button) showed [Ad 2h] and won 560 with High card : Ace
Seat 3: _SKR (big blind) showed [6h 5s] and won 340 with Straight 8 high


Winamax Poker - Tournament "Expresso Nitro" buyIn: 0.93€ + 0.07€ level: 4 - HandId: #2717963529494724609-24-1676241562 - Holdem no limit (30/60) - 2023/02/12 22:39:22 UTC
Table: 'Expresso Nitro(632825198)#0' 3-max (real money) Seat #3 is the button
Seat 2: B100Franklin (560)
Seat 3: _SKR (340)
*** ANTE/BLINDS ***
_SKR posts small blind 30
B100Franklin posts big blind 60
Dealt to _SKR [5c 8s]
*** PRE-FLOP *** 
_SKR folds
B100Franklin collected 90 from pot
*** SUMMARY ***
Total pot 90 | No rake
Seat 2: B100Franklin (big blind) won 90


Winamax Poker - Tournament "Expresso Nitro" buyIn: 0.93€ + 0.07€ level: 4 - HandId: #2717963529494724609-25-1676241569 - Holdem no limit (30/60) - 2023/02/12 22:39:29 UTC
Table: 'Expresso Nitro(632825198)#0' 3-max (real money) Seat #2 is the button
Seat 2: B100Franklin (590)
Seat 3: _SKR (310)
*** ANTE/BLINDS ***
B100Franklin posts small blind 30
_SKR posts big blind 60
Dealt to _SKR [Ts As]
*** PRE-FLOP *** 
B100Franklin raises 530 to 590 and is all-in
_SKR calls 250 and is all-in
*** FLOP *** [7s 2h Ad]
*** TURN *** [7s 2h Ad][8s]
*** RIVER *** [7s 2h Ad 8s][8d]
*** SHOW DOWN ***
B100Franklin shows [3s Kd] (One pair : 8)
_SKR shows [Ts As] (Two pairs : Aces and 8)
_SKR collected 620 from main pot
B100Franklin collected 280 from side pot 1
*** SUMMARY ***
Total pot 900 | No rake
Board: [7s 2h Ad 8s 8d]
Seat 2: B100Franklin (small blind) (button) showed [3s Kd] and won 280 with One pair : 8
Seat 3: _SKR (big blind) showed [Ts As] and won 620 with Two pairs : Aces and 8


Winamax Poker - Tournament "Expresso Nitro" buyIn: 0.93€ + 0.07€ level: 4 - HandId: #2717963529494724609-26-1676241580 - Holdem no limit (30/60) - 2023/02/12 22:39:40 UTC
Table: 'Expresso Nitro(632825198)#0' 3-max (real money) Seat #3 is the button
Seat 2: B100Franklin (280)
Seat 3: _SKR (620)
*** ANTE/BLINDS ***
_SKR posts small blind 30
B100Franklin posts big blind 60
Dealt to _SKR [5c Qs]
*** PRE-FLOP *** 
_SKR folds
B100Franklin collected 90 from pot
*** SUMMARY ***
Total pot 90 | No rake
Seat 2: B100Franklin (big blind) won 90


Winamax Poker - Tournament "Expresso Nitro" buyIn: 0.93€ + 0.07€ level: 4 - HandId: #2717963529494724609-27-1676241585 - Holdem no limit (30/60) - 2023/02/12 22:39:45 UTC
Table: 'Expresso Nitro(632825198)#0' 3-max (real money) Seat #2 is the button
Seat 2: B100Franklin (310)
Seat 3: _SKR (590)
*** ANTE/BLINDS ***
B100Franklin posts small blind 30
_SKR posts big blind 60
Dealt to _SKR [5d 2h]
*** PRE-FLOP *** 
B100Franklin raises 250 to 310 and is all-in
_SKR folds
B100Franklin collected 370 from pot
*** SUMMARY ***
Total pot 370 | No rake
Seat 2: B100Franklin (small blind) (button) won 370


Winamax Poker - Tournament "Expresso Nitro" buyIn: 0.93€ + 0.07€ level: 4 - HandId: #2717963529494724609-28-1676241590 - Holdem no limit (30/60) - 2023/02/12 22:39:50 UTC
Table: 'Expresso Nitro(632825198)#0' 3-max (real money) Seat #3 is the button
Seat 2: B100Franklin (370)
Seat 3: _SKR (530)
*** ANTE/BLINDS ***
_SKR posts small blind 30
B100Franklin posts big blind 60
Dealt to _SKR [7c 7d]
*** PRE-FLOP *** 
_SKR raises 470 to 530 and is all-in
B100Franklin calls 310 and is all-in
*** FLOP *** [9h 8h Jh]
*** TURN *** [9h 8h Jh][3h]
*** RIVER *** [9h 8h Jh 3h][8c]
*** SHOW DOWN ***
B100Franklin shows [4s 4h] (Flush Jack high)
_SKR shows [7c 7d] (Two pairs : 8 and 7)
_SKR collected 160 from side pot 1
B100Franklin collected 740 from main pot
*** SUMMARY ***
Total pot 900 | No rake
Board: [9h 8h Jh 3h 8c]
Seat 2: B100Franklin (big blind) showed [4s 4h] and won 740 with Flush Jack high
Seat 3: _SKR (small blind) (button) showed [7c 7d] and won 160 with Two pairs : 8 and 7


Winamax Poker - Tournament "Expresso Nitro" buyIn: 0.93€ + 0.07€ level: 5 - HandId: #2717963529494724609-29-1676241603 - Holdem no limit (40/80) - 2023/02/12 22:40:03 UTC
Table: 'Expresso Nitro(632825198)#0' 3-max (real money) Seat #2 is the button
Seat 2: B100Franklin (740)
Seat 3: _SKR (160)
*** ANTE/BLINDS ***
B100Franklin posts small blind 40
_SKR posts big blind 80
Dealt to _SKR [4d Kd]
*** PRE-FLOP *** 
B100Franklin raises 80 to 160
_SKR calls 80 and is all-in
*** FLOP *** [Ah 5s 9h]
*** TURN *** [Ah 5s 9h][6s]
*** RIVER *** [Ah 5s 9h 6s][9d]
*** SHOW DOWN ***
_SKR shows [4d Kd] (One pair : 9)
B100Franklin shows [5d 7d] (Two pairs : 9 and 5)
B100Franklin collected 320 from pot
*** SUMMARY ***
Total pot 320 | No rake
Board: [Ah 5s 9h 6s 9d]
Seat 2: B100Franklin (small blind) (button) showed [5d 7d] and won 320 with Two pairs : 9 and 5
Seat 3: _SKR (big blind) showed [4d Kd] and lost with One pair : 9


