Winamax Poker - Tournament "Expresso Nitro" buyIn: 0.93€ + 0.07€ level: 1 - HandId: #2671074684329525249-1-1673529838 - Holdem no limit (10/20) - 2023/01/12 13:23:58 UTC
Table: 'Expresso Nitro(621908038)#0' 3-max (real money) Seat #1 is the button
Seat 1: biche664 (300)
Seat 2: Colala73 (300)
Seat 3: _SKR (300)
*** ANTE/BLINDS ***
Colala73 posts small blind 10
_SKR posts big blind 20
Dealt to _SKR [8d 3s]
*** PRE-FLOP *** 
biche664 raises 40 to 60
Colala73 raises 240 to 300 and is all-in
_SKR folds
biche664 calls 240 and is all-in
*** FLOP *** [5h 2h As]
*** TURN *** [5h 2h As][Jh]
*** RIVER *** [5h 2h As Jh][Ks]
*** SHOW DOWN ***
Colala73 shows [Ad Ts] (One pair : Aces)
biche664 shows [Qc Ah] (One pair : Aces)
biche664 collected 620 from pot
*** SUMMARY ***
Total pot 620 | No rake
Board: [5h 2h As Jh Ks]
Seat 1: biche664 (button) showed [Qc Ah] and won 620 with One pair : Aces
Seat 2: Colala73 (small blind) showed [Ad Ts] and lost with One pair : Aces


Winamax Poker - Tournament "Expresso Nitro" buyIn: 0.93€ + 0.07€ level: 1 - HandId: #2671074684329525249-2-1673529854 - Holdem no limit (10/20) - 2023/01/12 13:24:14 UTC
Table: 'Expresso Nitro(621908038)#0' 3-max (real money) Seat #3 is the button
Seat 1: biche664 (620)
Seat 3: _SKR (280)
*** ANTE/BLINDS ***
_SKR posts small blind 10
biche664 posts big blind 20
Dealt to _SKR [6c Jh]
*** PRE-FLOP *** 
_SKR folds
biche664 collected 30 from pot
*** SUMMARY ***
Total pot 30 | No rake
Seat 1: biche664 (big blind) won 30


Winamax Poker - Tournament "Expresso Nitro" buyIn: 0.93€ + 0.07€ level: 1 - HandId: #2671074684329525249-3-1673529858 - Holdem no limit (10/20) - 2023/01/12 13:24:18 UTC
Table: 'Expresso Nitro(621908038)#0' 3-max (real money) Seat #1 is the button
Seat 1: biche664 (630)
Seat 3: _SKR (270)
*** ANTE/BLINDS ***
biche664 posts small blind 10
_SKR posts big blind 20
Dealt to _SKR [9c 5c]
*** PRE-FLOP *** 
biche664 calls 10
_SKR checks
*** FLOP *** [3d 9h Th]
_SKR checks
biche664 checks
*** TURN *** [3d 9h Th][3s]
_SKR checks
biche664 checks
*** RIVER *** [3d 9h Th 3s][8s]
_SKR checks
biche664 checks
*** SHOW DOWN ***
biche664 shows [4h 5d] (One pair : 3)
_SKR shows [9c 5c] (Two pairs : 9 and 3)
_SKR collected 40 from pot
*** SUMMARY ***
Total pot 40 | No rake
Board: [3d 9h Th 3s 8s]
Seat 1: biche664 (small blind) (button) showed [4h 5d] and lost with One pair : 3
Seat 3: _SKR (big blind) showed [9c 5c] and won 40 with Two pairs : 9 and 3


Winamax Poker - Tournament "Expresso Nitro" buyIn: 0.93€ + 0.07€ level: 1 - HandId: #2671074684329525249-4-1673529883 - Holdem no limit (10/20) - 2023/01/12 13:24:43 UTC
Table: 'Expresso Nitro(621908038)#0' 3-max (real money) Seat #3 is the button
Seat 1: biche664 (610)
Seat 3: _SKR (290)
*** ANTE/BLINDS ***
_SKR posts small blind 10
biche664 posts big blind 20
Dealt to _SKR [Kc 3h]
*** PRE-FLOP *** 
_SKR folds
biche664 collected 30 from pot
*** SUMMARY ***
Total pot 30 | No rake
Seat 1: biche664 (big blind) won 30


Winamax Poker - Tournament "Expresso Nitro" buyIn: 0.93€ + 0.07€ level: 1 - HandId: #2671074684329525249-5-1673529888 - Holdem no limit (10/20) - 2023/01/12 13:24:48 UTC
Table: 'Expresso Nitro(621908038)#0' 3-max (real money) Seat #1 is the button
Seat 1: biche664 (620)
Seat 3: _SKR (280)
*** ANTE/BLINDS ***
biche664 posts small blind 10
_SKR posts big blind 20
Dealt to _SKR [7c 4s]
*** PRE-FLOP *** 
biche664 calls 10
_SKR checks
*** FLOP *** [Qs 2d 4d]
_SKR checks
biche664 checks
*** TURN *** [Qs 2d 4d][2s]
_SKR checks
biche664 checks
*** RIVER *** [Qs 2d 4d 2s][4h]
_SKR bets 26
biche664 folds
_SKR collected 66 from pot
*** SUMMARY ***
Total pot 66 | No rake
Board: [Qs 2d 4d 2s 4h]
Seat 3: _SKR (big blind) won 66


Winamax Poker - Tournament "Expresso Nitro" buyIn: 0.93€ + 0.07€ level: 2 - HandId: #2671074684329525249-6-1673529917 - Holdem no limit (15/30) - 2023/01/12 13:25:17 UTC
Table: 'Expresso Nitro(621908038)#0' 3-max (real money) Seat #3 is the button
Seat 1: biche664 (600)
Seat 3: _SKR (300)
*** ANTE/BLINDS ***
_SKR posts small blind 15
biche664 posts big blind 30
Dealt to _SKR [9s 6c]
*** PRE-FLOP *** 
_SKR folds
biche664 collected 45 from pot
*** SUMMARY ***
Total pot 45 | No rake
Seat 1: biche664 (big blind) won 45


Winamax Poker - Tournament "Expresso Nitro" buyIn: 0.93€ + 0.07€ level: 2 - HandId: #2671074684329525249-7-1673529922 - Holdem no limit (15/30) - 2023/01/12 13:25:22 UTC
Table: 'Expresso Nitro(621908038)#0' 3-max (real money) Seat #1 is the button
Seat 1: biche664 (615)
Seat 3: _SKR (285)
*** ANTE/BLINDS ***
biche664 posts small blind 15
_SKR posts big blind 30
Dealt to _SKR [Ac 8s]
*** PRE-FLOP *** 
biche664 folds
_SKR collected 45 from pot
*** SUMMARY ***
Total pot 45 | No rake
Seat 3: _SKR (big blind) won 45


Winamax Poker - Tournament "Expresso Nitro" buyIn: 0.93€ + 0.07€ level: 2 - HandId: #2671074684329525249-8-1673529927 - Holdem no limit (15/30) - 2023/01/12 13:25:27 UTC
Table: 'Expresso Nitro(621908038)#0' 3-max (real money) Seat #3 is the button
Seat 1: biche664 (600)
Seat 3: _SKR (300)
*** ANTE/BLINDS ***
_SKR posts small blind 15
biche664 posts big blind 30
Dealt to _SKR [5c 3h]
*** PRE-FLOP *** 
_SKR folds
biche664 collected 45 from pot
*** SUMMARY ***
Total pot 45 | No rake
Seat 1: biche664 (big blind) won 45


Winamax Poker - Tournament "Expresso Nitro" buyIn: 0.93€ + 0.07€ level: 2 - HandId: #2671074684329525249-9-1673529931 - Holdem no limit (15/30) - 2023/01/12 13:25:31 UTC
Table: 'Expresso Nitro(621908038)#0' 3-max (real money) Seat #1 is the button
Seat 1: biche664 (615)
Seat 3: _SKR (285)
*** ANTE/BLINDS ***
biche664 posts small blind 15
_SKR posts big blind 30
Dealt to _SKR [Th 2d]
*** PRE-FLOP *** 
biche664 folds
_SKR collected 45 from pot
*** SUMMARY ***
Total pot 45 | No rake
Seat 3: _SKR (big blind) won 45


Winamax Poker - Tournament "Expresso Nitro" buyIn: 0.93€ + 0.07€ level: 2 - HandId: #2671074684329525249-10-1673529934 - Holdem no limit (15/30) - 2023/01/12 13:25:34 UTC
Table: 'Expresso Nitro(621908038)#0' 3-max (real money) Seat #3 is the button
Seat 1: biche664 (600)
Seat 3: _SKR (300)
*** ANTE/BLINDS ***
_SKR posts small blind 15
biche664 posts big blind 30
Dealt to _SKR [Qh 5c]
*** PRE-FLOP *** 
_SKR folds
biche664 collected 45 from pot
*** SUMMARY ***
Total pot 45 | No rake
Seat 1: biche664 (big blind) won 45


Winamax Poker - Tournament "Expresso Nitro" buyIn: 0.93€ + 0.07€ level: 2 - HandId: #2671074684329525249-11-1673529938 - Holdem no limit (15/30) - 2023/01/12 13:25:38 UTC
Table: 'Expresso Nitro(621908038)#0' 3-max (real money) Seat #1 is the button
Seat 1: biche664 (615)
Seat 3: _SKR (285)
*** ANTE/BLINDS ***
biche664 posts small blind 15
_SKR posts big blind 30
Dealt to _SKR [6s 7c]
*** PRE-FLOP *** 
biche664 calls 15
_SKR checks
*** FLOP *** [Jc 8s Ks]
_SKR checks
biche664 bets 60
_SKR folds
biche664 collected 120 from pot
*** SUMMARY ***
Total pot 120 | No rake
Board: [Jc 8s Ks]
Seat 1: biche664 (small blind) (button) won 120


Winamax Poker - Tournament "Expresso Nitro" buyIn: 0.93€ + 0.07€ level: 3 - HandId: #2671074684329525249-12-1673529966 - Holdem no limit (20/40) - 2023/01/12 13:26:06 UTC
Table: 'Expresso Nitro(621908038)#0' 3-max (real money) Seat #3 is the button
Seat 1: biche664 (645)
Seat 3: _SKR (255)
*** ANTE/BLINDS ***
_SKR posts small blind 20
biche664 posts big blind 40
Dealt to _SKR [4d Qd]
*** PRE-FLOP *** 
_SKR raises 215 to 255 and is all-in
biche664 calls 215
*** FLOP *** [4c Js 5c]
*** TURN *** [4c Js 5c][9c]
*** RIVER *** [4c Js 5c 9c][2s]
*** SHOW DOWN ***
_SKR shows [4d Qd] (One pair : 4)
biche664 shows [9h Qh] (One pair : 9)
biche664 collected 510 from pot
*** SUMMARY ***
Total pot 510 | No rake
Board: [4c Js 5c 9c 2s]
Seat 1: biche664 (big blind) showed [9h Qh] and won 510 with One pair : 9
Seat 3: _SKR (small blind) (button) showed [4d Qd] and lost with One pair : 4


