Winamax Poker - Tournament "Expresso Nitro" buyIn: 0.93€ + 0.07€ level: 1 - HandId: #2718710505911877633-1-1676296663 - Holdem no limit (10/20) - 2023/02/13 13:57:43 UTC
Table: 'Expresso Nitro(632999117)#0' 3-max (real money) Seat #3 is the button
Seat 1: Dali2021 (300)
Seat 2: _SKR (300)
Seat 3: Medmo92cmy (300)
*** ANTE/BLINDS ***
Dali2021 posts small blind 10
_SKR posts big blind 20
Dealt to _SKR [6h Kd]
*** PRE-FLOP *** 
Medmo92cmy calls 20
Dali2021 calls 10
_SKR checks
*** FLOP *** [Jc Ts Qd]
Dali2021 bets 20
_SKR folds
Medmo92cmy calls 20
*** TURN *** [Jc Ts Qd][7s]
Dali2021 checks
Medmo92cmy checks
*** RIVER *** [Jc Ts Qd 7s][4h]
Dali2021 checks
Medmo92cmy bets 20
Dali2021 calls 20
*** SHOW DOWN ***
Dali2021 shows [Kh 5s] (High card : King)
Medmo92cmy shows [2c Qc] (One pair : Queens)
Medmo92cmy collected 140 from pot
*** SUMMARY ***
Total pot 140 | No rake
Board: [Jc Ts Qd 7s 4h]
Seat 1: Dali2021 (small blind) showed [Kh 5s] and lost with High card : King
Seat 3: Medmo92cmy (button) showed [2c Qc] and won 140 with One pair : Queens


Winamax Poker - Tournament "Expresso Nitro" buyIn: 0.93€ + 0.07€ level: 2 - HandId: #2718710505911877633-2-1676296721 - Holdem no limit (15/30) - 2023/02/13 13:58:41 UTC
Table: 'Expresso Nitro(632999117)#0' 3-max (real money) Seat #1 is the button
Seat 1: Dali2021 (240)
Seat 2: _SKR (280)
Seat 3: Medmo92cmy (380)
*** ANTE/BLINDS ***
_SKR posts small blind 15
Medmo92cmy posts big blind 30
Dealt to _SKR [Qh 4h]
*** PRE-FLOP *** 
Dali2021 calls 30
_SKR calls 15
Medmo92cmy checks
*** FLOP *** [5c Ad Kd]
_SKR checks
Medmo92cmy checks
Dali2021 checks
*** TURN *** [5c Ad Kd][6h]
_SKR checks
Medmo92cmy checks
Dali2021 checks
*** RIVER *** [5c Ad Kd 6h][8d]
_SKR checks
Medmo92cmy checks
Dali2021 checks
*** SHOW DOWN ***
Dali2021 shows [9h Jc] (High card : Ace)
Medmo92cmy shows [2d 3c] (High card : Ace)
_SKR shows [Qh 4h] (High card : Ace)
_SKR collected 90 from pot
*** SUMMARY ***
Total pot 90 | No rake
Board: [5c Ad Kd 6h 8d]
Seat 1: Dali2021 (button) showed [9h Jc] and lost with High card : Ace
Seat 2: _SKR (small blind) showed [Qh 4h] and won 90 with High card : Ace
Seat 3: Medmo92cmy (big blind) showed [2d 3c] and lost with High card : Ace


Winamax Poker - Tournament "Expresso Nitro" buyIn: 0.93€ + 0.07€ level: 2 - HandId: #2718710505911877633-3-1676296769 - Holdem no limit (15/30) - 2023/02/13 13:59:29 UTC
Table: 'Expresso Nitro(632999117)#0' 3-max (real money) Seat #2 is the button
Seat 1: Dali2021 (210)
Seat 2: _SKR (340)
Seat 3: Medmo92cmy (350)
*** ANTE/BLINDS ***
Medmo92cmy posts small blind 15
Dali2021 posts big blind 30
Dealt to _SKR [5h 9d]
*** PRE-FLOP *** 
_SKR folds
Medmo92cmy folds
Dali2021 collected 45 from pot
*** SUMMARY ***
Total pot 45 | No rake
Seat 1: Dali2021 (big blind) won 45


Winamax Poker - Tournament "Expresso Nitro" buyIn: 0.93€ + 0.07€ level: 2 - HandId: #2718710505911877633-4-1676296776 - Holdem no limit (15/30) - 2023/02/13 13:59:36 UTC
Table: 'Expresso Nitro(632999117)#0' 3-max (real money) Seat #3 is the button
Seat 1: Dali2021 (225)
Seat 2: _SKR (340)
Seat 3: Medmo92cmy (335)
*** ANTE/BLINDS ***
Dali2021 posts small blind 15
_SKR posts big blind 30
Dealt to _SKR [Ah Th]
*** PRE-FLOP *** 
Medmo92cmy folds
Dali2021 calls 15
_SKR raises 310 to 340 and is all-in
Dali2021 calls 195 and is all-in
*** FLOP *** [Kd Ks 3c]
*** TURN *** [Kd Ks 3c][8h]
*** RIVER *** [Kd Ks 3c 8h][9c]
*** SHOW DOWN ***
Dali2021 shows [4c 4d] (Two pairs : Kings and 4)
_SKR shows [Ah Th] (One pair : Kings)
_SKR collected 115 from side pot 1
Dali2021 collected 450 from main pot
*** SUMMARY ***
Total pot 565 | No rake
Board: [Kd Ks 3c 8h 9c]
Seat 1: Dali2021 (small blind) showed [4c 4d] and won 450 with Two pairs : Kings and 4
Seat 2: _SKR (big blind) showed [Ah Th] and won 115 with One pair : Kings


Winamax Poker - Tournament "Expresso Nitro" buyIn: 0.93€ + 0.07€ level: 3 - HandId: #2718710505911877633-5-1676296800 - Holdem no limit (20/40) - 2023/02/13 14:00:00 UTC
Table: 'Expresso Nitro(632999117)#0' 3-max (real money) Seat #1 is the button
Seat 1: Dali2021 (450)
Seat 2: _SKR (115)
Seat 3: Medmo92cmy (335)
*** ANTE/BLINDS ***
_SKR posts small blind 20
Medmo92cmy posts big blind 40
Dealt to _SKR [3s 7s]
*** PRE-FLOP *** 
Dali2021 calls 40
_SKR folds
Medmo92cmy checks
*** FLOP *** [9h Ts 9s]
Medmo92cmy checks
Dali2021 bets 40
Medmo92cmy calls 40
*** TURN *** [9h Ts 9s][4d]
Medmo92cmy checks
Dali2021 checks
*** RIVER *** [9h Ts 9s 4d][2h]
Medmo92cmy checks
Dali2021 bets 40
Medmo92cmy folds
Dali2021 collected 220 from pot
*** SUMMARY ***
Total pot 220 | No rake
Board: [9h Ts 9s 4d 2h]
Seat 1: Dali2021 (button) won 220


Winamax Poker - Tournament "Expresso Nitro" buyIn: 0.93€ + 0.07€ level: 3 - HandId: #2718710505911877633-6-1676296837 - Holdem no limit (20/40) - 2023/02/13 14:00:37 UTC
Table: 'Expresso Nitro(632999117)#0' 3-max (real money) Seat #2 is the button
Seat 1: Dali2021 (550)
Seat 2: _SKR (95)
Seat 3: Medmo92cmy (255)
*** ANTE/BLINDS ***
Medmo92cmy posts small blind 20
Dali2021 posts big blind 40
Dealt to _SKR [7h Td]
*** PRE-FLOP *** 
_SKR folds
Medmo92cmy raises 40 to 80
Dali2021 raises 470 to 550 and is all-in
Medmo92cmy calls 175 and is all-in
*** FLOP *** [9c Ts 4c]
*** TURN *** [9c Ts 4c][9h]
*** RIVER *** [9c Ts 4c 9h][Jh]
*** SHOW DOWN ***
Dali2021 shows [3s 3c] (Two pairs : 9 and 3)
Medmo92cmy shows [Th Ah] (Two pairs : Tens and 9)
Medmo92cmy collected 510 from main pot
Dali2021 collected 295 from side pot 1
*** SUMMARY ***
Total pot 805 | No rake
Board: [9c Ts 4c 9h Jh]
Seat 1: Dali2021 (big blind) showed [3s 3c] and won 295 with Two pairs : 9 and 3
Seat 3: Medmo92cmy (small blind) showed [Th Ah] and won 510 with Two pairs : Tens and 9


Winamax Poker - Tournament "Expresso Nitro" buyIn: 0.93€ + 0.07€ level: 4 - HandId: #2718710505911877633-7-1676296850 - Holdem no limit (30/60) - 2023/02/13 14:00:50 UTC
Table: 'Expresso Nitro(632999117)#0' 3-max (real money) Seat #3 is the button
Seat 1: Dali2021 (295)
Seat 2: _SKR (95)
Seat 3: Medmo92cmy (510)
*** ANTE/BLINDS ***
Dali2021 posts small blind 30
_SKR posts big blind 60
Dealt to _SKR [7s 2h]
*** PRE-FLOP *** 
Medmo92cmy folds
Dali2021 calls 30
_SKR raises 35 to 95 and is all-in
Dali2021 calls 35
*** FLOP *** [3c 9h 8s]
*** TURN *** [3c 9h 8s][Js]
*** RIVER *** [3c 9h 8s Js][Qh]
*** SHOW DOWN ***
Dali2021 shows [4d 6h] (High card : Queen)
_SKR shows [7s 2h] (High card : Queen)
_SKR collected 190 from pot
*** SUMMARY ***
Total pot 190 | No rake
Board: [3c 9h 8s Js Qh]
Seat 1: Dali2021 (small blind) showed [4d 6h] and lost with High card : Queen
Seat 2: _SKR (big blind) showed [7s 2h] and won 190 with High card : Queen


Winamax Poker - Tournament "Expresso Nitro" buyIn: 0.93€ + 0.07€ level: 4 - HandId: #2718710505911877633-8-1676296869 - Holdem no limit (30/60) - 2023/02/13 14:01:09 UTC
Table: 'Expresso Nitro(632999117)#0' 3-max (real money) Seat #1 is the button
Seat 1: Dali2021 (200)
Seat 2: _SKR (190)
Seat 3: Medmo92cmy (510)
*** ANTE/BLINDS ***
_SKR posts small blind 30
Medmo92cmy posts big blind 60
Dealt to _SKR [Qc 4h]
*** PRE-FLOP *** 
Dali2021 raises 140 to 200 and is all-in
_SKR folds
Medmo92cmy calls 140
*** FLOP *** [5d 2d 6h]
*** TURN *** [5d 2d 6h][Kd]
*** RIVER *** [5d 2d 6h Kd][Ad]
*** SHOW DOWN ***
Dali2021 shows [5c Ah] (Two pairs : Aces and 5)
Medmo92cmy shows [7h 6d] (Flush Ace high)
Medmo92cmy collected 430 from pot
*** SUMMARY ***
Total pot 430 | No rake
Board: [5d 2d 6h Kd Ad]
Seat 1: Dali2021 (button) showed [5c Ah] and lost with Two pairs : Aces and 5
Seat 3: Medmo92cmy (big blind) showed [7h 6d] and won 430 with Flush Ace high


Winamax Poker - Tournament "Expresso Nitro" buyIn: 0.93€ + 0.07€ level: 4 - HandId: #2718710505911877633-9-1676296891 - Holdem no limit (30/60) - 2023/02/13 14:01:31 UTC
Table: 'Expresso Nitro(632999117)#0' 3-max (real money) Seat #3 is the button
Seat 2: _SKR (160)
Seat 3: Medmo92cmy (740)
*** ANTE/BLINDS ***
Medmo92cmy posts small blind 30
_SKR posts big blind 60
Dealt to _SKR [Td 3d]
*** PRE-FLOP *** 
Medmo92cmy calls 30
_SKR checks
*** FLOP *** [8c 9c 3c]
_SKR checks
Medmo92cmy checks
*** TURN *** [8c 9c 3c][Tc]
_SKR checks
Medmo92cmy checks
*** RIVER *** [8c 9c 3c Tc][5c]
_SKR checks
Medmo92cmy bets 60
_SKR folds
Medmo92cmy collected 180 from pot
*** SUMMARY ***
Total pot 180 | No rake
Board: [8c 9c 3c Tc 5c]
Seat 3: Medmo92cmy (small blind) (button) won 180


Winamax Poker - Tournament "Expresso Nitro" buyIn: 0.93€ + 0.07€ level: 5 - HandId: #2718710505911877633-10-1676296918 - Holdem no limit (40/80) - 2023/02/13 14:01:58 UTC
Table: 'Expresso Nitro(632999117)#0' 3-max (real money) Seat #2 is the button
Seat 2: _SKR (100)
Seat 3: Medmo92cmy (800)
*** ANTE/BLINDS ***
_SKR posts small blind 40
Medmo92cmy posts big blind 80
Dealt to _SKR [2c Ts]
*** PRE-FLOP *** 
_SKR folds
Medmo92cmy collected 120 from pot
*** SUMMARY ***
Total pot 120 | No rake
Seat 3: Medmo92cmy (big blind) won 120


Winamax Poker - Tournament "Expresso Nitro" buyIn: 0.93€ + 0.07€ level: 5 - HandId: #2718710505911877633-11-1676296922 - Holdem no limit (40/80) - 2023/02/13 14:02:02 UTC
Table: 'Expresso Nitro(632999117)#0' 3-max (real money) Seat #3 is the button
Seat 2: _SKR (60)
Seat 3: Medmo92cmy (840)
*** ANTE/BLINDS ***
Medmo92cmy posts small blind 40
_SKR posts big blind 60 and is all-in
Dealt to _SKR [Td 6c]
*** PRE-FLOP *** 
Medmo92cmy calls 40
*** FLOP *** [3c 9d 9h]
*** TURN *** [3c 9d 9h][4h]
*** RIVER *** [3c 9d 9h 4h][4d]
*** SHOW DOWN ***
_SKR shows [Td 6c] (Two pairs : 9 and 4)
Medmo92cmy shows [2c 8c] (Two pairs : 9 and 4)
Medmo92cmy collected 20 from side pot 1
_SKR collected 120 from main pot
*** SUMMARY ***
Total pot 140 | No rake
Board: [3c 9d 9h 4h 4d]
Seat 2: _SKR (big blind) showed [Td 6c] and won 120 with Two pairs : 9 and 4
Seat 3: Medmo92cmy (small blind) (button) showed [2c 8c] and won 20 with Two pairs : 9 and 4


Winamax Poker - Tournament "Expresso Nitro" buyIn: 0.93€ + 0.07€ level: 5 - HandId: #2718710505911877633-12-1676296932 - Holdem no limit (40/80) - 2023/02/13 14:02:12 UTC
Table: 'Expresso Nitro(632999117)#0' 3-max (real money) Seat #2 is the button
Seat 2: _SKR (120)
Seat 3: Medmo92cmy (780)
*** ANTE/BLINDS ***
_SKR posts small blind 40
Medmo92cmy posts big blind 80
Dealt to _SKR [4s Ah]
*** PRE-FLOP *** 
_SKR raises 40 to 120 and is all-in
Medmo92cmy calls 40
*** FLOP *** [6h 8c Qd]
*** TURN *** [6h 8c Qd][Ac]
*** RIVER *** [6h 8c Qd Ac][Th]
*** SHOW DOWN ***
Medmo92cmy shows [3h 5h] (High card : Ace)
_SKR shows [4s Ah] (One pair : Aces)
_SKR collected 240 from pot
*** SUMMARY ***
Total pot 240 | No rake
Board: [6h 8c Qd Ac Th]
Seat 2: _SKR (small blind) (button) showed [4s Ah] and won 240 with One pair : Aces
Seat 3: Medmo92cmy (big blind) showed [3h 5h] and lost with High card : Ace


Winamax Poker - Tournament "Expresso Nitro" buyIn: 0.93€ + 0.07€ level: 5 - HandId: #2718710505911877633-13-1676296946 - Holdem no limit (40/80) - 2023/02/13 14:02:26 UTC
Table: 'Expresso Nitro(632999117)#0' 3-max (real money) Seat #3 is the button
Seat 2: _SKR (240)
Seat 3: Medmo92cmy (660)
*** ANTE/BLINDS ***
Medmo92cmy posts small blind 40
_SKR posts big blind 80
Dealt to _SKR [2d 5h]
*** PRE-FLOP *** 
Medmo92cmy raises 80 to 160
_SKR folds
Medmo92cmy collected 240 from pot
*** SUMMARY ***
Total pot 240 | No rake
Seat 3: Medmo92cmy (small blind) (button) won 240


Winamax Poker - Tournament "Expresso Nitro" buyIn: 0.93€ + 0.07€ level: 5 - HandId: #2718710505911877633-14-1676296950 - Holdem no limit (40/80) - 2023/02/13 14:02:30 UTC
Table: 'Expresso Nitro(632999117)#0' 3-max (real money) Seat #2 is the button
Seat 2: _SKR (160)
Seat 3: Medmo92cmy (740)
*** ANTE/BLINDS ***
_SKR posts small blind 40
Medmo92cmy posts big blind 80
Dealt to _SKR [4s Ac]
*** PRE-FLOP *** 
_SKR raises 80 to 160 and is all-in
Medmo92cmy folds
_SKR collected 240 from pot
*** SUMMARY ***
Total pot 240 | No rake
Seat 2: _SKR (small blind) (button) won 240


Winamax Poker - Tournament "Expresso Nitro" buyIn: 0.93€ + 0.07€ level: 6 - HandId: #2718710505911877633-15-1676296974 - Holdem no limit (50/100) - 2023/02/13 14:02:54 UTC
Table: 'Expresso Nitro(632999117)#0' 3-max (real money) Seat #3 is the button
Seat 2: _SKR (240)
Seat 3: Medmo92cmy (660)
*** ANTE/BLINDS ***
Medmo92cmy posts small blind 50
_SKR posts big blind 100
Dealt to _SKR [5h 8c]
*** PRE-FLOP *** 
Medmo92cmy folds
_SKR collected 150 from pot
*** SUMMARY ***
Total pot 150 | No rake
Seat 2: _SKR (big blind) won 150


Winamax Poker - Tournament "Expresso Nitro" buyIn: 0.93€ + 0.07€ level: 6 - HandId: #2718710505911877633-16-1676296982 - Holdem no limit (50/100) - 2023/02/13 14:03:02 UTC
Table: 'Expresso Nitro(632999117)#0' 3-max (real money) Seat #2 is the button
Seat 2: _SKR (290)
Seat 3: Medmo92cmy (610)
*** ANTE/BLINDS ***
_SKR posts small blind 50
Medmo92cmy posts big blind 100
Dealt to _SKR [Kd 9d]
*** PRE-FLOP *** 
_SKR raises 190 to 290 and is all-in
Medmo92cmy folds
_SKR collected 390 from pot
*** SUMMARY ***
Total pot 390 | No rake
Seat 2: _SKR (small blind) (button) won 390


Winamax Poker - Tournament "Expresso Nitro" buyIn: 0.93€ + 0.07€ level: 6 - HandId: #2718710505911877633-17-1676296992 - Holdem no limit (50/100) - 2023/02/13 14:03:12 UTC
Table: 'Expresso Nitro(632999117)#0' 3-max (real money) Seat #3 is the button
Seat 2: _SKR (390)
Seat 3: Medmo92cmy (510)
*** ANTE/BLINDS ***
Medmo92cmy posts small blind 50
_SKR posts big blind 100
Dealt to _SKR [4c 7s]
*** PRE-FLOP *** 
Medmo92cmy folds
_SKR collected 150 from pot
*** SUMMARY ***
Total pot 150 | No rake
Seat 2: _SKR (big blind) won 150


Winamax Poker - Tournament "Expresso Nitro" buyIn: 0.93€ + 0.07€ level: 6 - HandId: #2718710505911877633-18-1676297000 - Holdem no limit (50/100) - 2023/02/13 14:03:20 UTC
Table: 'Expresso Nitro(632999117)#0' 3-max (real money) Seat #2 is the button
Seat 2: _SKR (440)
Seat 3: Medmo92cmy (460)
*** ANTE/BLINDS ***
_SKR posts small blind 50
Medmo92cmy posts big blind 100
Dealt to _SKR [4c 5h]
*** PRE-FLOP *** 
_SKR raises 340 to 440 and is all-in
Medmo92cmy folds
_SKR collected 540 from pot
*** SUMMARY ***
Total pot 540 | No rake
Seat 2: _SKR (small blind) (button) won 540


Winamax Poker - Tournament "Expresso Nitro" buyIn: 0.93€ + 0.07€ level: 6 - HandId: #2718710505911877633-19-1676297010 - Holdem no limit (50/100) - 2023/02/13 14:03:30 UTC
Table: 'Expresso Nitro(632999117)#0' 3-max (real money) Seat #3 is the button
Seat 2: _SKR (540)
Seat 3: Medmo92cmy (360)
*** ANTE/BLINDS ***
Medmo92cmy posts small blind 50
_SKR posts big blind 100
Dealt to _SKR [7d Ah]
*** PRE-FLOP *** 
Medmo92cmy folds
_SKR collected 150 from pot
*** SUMMARY ***
Total pot 150 | No rake
Seat 2: _SKR (big blind) won 150


Winamax Poker - Tournament "Expresso Nitro" buyIn: 0.93€ + 0.07€ level: 6 - HandId: #2718710505911877633-20-1676297018 - Holdem no limit (50/100) - 2023/02/13 14:03:38 UTC
Table: 'Expresso Nitro(632999117)#0' 3-max (real money) Seat #2 is the button
Seat 2: _SKR (590)
Seat 3: Medmo92cmy (310)
*** ANTE/BLINDS ***
_SKR posts small blind 50
Medmo92cmy posts big blind 100
Dealt to _SKR [Kc 6c]
*** PRE-FLOP *** 
_SKR raises 100 to 200
Medmo92cmy folds
_SKR collected 300 from pot
*** SUMMARY ***
Total pot 300 | No rake
Seat 2: _SKR (small blind) (button) won 300


Winamax Poker - Tournament "Expresso Nitro" buyIn: 0.93€ + 0.07€ level: 7 - HandId: #2718710505911877633-21-1676297027 - Holdem no limit (60/120) - 2023/02/13 14:03:47 UTC
Table: 'Expresso Nitro(632999117)#0' 3-max (real money) Seat #3 is the button
Seat 2: _SKR (690)
Seat 3: Medmo92cmy (210)
*** ANTE/BLINDS ***
Medmo92cmy posts small blind 60
_SKR posts big blind 120
Dealt to _SKR [As 8c]
*** PRE-FLOP *** 
Medmo92cmy folds
_SKR collected 180 from pot
*** SUMMARY ***
Total pot 180 | No rake
Seat 2: _SKR (big blind) won 180


Winamax Poker - Tournament "Expresso Nitro" buyIn: 0.93€ + 0.07€ level: 7 - HandId: #2718710505911877633-22-1676297035 - Holdem no limit (60/120) - 2023/02/13 14:03:55 UTC
Table: 'Expresso Nitro(632999117)#0' 3-max (real money) Seat #2 is the button
Seat 2: _SKR (750)
Seat 3: Medmo92cmy (150)
*** ANTE/BLINDS ***
_SKR posts small blind 60
Medmo92cmy posts big blind 120
Dealt to _SKR [8s Js]
*** PRE-FLOP *** 
_SKR raises 120 to 240
Medmo92cmy folds
_SKR collected 360 from pot
*** SUMMARY ***
Total pot 360 | No rake
Seat 2: _SKR (small blind) (button) won 360


Winamax Poker - Tournament "Expresso Nitro" buyIn: 0.93€ + 0.07€ level: 7 - HandId: #2718710505911877633-23-1676297044 - Holdem no limit (60/120) - 2023/02/13 14:04:04 UTC
Table: 'Expresso Nitro(632999117)#0' 3-max (real money) Seat #3 is the button
Seat 2: _SKR (870)
Seat 3: Medmo92cmy (30)
*** ANTE/BLINDS ***
Medmo92cmy posts small blind 30 and is all-in
_SKR posts big blind 120
Dealt to _SKR [2d Ts]
*** PRE-FLOP *** 
*** FLOP *** [3d Qh Qd]
*** TURN *** [3d Qh Qd][7s]
*** RIVER *** [3d Qh Qd 7s][6s]
*** SHOW DOWN ***
_SKR shows [2d Ts] (One pair : Queens)
Medmo92cmy shows [9h Jd] (One pair : Queens)
Medmo92cmy collected 60 from main pot
_SKR collected 90 from side pot 1
*** SUMMARY ***
Total pot 150 | No rake
Board: [3d Qh Qd 7s 6s]
Seat 2: _SKR (big blind) showed [2d Ts] and won 90 with One pair : Queens
Seat 3: Medmo92cmy (small blind) (button) showed [9h Jd] and won 60 with One pair : Queens


Winamax Poker - Tournament "Expresso Nitro" buyIn: 0.93€ + 0.07€ level: 7 - HandId: #2718710505911877633-24-1676297052 - Holdem no limit (60/120) - 2023/02/13 14:04:12 UTC
Table: 'Expresso Nitro(632999117)#0' 3-max (real money) Seat #2 is the button
Seat 2: _SKR (840)
Seat 3: Medmo92cmy (60)
*** ANTE/BLINDS ***
_SKR posts small blind 60
Medmo92cmy posts big blind 60 and is all-in
Dealt to _SKR [4d 9d]
*** PRE-FLOP *** 
*** FLOP *** [9c 7c 8c]
*** TURN *** [9c 7c 8c][4h]
*** RIVER *** [9c 7c 8c 4h][Ks]
*** SHOW DOWN ***
Medmo92cmy shows [3c Ah] (High card : Ace)
_SKR shows [4d 9d] (Two pairs : 9 and 4)
_SKR collected 120 from pot
*** SUMMARY ***
Total pot 120 | No rake
Board: [9c 7c 8c 4h Ks]
Seat 2: _SKR (small blind) (button) showed [4d 9d] and won 120 with Two pairs : 9 and 4
Seat 3: Medmo92cmy (big blind) showed [3c Ah] and lost with High card : Ace


