Winamax Poker - Tournament "Expresso Nitro" buyIn: 0.93€ + 0.07€ level: 1 - HandId: #2675046004364935169-1-1673741533 - Holdem no limit (10/20) - 2023/01/15 00:12:13 UTC
Table: 'Expresso Nitro(622832683)#0' 3-max (real money) Seat #1 is the button
Seat 1: s00r1mjtps (300)
Seat 2: _SKR (300)
Seat 3: Bert2294 (300)
*** ANTE/BLINDS ***
_SKR posts small blind 10
Bert2294 posts big blind 20
Dealt to _SKR [2s 9c]
*** PRE-FLOP *** 
s00r1mjtps raises 280 to 300 and is all-in
_SKR folds
Bert2294 calls 280 and is all-in
*** FLOP *** [5d 3h 4d]
*** TURN *** [5d 3h 4d][2c]
*** RIVER *** [5d 3h 4d 2c][3d]
*** SHOW DOWN ***
s00r1mjtps shows [Kh Ks] (Two pairs : Kings and 3)
Bert2294 shows [6s 6d] (Straight 6 high)
Bert2294 collected 610 from pot
*** SUMMARY ***
Total pot 610 | No rake
Board: [5d 3h 4d 2c 3d]
Seat 1: s00r1mjtps (button) showed [Kh Ks] and lost with Two pairs : Kings and 3
Seat 3: Bert2294 (big blind) showed [6s 6d] and won 610 with Straight 6 high


Winamax Poker - Tournament "Expresso Nitro" buyIn: 0.93€ + 0.07€ level: 1 - HandId: #2675046004364935169-2-1673741549 - Holdem no limit (10/20) - 2023/01/15 00:12:29 UTC
Table: 'Expresso Nitro(622832683)#0' 3-max (real money) Seat #3 is the button
Seat 2: _SKR (290)
Seat 3: Bert2294 (610)
*** ANTE/BLINDS ***
Bert2294 posts small blind 10
_SKR posts big blind 20
Dealt to _SKR [6d 8c]
*** PRE-FLOP *** 
Bert2294 raises 590 to 610 and is all-in
_SKR folds
Bert2294 collected 630 from pot
*** SUMMARY ***
Total pot 630 | No rake
Seat 3: Bert2294 (small blind) (button) won 630


Winamax Poker - Tournament "Expresso Nitro" buyIn: 0.93€ + 0.07€ level: 1 - HandId: #2675046004364935169-3-1673741557 - Holdem no limit (10/20) - 2023/01/15 00:12:37 UTC
Table: 'Expresso Nitro(622832683)#0' 3-max (real money) Seat #2 is the button
Seat 2: _SKR (270)
Seat 3: Bert2294 (630)
*** ANTE/BLINDS ***
_SKR posts small blind 10
Bert2294 posts big blind 20
Dealt to _SKR [Kh 4s]
*** PRE-FLOP *** 
_SKR folds
Bert2294 collected 30 from pot
*** SUMMARY ***
Total pot 30 | No rake
Seat 3: Bert2294 (big blind) won 30


Winamax Poker - Tournament "Expresso Nitro" buyIn: 0.93€ + 0.07€ level: 1 - HandId: #2675046004364935169-4-1673741564 - Holdem no limit (10/20) - 2023/01/15 00:12:44 UTC
Table: 'Expresso Nitro(622832683)#0' 3-max (real money) Seat #3 is the button
Seat 2: _SKR (260)
Seat 3: Bert2294 (640)
*** ANTE/BLINDS ***
Bert2294 posts small blind 10
_SKR posts big blind 20
Dealt to _SKR [Kd Qc]
*** PRE-FLOP *** 
Bert2294 folds
_SKR collected 30 from pot
*** SUMMARY ***
Total pot 30 | No rake
Seat 2: _SKR (big blind) won 30


Winamax Poker - Tournament "Expresso Nitro" buyIn: 0.93€ + 0.07€ level: 1 - HandId: #2675046004364935169-5-1673741567 - Holdem no limit (10/20) - 2023/01/15 00:12:47 UTC
Table: 'Expresso Nitro(622832683)#0' 3-max (real money) Seat #2 is the button
Seat 2: _SKR (270)
Seat 3: Bert2294 (630)
*** ANTE/BLINDS ***
_SKR posts small blind 10
Bert2294 posts big blind 20
Dealt to _SKR [Qd 3c]
*** PRE-FLOP *** 
_SKR folds
Bert2294 collected 30 from pot
*** SUMMARY ***
Total pot 30 | No rake
Seat 3: Bert2294 (big blind) won 30


Winamax Poker - Tournament "Expresso Nitro" buyIn: 0.93€ + 0.07€ level: 1 - HandId: #2675046004364935169-6-1673741570 - Holdem no limit (10/20) - 2023/01/15 00:12:50 UTC
Table: 'Expresso Nitro(622832683)#0' 3-max (real money) Seat #3 is the button
Seat 2: _SKR (260)
Seat 3: Bert2294 (640)
*** ANTE/BLINDS ***
Bert2294 posts small blind 10
_SKR posts big blind 20
Dealt to _SKR [Kh 7h]
*** PRE-FLOP *** 
Bert2294 raises 620 to 640 and is all-in
_SKR folds
Bert2294 collected 660 from pot
*** SUMMARY ***
Total pot 660 | No rake
Seat 3: Bert2294 (small blind) (button) won 660


Winamax Poker - Tournament "Expresso Nitro" buyIn: 0.93€ + 0.07€ level: 1 - HandId: #2675046004364935169-7-1673741577 - Holdem no limit (10/20) - 2023/01/15 00:12:57 UTC
Table: 'Expresso Nitro(622832683)#0' 3-max (real money) Seat #2 is the button
Seat 2: _SKR (240)
Seat 3: Bert2294 (660)
*** ANTE/BLINDS ***
_SKR posts small blind 10
Bert2294 posts big blind 20
Dealt to _SKR [6h 7h]
*** PRE-FLOP *** 
_SKR calls 10
Bert2294 raises 640 to 660 and is all-in
_SKR folds
Bert2294 collected 680 from pot
*** SUMMARY ***
Total pot 680 | No rake
Seat 3: Bert2294 (big blind) won 680


Winamax Poker - Tournament "Expresso Nitro" buyIn: 0.93€ + 0.07€ level: 2 - HandId: #2675046004364935169-8-1673741591 - Holdem no limit (15/30) - 2023/01/15 00:13:11 UTC
Table: 'Expresso Nitro(622832683)#0' 3-max (real money) Seat #3 is the button
Seat 2: _SKR (220)
Seat 3: Bert2294 (680)
*** ANTE/BLINDS ***
Bert2294 posts small blind 15
_SKR posts big blind 30
Dealt to _SKR [Qh 7c]
*** PRE-FLOP *** 
Bert2294 raises 650 to 680 and is all-in
_SKR folds
Bert2294 collected 710 from pot
*** SUMMARY ***
Total pot 710 | No rake
Seat 3: Bert2294 (small blind) (button) won 710


Winamax Poker - Tournament "Expresso Nitro" buyIn: 0.93€ + 0.07€ level: 2 - HandId: #2675046004364935169-9-1673741602 - Holdem no limit (15/30) - 2023/01/15 00:13:22 UTC
Table: 'Expresso Nitro(622832683)#0' 3-max (real money) Seat #2 is the button
Seat 2: _SKR (190)
Seat 3: Bert2294 (710)
*** ANTE/BLINDS ***
_SKR posts small blind 15
Bert2294 posts big blind 30
Dealt to _SKR [9d Kc]
*** PRE-FLOP *** 
_SKR raises 160 to 190 and is all-in
Bert2294 folds
_SKR collected 220 from pot
*** SUMMARY ***
Total pot 220 | No rake
Seat 2: _SKR (small blind) (button) won 220


Winamax Poker - Tournament "Expresso Nitro" buyIn: 0.93€ + 0.07€ level: 2 - HandId: #2675046004364935169-10-1673741608 - Holdem no limit (15/30) - 2023/01/15 00:13:28 UTC
Table: 'Expresso Nitro(622832683)#0' 3-max (real money) Seat #3 is the button
Seat 2: _SKR (220)
Seat 3: Bert2294 (680)
*** ANTE/BLINDS ***
Bert2294 posts small blind 15
_SKR posts big blind 30
Dealt to _SKR [9d Js]
*** PRE-FLOP *** 
Bert2294 calls 15
_SKR checks
*** FLOP *** [Jh Td Jc]
_SKR checks
Bert2294 bets 30
_SKR calls 30
*** TURN *** [Jh Td Jc][5h]
_SKR checks
Bert2294 checks
*** RIVER *** [Jh Td Jc 5h][4h]
_SKR bets 60
Bert2294 folds
_SKR collected 180 from pot
*** SUMMARY ***
Total pot 180 | No rake
Board: [Jh Td Jc 5h 4h]
Seat 2: _SKR (big blind) won 180


Winamax Poker - Tournament "Expresso Nitro" buyIn: 0.93€ + 0.07€ level: 2 - HandId: #2675046004364935169-11-1673741644 - Holdem no limit (15/30) - 2023/01/15 00:14:04 UTC
Table: 'Expresso Nitro(622832683)#0' 3-max (real money) Seat #2 is the button
Seat 2: _SKR (280)
Seat 3: Bert2294 (620)
*** ANTE/BLINDS ***
_SKR posts small blind 15
Bert2294 posts big blind 30
Dealt to _SKR [Ks Jh]
*** PRE-FLOP *** 
_SKR raises 250 to 280 and is all-in
Bert2294 calls 250
*** FLOP *** [6h 5c 9c]
*** TURN *** [6h 5c 9c][7c]
*** RIVER *** [6h 5c 9c 7c][6s]
*** SHOW DOWN ***
_SKR shows [Ks Jh] (One pair : 6)
Bert2294 shows [Kh 5s] (Two pairs : 6 and 5)
Bert2294 collected 560 from pot
*** SUMMARY ***
Total pot 560 | No rake
Board: [6h 5c 9c 7c 6s]
Seat 2: _SKR (small blind) (button) showed [Ks Jh] and lost with One pair : 6
Seat 3: Bert2294 (big blind) showed [Kh 5s] and won 560 with Two pairs : 6 and 5


