Winamax Poker - Tournament "Expresso Nitro" buyIn: 0.93€ + 0.07€ level: 1 - HandId: #2717861674345299969-1-1676238011 - Holdem no limit (10/20) - 2023/02/12 21:40:11 UTC
Table: 'Expresso Nitro(632801483)#0' 3-max (real money) Seat #2 is the button
Seat 1: Fcc17 (300)
Seat 2: mou_Agneau69 (300)
Seat 3: _SKR (300)
*** ANTE/BLINDS ***
_SKR posts small blind 10
Fcc17 posts big blind 20
Dealt to _SKR [Ac Jc]
*** PRE-FLOP *** 
mou_Agneau69 calls 20
_SKR raises 280 to 300 and is all-in
Fcc17 folds
mou_Agneau69 folds
_SKR collected 340 from pot
*** SUMMARY ***
Total pot 340 | No rake
Seat 3: _SKR (small blind) won 340


Winamax Poker - Tournament "Expresso Nitro" buyIn: 0.93€ + 0.07€ level: 1 - HandId: #2717861674345299969-2-1676238025 - Holdem no limit (10/20) - 2023/02/12 21:40:25 UTC
Table: 'Expresso Nitro(632801483)#0' 3-max (real money) Seat #3 is the button
Seat 1: Fcc17 (280)
Seat 2: mou_Agneau69 (280)
Seat 3: _SKR (340)
*** ANTE/BLINDS ***
Fcc17 posts small blind 10
mou_Agneau69 posts big blind 20
Dealt to _SKR [6d 5h]
*** PRE-FLOP *** 
_SKR folds
Fcc17 calls 10
mou_Agneau69 checks
*** FLOP *** [Td 4s 2c]
Fcc17 checks
mou_Agneau69 bets 26
Fcc17 folds
mou_Agneau69 collected 66 from pot
*** SUMMARY ***
Total pot 66 | No rake
Board: [Td 4s 2c]
Seat 2: mou_Agneau69 (big blind) won 66


Winamax Poker - Tournament "Expresso Nitro" buyIn: 0.93€ + 0.07€ level: 1 - HandId: #2717861674345299969-3-1676238037 - Holdem no limit (10/20) - 2023/02/12 21:40:37 UTC
Table: 'Expresso Nitro(632801483)#0' 3-max (real money) Seat #1 is the button
Seat 1: Fcc17 (260)
Seat 2: mou_Agneau69 (300)
Seat 3: _SKR (340)
*** ANTE/BLINDS ***
mou_Agneau69 posts small blind 10
_SKR posts big blind 20
Dealt to _SKR [8c 3d]
*** PRE-FLOP *** 
Fcc17 folds
mou_Agneau69 calls 10
_SKR checks
*** FLOP *** [3s Jd Td]
mou_Agneau69 bets 26
_SKR folds
mou_Agneau69 collected 66 from pot
*** SUMMARY ***
Total pot 66 | No rake
Board: [3s Jd Td]
Seat 2: mou_Agneau69 (small blind) won 66


Winamax Poker - Tournament "Expresso Nitro" buyIn: 0.93€ + 0.07€ level: 2 - HandId: #2717861674345299969-4-1676238094 - Holdem no limit (15/30) - 2023/02/12 21:41:34 UTC
Table: 'Expresso Nitro(632801483)#0' 3-max (real money) Seat #2 is the button
Seat 1: Fcc17 (260)
Seat 2: mou_Agneau69 (320)
Seat 3: _SKR (320)
*** ANTE/BLINDS ***
_SKR posts small blind 15
Fcc17 posts big blind 30
Dealt to _SKR [Kh Th]
*** PRE-FLOP *** 
mou_Agneau69 raises 290 to 320 and is all-in
_SKR folds
Fcc17 calls 230 and is all-in
*** FLOP *** [Qh Ah 8d]
*** TURN *** [Qh Ah 8d][Jd]
*** RIVER *** [Qh Ah 8d Jd][7s]
*** SHOW DOWN ***
Fcc17 shows [4d Ac] (One pair : Aces)
mou_Agneau69 shows [Jc As] (Two pairs : Aces and Jacks)
mou_Agneau69 collected 595 from pot
*** SUMMARY ***
Total pot 595 | No rake
Board: [Qh Ah 8d Jd 7s]
Seat 1: Fcc17 (big blind) showed [4d Ac] and lost with One pair : Aces
Seat 2: mou_Agneau69 (button) showed [Jc As] and won 595 with Two pairs : Aces and Jacks


Winamax Poker - Tournament "Expresso Nitro" buyIn: 0.93€ + 0.07€ level: 2 - HandId: #2717861674345299969-5-1676238116 - Holdem no limit (15/30) - 2023/02/12 21:41:56 UTC
Table: 'Expresso Nitro(632801483)#0' 3-max (real money) Seat #2 is the button
Seat 2: mou_Agneau69 (595)
Seat 3: _SKR (305)
*** ANTE/BLINDS ***
mou_Agneau69 posts small blind 15
_SKR posts big blind 30
Dealt to _SKR [Td Qs]
*** PRE-FLOP *** 
mou_Agneau69 calls 15
_SKR checks
*** FLOP *** [8h 7s 3d]
_SKR checks
mou_Agneau69 bets 30
_SKR folds
mou_Agneau69 collected 90 from pot
*** SUMMARY ***
Total pot 90 | No rake
Board: [8h 7s 3d]
Seat 2: mou_Agneau69 (small blind) (button) won 90


Winamax Poker - Tournament "Expresso Nitro" buyIn: 0.93€ + 0.07€ level: 3 - HandId: #2717861674345299969-6-1676238150 - Holdem no limit (20/40) - 2023/02/12 21:42:30 UTC
Table: 'Expresso Nitro(632801483)#0' 3-max (real money) Seat #3 is the button
Seat 2: mou_Agneau69 (625)
Seat 3: _SKR (275)
*** ANTE/BLINDS ***
_SKR posts small blind 20
mou_Agneau69 posts big blind 40
Dealt to _SKR [9d Jh]
*** PRE-FLOP *** 
_SKR folds
mou_Agneau69 collected 60 from pot
*** SUMMARY ***
Total pot 60 | No rake
Seat 2: mou_Agneau69 (big blind) won 60


Winamax Poker - Tournament "Expresso Nitro" buyIn: 0.93€ + 0.07€ level: 3 - HandId: #2717861674345299969-7-1676238154 - Holdem no limit (20/40) - 2023/02/12 21:42:34 UTC
Table: 'Expresso Nitro(632801483)#0' 3-max (real money) Seat #2 is the button
Seat 2: mou_Agneau69 (645)
Seat 3: _SKR (255)
*** ANTE/BLINDS ***
mou_Agneau69 posts small blind 20
_SKR posts big blind 40
Dealt to _SKR [Qs 2s]
*** PRE-FLOP *** 
mou_Agneau69 calls 20
_SKR raises 215 to 255 and is all-in
mou_Agneau69 folds
_SKR collected 295 from pot
*** SUMMARY ***
Total pot 295 | No rake
Seat 3: _SKR (big blind) won 295


Winamax Poker - Tournament "Expresso Nitro" buyIn: 0.93€ + 0.07€ level: 3 - HandId: #2717861674345299969-8-1676238168 - Holdem no limit (20/40) - 2023/02/12 21:42:48 UTC
Table: 'Expresso Nitro(632801483)#0' 3-max (real money) Seat #3 is the button
Seat 2: mou_Agneau69 (605)
Seat 3: _SKR (295)
*** ANTE/BLINDS ***
_SKR posts small blind 20
mou_Agneau69 posts big blind 40
Dealt to _SKR [4d Th]
*** PRE-FLOP *** 
_SKR folds
mou_Agneau69 collected 60 from pot
*** SUMMARY ***
Total pot 60 | No rake
Seat 2: mou_Agneau69 (big blind) won 60


Winamax Poker - Tournament "Expresso Nitro" buyIn: 0.93€ + 0.07€ level: 3 - HandId: #2717861674345299969-9-1676238173 - Holdem no limit (20/40) - 2023/02/12 21:42:53 UTC
Table: 'Expresso Nitro(632801483)#0' 3-max (real money) Seat #2 is the button
Seat 2: mou_Agneau69 (625)
Seat 3: _SKR (275)
*** ANTE/BLINDS ***
mou_Agneau69 posts small blind 20
_SKR posts big blind 40
Dealt to _SKR [3h Js]
*** PRE-FLOP *** 
mou_Agneau69 raises 585 to 625 and is all-in
_SKR folds
mou_Agneau69 collected 665 from pot
*** SUMMARY ***
Total pot 665 | No rake
Seat 2: mou_Agneau69 (small blind) (button) won 665


Winamax Poker - Tournament "Expresso Nitro" buyIn: 0.93€ + 0.07€ level: 3 - HandId: #2717861674345299969-10-1676238185 - Holdem no limit (20/40) - 2023/02/12 21:43:05 UTC
Table: 'Expresso Nitro(632801483)#0' 3-max (real money) Seat #3 is the button
Seat 2: mou_Agneau69 (665)
Seat 3: _SKR (235)
*** ANTE/BLINDS ***
_SKR posts small blind 20
mou_Agneau69 posts big blind 40
Dealt to _SKR [9s 9d]
*** PRE-FLOP *** 
_SKR raises 195 to 235 and is all-in
mou_Agneau69 calls 195
*** FLOP *** [Tc Ah 7s]
*** TURN *** [Tc Ah 7s][4d]
*** RIVER *** [Tc Ah 7s 4d][Kc]
*** SHOW DOWN ***
_SKR shows [9s 9d] (One pair : 9)
mou_Agneau69 shows [2h Ad] (One pair : Aces)
mou_Agneau69 collected 470 from pot
*** SUMMARY ***
Total pot 470 | No rake
Board: [Tc Ah 7s 4d Kc]
Seat 2: mou_Agneau69 (big blind) showed [2h Ad] and won 470 with One pair : Aces
Seat 3: _SKR (small blind) (button) showed [9s 9d] and lost with One pair : 9


