Winamax Poker - Tournament "Expresso Nitro" buyIn: 0.93€ + 0.07€ level: 1 - HandId: #2692533620840595457-1-1674829260 - Holdem no limit (10/20) - 2023/01/27 14:21:00 UTC
Table: 'Expresso Nitro(626904336)#0' 3-max (real money) Seat #2 is the button
Seat 1: _SKR (300)
Seat 2: vuesurmer (300)
Seat 3: safialhouss (300)
*** ANTE/BLINDS ***
safialhouss posts small blind 10
_SKR posts big blind 20
Dealt to _SKR [Kd 7s]
*** PRE-FLOP *** 
vuesurmer folds
safialhouss raises 280 to 300 and is all-in
_SKR folds
safialhouss collected 320 from pot
*** SUMMARY ***
Total pot 320 | No rake
Seat 3: safialhouss (small blind) won 320


Winamax Poker - Tournament "Expresso Nitro" buyIn: 0.93€ + 0.07€ level: 1 - HandId: #2692533620840595457-2-1674829285 - Holdem no limit (10/20) - 2023/01/27 14:21:25 UTC
Table: 'Expresso Nitro(626904336)#0' 3-max (real money) Seat #3 is the button
Seat 1: _SKR (280)
Seat 2: vuesurmer (300)
Seat 3: safialhouss (320)
*** ANTE/BLINDS ***
_SKR posts small blind 10
vuesurmer posts big blind 20
Dealt to _SKR [5d Th]
*** PRE-FLOP *** 
safialhouss calls 20
_SKR folds
vuesurmer raises 50 to 70
safialhouss calls 50
*** FLOP *** [9c 6d 2d]
vuesurmer bets 230 and is all-in
safialhouss folds
vuesurmer collected 380 from pot
*** SUMMARY ***
Total pot 380 | No rake
Board: [9c 6d 2d]
Seat 2: vuesurmer (big blind) won 380


Winamax Poker - Tournament "Expresso Nitro" buyIn: 0.93€ + 0.07€ level: 2 - HandId: #2692533620840595457-3-1674829320 - Holdem no limit (15/30) - 2023/01/27 14:22:00 UTC
Table: 'Expresso Nitro(626904336)#0' 3-max (real money) Seat #1 is the button
Seat 1: _SKR (270)
Seat 2: vuesurmer (380)
Seat 3: safialhouss (250)
*** ANTE/BLINDS ***
vuesurmer posts small blind 15
safialhouss posts big blind 30
Dealt to _SKR [Ks Ac]
*** PRE-FLOP *** 
_SKR raises 240 to 270 and is all-in
vuesurmer folds
safialhouss calls 220 and is all-in
*** FLOP *** [8d 2c 2d]
*** TURN *** [8d 2c 2d][5d]
*** RIVER *** [8d 2c 2d 5d][Ad]
*** SHOW DOWN ***
_SKR shows [Ks Ac] (Two pairs : Aces and 2)
safialhouss shows [Js 3d] (Flush Ace high)
safialhouss collected 515 from main pot
_SKR collected 20 from side pot 1
*** SUMMARY ***
Total pot 535 | No rake
Board: [8d 2c 2d 5d Ad]
Seat 1: _SKR (button) showed [Ks Ac] and won 20 with Two pairs : Aces and 2
Seat 3: safialhouss (big blind) showed [Js 3d] and won 515 with Flush Ace high


Winamax Poker - Tournament "Expresso Nitro" buyIn: 0.93€ + 0.07€ level: 2 - HandId: #2692533620840595457-4-1674829339 - Holdem no limit (15/30) - 2023/01/27 14:22:19 UTC
Table: 'Expresso Nitro(626904336)#0' 3-max (real money) Seat #2 is the button
Seat 1: _SKR (20)
Seat 2: vuesurmer (365)
Seat 3: safialhouss (515)
*** ANTE/BLINDS ***
safialhouss posts small blind 15
_SKR posts big blind 20 and is all-in
Dealt to _SKR [Ts 3h]
*** PRE-FLOP *** 
vuesurmer folds
safialhouss calls 15
*** FLOP *** [Jd Ad Kh]
*** TURN *** [Jd Ad Kh][9s]
*** RIVER *** [Jd Ad Kh 9s][Td]
*** SHOW DOWN ***
_SKR shows [Ts 3h] (One pair : Tens)
safialhouss shows [4s 6h] (High card : Ace)
safialhouss collected 10 from side pot 1
_SKR collected 40 from main pot
*** SUMMARY ***
Total pot 50 | No rake
Board: [Jd Ad Kh 9s Td]
Seat 1: _SKR (big blind) showed [Ts 3h] and won 40 with One pair : Tens
Seat 3: safialhouss (small blind) showed [4s 6h] and won 10 with High card : Ace


Winamax Poker - Tournament "Expresso Nitro" buyIn: 0.93€ + 0.07€ level: 2 - HandId: #2692533620840595457-5-1674829356 - Holdem no limit (15/30) - 2023/01/27 14:22:36 UTC
Table: 'Expresso Nitro(626904336)#0' 3-max (real money) Seat #3 is the button
Seat 1: _SKR (40)
Seat 2: vuesurmer (365)
Seat 3: safialhouss (495)
*** ANTE/BLINDS ***
_SKR posts small blind 15
vuesurmer posts big blind 30
Dealt to _SKR [4s 7h]
*** PRE-FLOP *** 
safialhouss calls 30
_SKR folds
vuesurmer checks
*** FLOP *** [5d 2c Js]
vuesurmer checks
safialhouss checks
*** TURN *** [5d 2c Js][Qc]
vuesurmer checks
safialhouss checks
*** RIVER *** [5d 2c Js Qc][3c]
vuesurmer checks
safialhouss checks
*** SHOW DOWN ***
vuesurmer shows [Kh 9s] (High card : King)
safialhouss shows [3d Ks] (One pair : 3)
safialhouss collected 75 from pot
*** SUMMARY ***
Total pot 75 | No rake
Board: [5d 2c Js Qc 3c]
Seat 2: vuesurmer (big blind) showed [Kh 9s] and lost with High card : King
Seat 3: safialhouss (button) showed [3d Ks] and won 75 with One pair : 3


Winamax Poker - Tournament "Expresso Nitro" buyIn: 0.93€ + 0.07€ level: 3 - HandId: #2692533620840595457-6-1674829422 - Holdem no limit (20/40) - 2023/01/27 14:23:42 UTC
Table: 'Expresso Nitro(626904336)#0' 3-max (real money) Seat #1 is the button
Seat 1: _SKR (25)
Seat 2: vuesurmer (335)
Seat 3: safialhouss (540)
*** ANTE/BLINDS ***
vuesurmer posts small blind 20
safialhouss posts big blind 40
Dealt to _SKR [6c 5s]
*** PRE-FLOP *** 
_SKR folds
vuesurmer folds
safialhouss collected 60 from pot
*** SUMMARY ***
Total pot 60 | No rake
Seat 3: safialhouss (big blind) won 60


Winamax Poker - Tournament "Expresso Nitro" buyIn: 0.93€ + 0.07€ level: 3 - HandId: #2692533620840595457-7-1674829431 - Holdem no limit (20/40) - 2023/01/27 14:23:51 UTC
Table: 'Expresso Nitro(626904336)#0' 3-max (real money) Seat #2 is the button
Seat 1: _SKR (25)
Seat 2: vuesurmer (315)
Seat 3: safialhouss (560)
*** ANTE/BLINDS ***
safialhouss posts small blind 20
_SKR posts big blind 25 and is all-in
Dealt to _SKR [2h 5c]
*** PRE-FLOP *** 
vuesurmer folds
safialhouss calls 20
*** FLOP *** [Td 2s Ad]
*** TURN *** [Td 2s Ad][5d]
*** RIVER *** [Td 2s Ad 5d][4c]
*** SHOW DOWN ***
_SKR shows [2h 5c] (Two pairs : 5 and 2)
safialhouss shows [Qs As] (One pair : Aces)
safialhouss collected 15 from side pot 1
_SKR collected 50 from main pot
*** SUMMARY ***
Total pot 65 | No rake
Board: [Td 2s Ad 5d 4c]
Seat 1: _SKR (big blind) showed [2h 5c] and won 50 with Two pairs : 5 and 2
Seat 3: safialhouss (small blind) showed [Qs As] and won 15 with One pair : Aces


Winamax Poker - Tournament "Expresso Nitro" buyIn: 0.93€ + 0.07€ level: 4 - HandId: #2692533620840595457-8-1674829449 - Holdem no limit (30/60) - 2023/01/27 14:24:09 UTC
Table: 'Expresso Nitro(626904336)#0' 3-max (real money) Seat #3 is the button
Seat 1: _SKR (50)
Seat 2: vuesurmer (315)
Seat 3: safialhouss (535)
*** ANTE/BLINDS ***
_SKR posts small blind 30
vuesurmer posts big blind 60
Dealt to _SKR [8c 6d]
*** PRE-FLOP *** 
safialhouss folds
_SKR calls 20 and is all-in
*** FLOP *** [7s 9d 2c]
*** TURN *** [7s 9d 2c][7h]
*** RIVER *** [7s 9d 2c 7h][3d]
*** SHOW DOWN ***
_SKR shows [8c 6d] (One pair : 7)
vuesurmer shows [Tc 6h] (One pair : 7)
vuesurmer collected 110 from pot
*** SUMMARY ***
Total pot 110 | No rake
Board: [7s 9d 2c 7h 3d]
Seat 1: _SKR (small blind) showed [8c 6d] and lost with One pair : 7
Seat 2: vuesurmer (big blind) showed [Tc 6h] and won 110 with One pair : 7


