Winamax Poker - Tournament "Expresso Nitro" buyIn: 1.86€ + 0.14€ level: 1 - HandId: #2698215205443207169-1-1675185891 - Holdem no limit (10/20) - 2023/01/31 17:24:51 UTC
Table: 'Expresso Nitro(628227183)#0' 3-max (real money) Seat #3 is the button
Seat 1: _SKR (300)
Seat 2: Badluck4ever (300)
Seat 3: KylmatBkR (300)
*** ANTE/BLINDS ***
_SKR posts small blind 10
Badluck4ever posts big blind 20
Dealt to _SKR [Tc 3s]
*** PRE-FLOP *** 
KylmatBkR folds
_SKR folds
Badluck4ever collected 30 from pot
*** SUMMARY ***
Total pot 30 | No rake
Seat 2: Badluck4ever (big blind) won 30


Winamax Poker - Tournament "Expresso Nitro" buyIn: 1.86€ + 0.14€ level: 1 - HandId: #2698215205443207169-2-1675185896 - Holdem no limit (10/20) - 2023/01/31 17:24:56 UTC
Table: 'Expresso Nitro(628227183)#0' 3-max (real money) Seat #1 is the button
Seat 1: _SKR (290)
Seat 2: Badluck4ever (310)
Seat 3: KylmatBkR (300)
*** ANTE/BLINDS ***
Badluck4ever posts small blind 10
KylmatBkR posts big blind 20
Dealt to _SKR [6s 9h]
*** PRE-FLOP *** 
_SKR folds
Badluck4ever folds
KylmatBkR collected 30 from pot
*** SUMMARY ***
Total pot 30 | No rake
Seat 3: KylmatBkR (big blind) won 30


Winamax Poker - Tournament "Expresso Nitro" buyIn: 1.86€ + 0.14€ level: 1 - HandId: #2698215205443207169-3-1675185901 - Holdem no limit (10/20) - 2023/01/31 17:25:01 UTC
Table: 'Expresso Nitro(628227183)#0' 3-max (real money) Seat #2 is the button
Seat 1: _SKR (290)
Seat 2: Badluck4ever (300)
Seat 3: KylmatBkR (310)
*** ANTE/BLINDS ***
KylmatBkR posts small blind 10
_SKR posts big blind 20
Dealt to _SKR [Kc Jh]
*** PRE-FLOP *** 
Badluck4ever folds
KylmatBkR folds
_SKR collected 30 from pot
*** SUMMARY ***
Total pot 30 | No rake
Seat 1: _SKR (big blind) won 30


Winamax Poker - Tournament "Expresso Nitro" buyIn: 1.86€ + 0.14€ level: 1 - HandId: #2698215205443207169-4-1675185912 - Holdem no limit (10/20) - 2023/01/31 17:25:12 UTC
Table: 'Expresso Nitro(628227183)#0' 3-max (real money) Seat #3 is the button
Seat 1: _SKR (300)
Seat 2: Badluck4ever (300)
Seat 3: KylmatBkR (300)
*** ANTE/BLINDS ***
_SKR posts small blind 10
Badluck4ever posts big blind 20
Dealt to _SKR [5s 6h]
*** PRE-FLOP *** 
KylmatBkR folds
_SKR folds
Badluck4ever collected 30 from pot
*** SUMMARY ***
Total pot 30 | No rake
Seat 2: Badluck4ever (big blind) won 30


Winamax Poker - Tournament "Expresso Nitro" buyIn: 1.86€ + 0.14€ level: 1 - HandId: #2698215205443207169-5-1675185918 - Holdem no limit (10/20) - 2023/01/31 17:25:18 UTC
Table: 'Expresso Nitro(628227183)#0' 3-max (real money) Seat #1 is the button
Seat 1: _SKR (290)
Seat 2: Badluck4ever (310)
Seat 3: KylmatBkR (300)
*** ANTE/BLINDS ***
Badluck4ever posts small blind 10
KylmatBkR posts big blind 20
Dealt to _SKR [Jc 5s]
*** PRE-FLOP *** 
_SKR folds
Badluck4ever raises 30 to 50
KylmatBkR folds
Badluck4ever collected 70 from pot
*** SUMMARY ***
Total pot 70 | No rake
Seat 2: Badluck4ever (small blind) won 70


Winamax Poker - Tournament "Expresso Nitro" buyIn: 1.86€ + 0.14€ level: 1 - HandId: #2698215205443207169-6-1675185929 - Holdem no limit (10/20) - 2023/01/31 17:25:29 UTC
Table: 'Expresso Nitro(628227183)#0' 3-max (real money) Seat #2 is the button
Seat 1: _SKR (290)
Seat 2: Badluck4ever (330)
Seat 3: KylmatBkR (280)
*** ANTE/BLINDS ***
KylmatBkR posts small blind 10
_SKR posts big blind 20
Dealt to _SKR [5s 8d]
*** PRE-FLOP *** 
Badluck4ever raises 30 to 50
KylmatBkR folds
_SKR folds
Badluck4ever collected 80 from pot
*** SUMMARY ***
Total pot 80 | No rake
Seat 2: Badluck4ever (button) won 80


Winamax Poker - Tournament "Expresso Nitro" buyIn: 1.86€ + 0.14€ level: 1 - HandId: #2698215205443207169-7-1675185940 - Holdem no limit (10/20) - 2023/01/31 17:25:40 UTC
Table: 'Expresso Nitro(628227183)#0' 3-max (real money) Seat #3 is the button
Seat 1: _SKR (270)
Seat 2: Badluck4ever (360)
Seat 3: KylmatBkR (270)
*** ANTE/BLINDS ***
_SKR posts small blind 10
Badluck4ever posts big blind 20
Dealt to _SKR [5h 3c]
*** PRE-FLOP *** 
KylmatBkR folds
_SKR folds
Badluck4ever collected 30 from pot
*** SUMMARY ***
Total pot 30 | No rake
Seat 2: Badluck4ever (big blind) won 30


Winamax Poker - Tournament "Expresso Nitro" buyIn: 1.86€ + 0.14€ level: 1 - HandId: #2698215205443207169-8-1675185944 - Holdem no limit (10/20) - 2023/01/31 17:25:44 UTC
Table: 'Expresso Nitro(628227183)#0' 3-max (real money) Seat #1 is the button
Seat 1: _SKR (260)
Seat 2: Badluck4ever (370)
Seat 3: KylmatBkR (270)
*** ANTE/BLINDS ***
Badluck4ever posts small blind 10
KylmatBkR posts big blind 20
Dealt to _SKR [9c 7c]
*** PRE-FLOP *** 
_SKR folds
Badluck4ever folds
KylmatBkR collected 30 from pot
*** SUMMARY ***
Total pot 30 | No rake
Seat 3: KylmatBkR (big blind) won 30


Winamax Poker - Tournament "Expresso Nitro" buyIn: 1.86€ + 0.14€ level: 2 - HandId: #2698215205443207169-9-1675185949 - Holdem no limit (15/30) - 2023/01/31 17:25:49 UTC
Table: 'Expresso Nitro(628227183)#0' 3-max (real money) Seat #2 is the button
Seat 1: _SKR (260)
Seat 2: Badluck4ever (360)
Seat 3: KylmatBkR (280)
*** ANTE/BLINDS ***
KylmatBkR posts small blind 15
_SKR posts big blind 30
Dealt to _SKR [9c 8s]
*** PRE-FLOP *** 
Badluck4ever raises 45 to 75
KylmatBkR folds
_SKR folds
Badluck4ever collected 120 from pot
*** SUMMARY ***
Total pot 120 | No rake
Seat 2: Badluck4ever (button) won 120


Winamax Poker - Tournament "Expresso Nitro" buyIn: 1.86€ + 0.14€ level: 2 - HandId: #2698215205443207169-10-1675185961 - Holdem no limit (15/30) - 2023/01/31 17:26:01 UTC
Table: 'Expresso Nitro(628227183)#0' 3-max (real money) Seat #3 is the button
Seat 1: _SKR (230)
Seat 2: Badluck4ever (405)
Seat 3: KylmatBkR (265)
*** ANTE/BLINDS ***
_SKR posts small blind 15
Badluck4ever posts big blind 30
Dealt to _SKR [3d 7h]
*** PRE-FLOP *** 
KylmatBkR raises 235 to 265 and is all-in
_SKR folds
Badluck4ever folds
KylmatBkR collected 310 from pot
*** SUMMARY ***
Total pot 310 | No rake
Seat 3: KylmatBkR (button) won 310


Winamax Poker - Tournament "Expresso Nitro" buyIn: 1.86€ + 0.14€ level: 2 - HandId: #2698215205443207169-11-1675185973 - Holdem no limit (15/30) - 2023/01/31 17:26:13 UTC
Table: 'Expresso Nitro(628227183)#0' 3-max (real money) Seat #1 is the button
Seat 1: _SKR (215)
Seat 2: Badluck4ever (375)
Seat 3: KylmatBkR (310)
*** ANTE/BLINDS ***
Badluck4ever posts small blind 15
KylmatBkR posts big blind 30
Dealt to _SKR [Ac 8h]
*** PRE-FLOP *** 
_SKR raises 185 to 215 and is all-in
Badluck4ever folds
KylmatBkR folds
_SKR collected 260 from pot
*** SUMMARY ***
Total pot 260 | No rake
Seat 1: _SKR (button) won 260


Winamax Poker - Tournament "Expresso Nitro" buyIn: 1.86€ + 0.14€ level: 2 - HandId: #2698215205443207169-12-1675185989 - Holdem no limit (15/30) - 2023/01/31 17:26:29 UTC
Table: 'Expresso Nitro(628227183)#0' 3-max (real money) Seat #2 is the button
Seat 1: _SKR (260)
Seat 2: Badluck4ever (360)
Seat 3: KylmatBkR (280)
*** ANTE/BLINDS ***
KylmatBkR posts small blind 15
_SKR posts big blind 30
Dealt to _SKR [4h Kc]
*** PRE-FLOP *** 
Badluck4ever folds
KylmatBkR raises 250 to 280 and is all-in
_SKR folds
KylmatBkR collected 310 from pot
*** SUMMARY ***
Total pot 310 | No rake
Seat 3: KylmatBkR (small blind) won 310


Winamax Poker - Tournament "Expresso Nitro" buyIn: 1.86€ + 0.14€ level: 2 - HandId: #2698215205443207169-13-1675186006 - Holdem no limit (15/30) - 2023/01/31 17:26:46 UTC
Table: 'Expresso Nitro(628227183)#0' 3-max (real money) Seat #3 is the button
Seat 1: _SKR (230)
Seat 2: Badluck4ever (360)
Seat 3: KylmatBkR (310)
*** ANTE/BLINDS ***
_SKR posts small blind 15
Badluck4ever posts big blind 30
Dealt to _SKR [Ts 5h]
*** PRE-FLOP *** 
KylmatBkR folds
_SKR folds
Badluck4ever collected 45 from pot
*** SUMMARY ***
Total pot 45 | No rake
Seat 2: Badluck4ever (big blind) won 45


Winamax Poker - Tournament "Expresso Nitro" buyIn: 1.86€ + 0.14€ level: 3 - HandId: #2698215205443207169-14-1675186010 - Holdem no limit (20/40) - 2023/01/31 17:26:50 UTC
Table: 'Expresso Nitro(628227183)#0' 3-max (real money) Seat #1 is the button
Seat 1: _SKR (215)
Seat 2: Badluck4ever (375)
Seat 3: KylmatBkR (310)
*** ANTE/BLINDS ***
Badluck4ever posts small blind 20
KylmatBkR posts big blind 40
Dealt to _SKR [3h 2s]
*** PRE-FLOP *** 
_SKR folds
Badluck4ever calls 20
KylmatBkR checks
*** FLOP *** [Kh 2c As]
Badluck4ever checks
KylmatBkR checks
*** TURN *** [Kh 2c As][6s]
Badluck4ever checks
KylmatBkR checks
*** RIVER *** [Kh 2c As 6s][Jd]
Badluck4ever bets 52
KylmatBkR folds
Badluck4ever collected 132 from pot
*** SUMMARY ***
Total pot 132 | No rake
Board: [Kh 2c As 6s Jd]
Seat 2: Badluck4ever (small blind) won 132


Winamax Poker - Tournament "Expresso Nitro" buyIn: 1.86€ + 0.14€ level: 3 - HandId: #2698215205443207169-15-1675186041 - Holdem no limit (20/40) - 2023/01/31 17:27:21 UTC
Table: 'Expresso Nitro(628227183)#0' 3-max (real money) Seat #2 is the button
Seat 1: _SKR (215)
Seat 2: Badluck4ever (415)
Seat 3: KylmatBkR (270)
*** ANTE/BLINDS ***
KylmatBkR posts small blind 20
_SKR posts big blind 40
Dealt to _SKR [4h Ts]
*** PRE-FLOP *** 
Badluck4ever folds
KylmatBkR raises 230 to 270 and is all-in
_SKR folds
KylmatBkR collected 310 from pot
*** SUMMARY ***
Total pot 310 | No rake
Seat 3: KylmatBkR (small blind) won 310


Winamax Poker - Tournament "Expresso Nitro" buyIn: 1.86€ + 0.14€ level: 3 - HandId: #2698215205443207169-16-1675186055 - Holdem no limit (20/40) - 2023/01/31 17:27:35 UTC
Table: 'Expresso Nitro(628227183)#0' 3-max (real money) Seat #3 is the button
Seat 1: _SKR (175)
Seat 2: Badluck4ever (415)
Seat 3: KylmatBkR (310)
*** ANTE/BLINDS ***
_SKR posts small blind 20
Badluck4ever posts big blind 40
Dealt to _SKR [7d Th]
*** PRE-FLOP *** 
KylmatBkR folds
_SKR folds
Badluck4ever collected 60 from pot
*** SUMMARY ***
Total pot 60 | No rake
Seat 2: Badluck4ever (big blind) won 60


Winamax Poker - Tournament "Expresso Nitro" buyIn: 1.86€ + 0.14€ level: 3 - HandId: #2698215205443207169-17-1675186066 - Holdem no limit (20/40) - 2023/01/31 17:27:46 UTC
Table: 'Expresso Nitro(628227183)#0' 3-max (real money) Seat #1 is the button
Seat 1: _SKR (155)
Seat 2: Badluck4ever (435)
Seat 3: KylmatBkR (310)
*** ANTE/BLINDS ***
Badluck4ever posts small blind 20
KylmatBkR posts big blind 40
Dealt to _SKR [5c 5h]
*** PRE-FLOP *** 
_SKR raises 115 to 155 and is all-in
Badluck4ever raises 280 to 435 and is all-in
KylmatBkR folds
*** FLOP *** [As Ah 8h]
*** TURN *** [As Ah 8h][4c]
*** RIVER *** [As Ah 8h 4c][3d]
*** SHOW DOWN ***
_SKR shows [5c 5h] (Two pairs : Aces and 5)
Badluck4ever shows [Ad Js] (Trips of Aces)
Badluck4ever collected 630 from pot
*** SUMMARY ***
Total pot 630 | No rake
Board: [As Ah 8h 4c 3d]
Seat 1: _SKR (button) showed [5c 5h] and lost with Two pairs : Aces and 5
Seat 2: Badluck4ever (small blind) showed [Ad Js] and won 630 with Trips of Aces


