Winamax Poker - Tournament "Expresso Nitro" buyIn: 1.86€ + 0.14€ level: 1 - HandId: #2694799490967142401-1-1674958485 - Holdem no limit (10/20) - 2023/01/29 02:14:45 UTC
Table: 'Expresso Nitro(627431900)#0' 3-max (real money) Seat #2 is the button
Seat 1: _SKR (300)
Seat 2: Arkomus (300)
Seat 3: Galere84 (300)
*** ANTE/BLINDS ***
Galere84 posts small blind 10
_SKR posts big blind 20
Dealt to _SKR [8d 5d]
*** PRE-FLOP *** 
Arkomus folds
Galere84 folds
_SKR collected 30 from pot
*** SUMMARY ***
Total pot 30 | No rake
Seat 1: _SKR (big blind) won 30


Winamax Poker - Tournament "Expresso Nitro" buyIn: 1.86€ + 0.14€ level: 1 - HandId: #2694799490967142401-2-1674958492 - Holdem no limit (10/20) - 2023/01/29 02:14:52 UTC
Table: 'Expresso Nitro(627431900)#0' 3-max (real money) Seat #3 is the button
Seat 1: _SKR (310)
Seat 2: Arkomus (300)
Seat 3: Galere84 (290)
*** ANTE/BLINDS ***
_SKR posts small blind 10
Arkomus posts big blind 20
Dealt to _SKR [Ad 6h]
*** PRE-FLOP *** 
Galere84 folds
_SKR raises 290 to 310 and is all-in
Arkomus calls 280 and is all-in
*** FLOP *** [2d 4s Qh]
*** TURN *** [2d 4s Qh][Qd]
*** RIVER *** [2d 4s Qh Qd][8h]
*** SHOW DOWN ***
_SKR shows [Ad 6h] (One pair : Queens)
Arkomus shows [Qc Ac] (Trips of Queens)
Arkomus collected 600 from main pot
_SKR collected 10 from side pot 1
*** SUMMARY ***
Total pot 610 | No rake
Board: [2d 4s Qh Qd 8h]
Seat 1: _SKR (small blind) showed [Ad 6h] and won 10 with One pair : Queens
Seat 2: Arkomus (big blind) showed [Qc Ac] and won 600 with Trips of Queens


Winamax Poker - Tournament "Expresso Nitro" buyIn: 1.86€ + 0.14€ level: 1 - HandId: #2694799490967142401-3-1674958506 - Holdem no limit (10/20) - 2023/01/29 02:15:06 UTC
Table: 'Expresso Nitro(627431900)#0' 3-max (real money) Seat #1 is the button
Seat 1: _SKR (10)
Seat 2: Arkomus (600)
Seat 3: Galere84 (290)
*** ANTE/BLINDS ***
Arkomus posts small blind 10
Galere84 posts big blind 20
Dealt to _SKR [Td 5s]
*** PRE-FLOP *** 
_SKR folds
Arkomus calls 10
Galere84 checks
*** FLOP *** [2d As 3h]
Arkomus bets 26
Galere84 folds
Arkomus collected 66 from pot
*** SUMMARY ***
Total pot 66 | No rake
Board: [2d As 3h]
Seat 2: Arkomus (small blind) won 66


Winamax Poker - Tournament "Expresso Nitro" buyIn: 1.86€ + 0.14€ level: 1 - HandId: #2694799490967142401-4-1674958518 - Holdem no limit (10/20) - 2023/01/29 02:15:18 UTC
Table: 'Expresso Nitro(627431900)#0' 3-max (real money) Seat #2 is the button
Seat 1: _SKR (10)
Seat 2: Arkomus (620)
Seat 3: Galere84 (270)
*** ANTE/BLINDS ***
Galere84 posts small blind 10
_SKR posts big blind 10 and is all-in
Dealt to _SKR [6d 8c]
*** PRE-FLOP *** 
Arkomus folds
*** FLOP *** [Qs 9c Ts]
*** TURN *** [Qs 9c Ts][6c]
*** RIVER *** [Qs 9c Ts 6c][Kd]
*** SHOW DOWN ***
Galere84 shows [2d Ad] (High card : Ace)
_SKR shows [6d 8c] (One pair : 6)
_SKR collected 20 from pot
*** SUMMARY ***
Total pot 20 | No rake
Board: [Qs 9c Ts 6c Kd]
Seat 1: _SKR (big blind) showed [6d 8c] and won 20 with One pair : 6
Seat 3: Galere84 (small blind) showed [2d Ad] and lost with High card : Ace


Winamax Poker - Tournament "Expresso Nitro" buyIn: 1.86€ + 0.14€ level: 1 - HandId: #2694799490967142401-5-1674958530 - Holdem no limit (10/20) - 2023/01/29 02:15:30 UTC
Table: 'Expresso Nitro(627431900)#0' 3-max (real money) Seat #3 is the button
Seat 1: _SKR (20)
Seat 2: Arkomus (620)
Seat 3: Galere84 (260)
*** ANTE/BLINDS ***
_SKR posts small blind 10
Arkomus posts big blind 20
Dealt to _SKR [Ac 6c]
*** PRE-FLOP *** 
Galere84 folds
_SKR calls 10 and is all-in
*** FLOP *** [Js 3d 5h]
*** TURN *** [Js 3d 5h][As]
*** RIVER *** [Js 3d 5h As][5c]
*** SHOW DOWN ***
Arkomus shows [Kh 9c] (One pair : 5)
_SKR shows [Ac 6c] (Two pairs : Aces and 5)
_SKR collected 40 from pot
*** SUMMARY ***
Total pot 40 | No rake
Board: [Js 3d 5h As 5c]
Seat 1: _SKR (small blind) showed [Ac 6c] and won 40 with Two pairs : Aces and 5
Seat 2: Arkomus (big blind) showed [Kh 9c] and lost with One pair : 5


Winamax Poker - Tournament "Expresso Nitro" buyIn: 1.86€ + 0.14€ level: 2 - HandId: #2694799490967142401-6-1674958544 - Holdem no limit (15/30) - 2023/01/29 02:15:44 UTC
Table: 'Expresso Nitro(627431900)#0' 3-max (real money) Seat #1 is the button
Seat 1: _SKR (40)
Seat 2: Arkomus (600)
Seat 3: Galere84 (260)
*** ANTE/BLINDS ***
Arkomus posts small blind 15
Galere84 posts big blind 30
Dealt to _SKR [8d Qh]
*** PRE-FLOP *** 
_SKR raises 10 to 40 and is all-in
Arkomus calls 25
Galere84 calls 10
*** FLOP *** [9c Ts 3s]
Arkomus checks
Galere84 checks
*** TURN *** [9c Ts 3s][9s]
Arkomus checks
Galere84 checks
*** RIVER *** [9c Ts 3s 9s][2d]
Arkomus checks
Galere84 checks
*** SHOW DOWN ***
_SKR shows [8d Qh] (One pair : 9)
Galere84 shows [6h 5s] (One pair : 9)
Arkomus shows [Ac 4d] (One pair : 9)
Arkomus collected 120 from pot
*** SUMMARY ***
Total pot 120 | No rake
Board: [9c Ts 3s 9s 2d]
Seat 1: _SKR (button) showed [8d Qh] and lost with One pair : 9
Seat 2: Arkomus (small blind) showed [Ac 4d] and won 120 with One pair : 9
Seat 3: Galere84 (big blind) showed [6h 5s] and lost with One pair : 9


