Winamax Poker - Tournament "Expresso Nitro" buyIn: 0.93€ + 0.07€ level: 1 - HandId: #2689836321249165313-1-1674654835 - Holdem no limit (10/20) - 2023/01/25 13:53:55 UTC
Table: 'Expresso Nitro(626276322)#0' 3-max (real money) Seat #2 is the button
Seat 1: Barry44510 (300)
Seat 2: _SKR (300)
Seat 3: Paire_As_Pic (300)
*** ANTE/BLINDS ***
Paire_As_Pic posts small blind 10
Barry44510 posts big blind 20
Dealt to _SKR [Qd Ac]
*** PRE-FLOP *** 
_SKR raises 20 to 40
Paire_As_Pic folds
Barry44510 calls 20
*** FLOP *** [As 9h Tc]
Barry44510 checks
_SKR bets 45
Barry44510 folds
_SKR collected 135 from pot
*** SUMMARY ***
Total pot 135 | No rake
Board: [As 9h Tc]
Seat 2: _SKR (button) won 135


Winamax Poker - Tournament "Expresso Nitro" buyIn: 0.93€ + 0.07€ level: 1 - HandId: #2689836321249165313-2-1674654852 - Holdem no limit (10/20) - 2023/01/25 13:54:12 UTC
Table: 'Expresso Nitro(626276322)#0' 3-max (real money) Seat #3 is the button
Seat 1: Barry44510 (260)
Seat 2: _SKR (350)
Seat 3: Paire_As_Pic (290)
*** ANTE/BLINDS ***
Barry44510 posts small blind 10
_SKR posts big blind 20
Dealt to _SKR [3c Js]
*** PRE-FLOP *** 
Paire_As_Pic folds
Barry44510 calls 10
_SKR checks
*** FLOP *** [Qh Tc 3d]
Barry44510 checks
_SKR checks
*** TURN *** [Qh Tc 3d][Jc]
Barry44510 checks
_SKR checks
*** RIVER *** [Qh Tc 3d Jc][8c]
Barry44510 checks
_SKR bets 32
Barry44510 folds
_SKR collected 72 from pot
*** SUMMARY ***
Total pot 72 | No rake
Board: [Qh Tc 3d Jc 8c]
Seat 2: _SKR (big blind) won 72


Winamax Poker - Tournament "Expresso Nitro" buyIn: 0.93€ + 0.07€ level: 1 - HandId: #2689836321249165313-3-1674654877 - Holdem no limit (10/20) - 2023/01/25 13:54:37 UTC
Table: 'Expresso Nitro(626276322)#0' 3-max (real money) Seat #1 is the button
Seat 1: Barry44510 (240)
Seat 2: _SKR (370)
Seat 3: Paire_As_Pic (290)
*** ANTE/BLINDS ***
_SKR posts small blind 10
Paire_As_Pic posts big blind 20
Dealt to _SKR [9d Js]
*** PRE-FLOP *** 
Barry44510 raises 20 to 40
_SKR folds
Paire_As_Pic folds
Barry44510 collected 70 from pot
*** SUMMARY ***
Total pot 70 | No rake
Seat 1: Barry44510 (button) won 70


Winamax Poker - Tournament "Expresso Nitro" buyIn: 0.93€ + 0.07€ level: 1 - HandId: #2689836321249165313-4-1674654887 - Holdem no limit (10/20) - 2023/01/25 13:54:47 UTC
Table: 'Expresso Nitro(626276322)#0' 3-max (real money) Seat #2 is the button
Seat 1: Barry44510 (270)
Seat 2: _SKR (360)
Seat 3: Paire_As_Pic (270)
*** ANTE/BLINDS ***
Paire_As_Pic posts small blind 10
Barry44510 posts big blind 20
Dealt to _SKR [2h Qd]
*** PRE-FLOP *** 
_SKR folds
Paire_As_Pic calls 10
Barry44510 raises 20 to 40
Paire_As_Pic calls 20
*** FLOP *** [As 7s Jc]
Paire_As_Pic checks
Barry44510 bets 20
Paire_As_Pic calls 20
*** TURN *** [As 7s Jc][Js]
Paire_As_Pic checks
Barry44510 bets 42
Paire_As_Pic folds
Barry44510 collected 162 from pot
*** SUMMARY ***
Total pot 162 | No rake
Board: [As 7s Jc Js]
Seat 1: Barry44510 (big blind) won 162


Winamax Poker - Tournament "Expresso Nitro" buyIn: 0.93€ + 0.07€ level: 2 - HandId: #2689836321249165313-5-1674654906 - Holdem no limit (15/30) - 2023/01/25 13:55:06 UTC
Table: 'Expresso Nitro(626276322)#0' 3-max (real money) Seat #3 is the button
Seat 1: Barry44510 (330)
Seat 2: _SKR (360)
Seat 3: Paire_As_Pic (210)
*** ANTE/BLINDS ***
Barry44510 posts small blind 15
_SKR posts big blind 30
Dealt to _SKR [9h Jc]
*** PRE-FLOP *** 
Paire_As_Pic calls 30
Barry44510 calls 15
_SKR checks
*** FLOP *** [9c 3d Tc]
Barry44510 bets 30
_SKR calls 30
Paire_As_Pic calls 30
*** TURN *** [9c 3d Tc][Qd]
Barry44510 checks
_SKR checks
Paire_As_Pic bets 150 and is all-in
Barry44510 folds
_SKR folds
Paire_As_Pic collected 330 from pot
*** SUMMARY ***
Total pot 330 | No rake
Board: [9c 3d Tc Qd]
Seat 3: Paire_As_Pic (button) won 330


Winamax Poker - Tournament "Expresso Nitro" buyIn: 0.93€ + 0.07€ level: 2 - HandId: #2689836321249165313-6-1674654946 - Holdem no limit (15/30) - 2023/01/25 13:55:46 UTC
Table: 'Expresso Nitro(626276322)#0' 3-max (real money) Seat #1 is the button
Seat 1: Barry44510 (270)
Seat 2: _SKR (300)
Seat 3: Paire_As_Pic (330)
*** ANTE/BLINDS ***
_SKR posts small blind 15
Paire_As_Pic posts big blind 30
Dealt to _SKR [Tc Th]
*** PRE-FLOP *** 
Barry44510 calls 30
_SKR raises 270 to 300 and is all-in
Paire_As_Pic folds
Barry44510 calls 240 and is all-in
*** FLOP *** [Qh Kc 8s]
*** TURN *** [Qh Kc 8s][7s]
*** RIVER *** [Qh Kc 8s 7s][5d]
*** SHOW DOWN ***
Barry44510 shows [Ad Ac] (One pair : Aces)
_SKR shows [Tc Th] (One pair : Tens)
_SKR collected 30 from side pot 1
Barry44510 collected 570 from main pot
*** SUMMARY ***
Total pot 600 | No rake
Board: [Qh Kc 8s 7s 5d]
Seat 1: Barry44510 (button) showed [Ad Ac] and won 570 with One pair : Aces
Seat 2: _SKR (small blind) showed [Tc Th] and won 30 with One pair : Tens


Winamax Poker - Tournament "Expresso Nitro" buyIn: 0.93€ + 0.07€ level: 3 - HandId: #2689836321249165313-7-1674654964 - Holdem no limit (20/40) - 2023/01/25 13:56:04 UTC
Table: 'Expresso Nitro(626276322)#0' 3-max (real money) Seat #2 is the button
Seat 1: Barry44510 (570)
Seat 2: _SKR (30)
Seat 3: Paire_As_Pic (300)
*** ANTE/BLINDS ***
Paire_As_Pic posts small blind 20
Barry44510 posts big blind 40
Dealt to _SKR [3h 6d]
*** PRE-FLOP *** 
_SKR calls 30 and is all-in
Paire_As_Pic folds
*** FLOP *** [8d 6c 7h]
*** TURN *** [8d 6c 7h][6h]
*** RIVER *** [8d 6c 7h 6h][7s]
*** SHOW DOWN ***
Barry44510 shows [3c As] (Two pairs : 7 and 6)
_SKR shows [3h 6d] (Full of 6 and 7)
_SKR collected 80 from main pot
Barry44510 collected 10 from side pot 1
*** SUMMARY ***
Total pot 90 | No rake
Board: [8d 6c 7h 6h 7s]
Seat 1: Barry44510 (big blind) showed [3c As] and won 10 with Two pairs : 7 and 6
Seat 2: _SKR (button) showed [3h 6d] and won 80 with Full of 6 and 7


Winamax Poker - Tournament "Expresso Nitro" buyIn: 0.93€ + 0.07€ level: 3 - HandId: #2689836321249165313-8-1674655005 - Holdem no limit (20/40) - 2023/01/25 13:56:45 UTC
Table: 'Expresso Nitro(626276322)#0' 3-max (real money) Seat #3 is the button
Seat 1: Barry44510 (540)
Seat 2: _SKR (80)
Seat 3: Paire_As_Pic (280)
*** ANTE/BLINDS ***
Barry44510 posts small blind 20
_SKR posts big blind 40
Dealt to _SKR [Tc 4h]
*** PRE-FLOP *** 
Paire_As_Pic folds
Barry44510 calls 20
_SKR checks
*** FLOP *** [8s Ts Js]
Barry44510 checks
_SKR bets 40 and is all-in
Barry44510 calls 40
*** TURN *** [8s Ts Js][As]
*** RIVER *** [8s Ts Js As][6s]
*** SHOW DOWN ***
Barry44510 shows [Jc 5c] (Flush Ace high)
_SKR shows [Tc 4h] (Flush Ace high)
_SKR collected 80 from pot
Barry44510 collected 80 from pot
*** SUMMARY ***
Total pot 160 | No rake
Board: [8s Ts Js As 6s]
Seat 1: Barry44510 (small blind) showed [Jc 5c] and won 80 with Flush Ace high
Seat 2: _SKR (big blind) showed [Tc 4h] and won 80 with Flush Ace high


Winamax Poker - Tournament "Expresso Nitro" buyIn: 0.93€ + 0.07€ level: 4 - HandId: #2689836321249165313-9-1674655031 - Holdem no limit (30/60) - 2023/01/25 13:57:11 UTC
Table: 'Expresso Nitro(626276322)#0' 3-max (real money) Seat #1 is the button
Seat 1: Barry44510 (540)
Seat 2: _SKR (80)
Seat 3: Paire_As_Pic (280)
*** ANTE/BLINDS ***
_SKR posts small blind 30
Paire_As_Pic posts big blind 60
Dealt to _SKR [Qd Ac]
*** PRE-FLOP *** 
Barry44510 folds
_SKR raises 20 to 80 and is all-in
Paire_As_Pic calls 20
*** FLOP *** [4c 6d Jc]
*** TURN *** [4c 6d Jc][9c]
*** RIVER *** [4c 6d Jc 9c][6c]
*** SHOW DOWN ***
Paire_As_Pic shows [5s 7s] (One pair : 6)
_SKR shows [Qd Ac] (Flush Ace high)
_SKR collected 160 from pot
*** SUMMARY ***
Total pot 160 | No rake
Board: [4c 6d Jc 9c 6c]
Seat 2: _SKR (small blind) showed [Qd Ac] and won 160 with Flush Ace high
Seat 3: Paire_As_Pic (big blind) showed [5s 7s] and lost with One pair : 6


Winamax Poker - Tournament "Expresso Nitro" buyIn: 0.93€ + 0.07€ level: 4 - HandId: #2689836321249165313-10-1674655049 - Holdem no limit (30/60) - 2023/01/25 13:57:29 UTC
Table: 'Expresso Nitro(626276322)#0' 3-max (real money) Seat #2 is the button
Seat 1: Barry44510 (540)
Seat 2: _SKR (160)
Seat 3: Paire_As_Pic (200)
*** ANTE/BLINDS ***
Paire_As_Pic posts small blind 30
Barry44510 posts big blind 60
Dealt to _SKR [Th 3h]
*** PRE-FLOP *** 
_SKR folds
Paire_As_Pic raises 140 to 200 and is all-in
Barry44510 folds
Paire_As_Pic collected 260 from pot
*** SUMMARY ***
Total pot 260 | No rake
Seat 3: Paire_As_Pic (small blind) won 260


Winamax Poker - Tournament "Expresso Nitro" buyIn: 0.93€ + 0.07€ level: 4 - HandId: #2689836321249165313-11-1674655056 - Holdem no limit (30/60) - 2023/01/25 13:57:36 UTC
Table: 'Expresso Nitro(626276322)#0' 3-max (real money) Seat #3 is the button
Seat 1: Barry44510 (480)
Seat 2: _SKR (160)
Seat 3: Paire_As_Pic (260)
*** ANTE/BLINDS ***
Barry44510 posts small blind 30
_SKR posts big blind 60
Dealt to _SKR [3c 4c]
*** PRE-FLOP *** 
Paire_As_Pic raises 200 to 260 and is all-in
Barry44510 calls 230
_SKR calls 100 and is all-in
*** FLOP *** [Qc 5c 4h]
*** TURN *** [Qc 5c 4h][9c]
*** RIVER *** [Qc 5c 4h 9c][6c]
*** SHOW DOWN ***
Barry44510 shows [Js Kh] (High card : King)
_SKR shows [3c 4c] (Flush Queen high)
Paire_As_Pic shows [4d Ks] (One pair : 4)
Paire_As_Pic collected 200 from side pot 1
_SKR collected 480 from main pot
*** SUMMARY ***
Total pot 680 | No rake
Board: [Qc 5c 4h 9c 6c]
Seat 1: Barry44510 (small blind) showed [Js Kh] and lost with High card : King
Seat 2: _SKR (big blind) showed [3c 4c] and won 480 with Flush Queen high
Seat 3: Paire_As_Pic (button) showed [4d Ks] and won 200 with One pair : 4


Winamax Poker - Tournament "Expresso Nitro" buyIn: 0.93€ + 0.07€ level: 5 - HandId: #2689836321249165313-12-1674655071 - Holdem no limit (40/80) - 2023/01/25 13:57:51 UTC
Table: 'Expresso Nitro(626276322)#0' 3-max (real money) Seat #1 is the button
Seat 1: Barry44510 (220)
Seat 2: _SKR (480)
Seat 3: Paire_As_Pic (200)
*** ANTE/BLINDS ***
_SKR posts small blind 40
Paire_As_Pic posts big blind 80
Dealt to _SKR [9h 6c]
*** PRE-FLOP *** 
Barry44510 folds
_SKR raises 400 to 480 and is all-in
Paire_As_Pic folds
_SKR collected 560 from pot
*** SUMMARY ***
Total pot 560 | No rake
Seat 2: _SKR (small blind) won 560


Winamax Poker - Tournament "Expresso Nitro" buyIn: 0.93€ + 0.07€ level: 5 - HandId: #2689836321249165313-13-1674655080 - Holdem no limit (40/80) - 2023/01/25 13:58:00 UTC
Table: 'Expresso Nitro(626276322)#0' 3-max (real money) Seat #2 is the button
Seat 1: Barry44510 (220)
Seat 2: _SKR (560)
Seat 3: Paire_As_Pic (120)
*** ANTE/BLINDS ***
Paire_As_Pic posts small blind 40
Barry44510 posts big blind 80
Dealt to _SKR [3c Qh]
*** PRE-FLOP *** 
_SKR folds
Paire_As_Pic raises 40 to 120 and is all-in
Barry44510 calls 40
*** FLOP *** [Ah 9h Qd]
*** TURN *** [Ah 9h Qd][Kh]
*** RIVER *** [Ah 9h Qd Kh][Ac]
*** SHOW DOWN ***
Paire_As_Pic shows [8d 6c] (One pair : Aces)
Barry44510 shows [4s Jc] (One pair : Aces)
Barry44510 collected 240 from pot
*** SUMMARY ***
Total pot 240 | No rake
Board: [Ah 9h Qd Kh Ac]
Seat 1: Barry44510 (big blind) showed [4s Jc] and won 240 with One pair : Aces
Seat 3: Paire_As_Pic (small blind) showed [8d 6c] and lost with One pair : Aces


Winamax Poker - Tournament "Expresso Nitro" buyIn: 0.93€ + 0.07€ level: 5 - HandId: #2689836321249165313-14-1674655095 - Holdem no limit (40/80) - 2023/01/25 13:58:15 UTC
Table: 'Expresso Nitro(626276322)#0' 3-max (real money) Seat #1 is the button
Seat 1: Barry44510 (340)
Seat 2: _SKR (560)
*** ANTE/BLINDS ***
Barry44510 posts small blind 40
_SKR posts big blind 80
Dealt to _SKR [Qd Ks]
*** PRE-FLOP *** 
Barry44510 calls 40
_SKR raises 480 to 560 and is all-in
Barry44510 calls 260 and is all-in
*** FLOP *** [3d 3s Td]
*** TURN *** [3d 3s Td][2h]
*** RIVER *** [3d 3s Td 2h][Ad]
*** SHOW DOWN ***
Barry44510 shows [Ac Qs] (Two pairs : Aces and 3)
_SKR shows [Qd Ks] (One pair : 3)
_SKR collected 220 from side pot 1
Barry44510 collected 680 from main pot
*** SUMMARY ***
Total pot 900 | No rake
Board: [3d 3s Td 2h Ad]
Seat 1: Barry44510 (small blind) (button) showed [Ac Qs] and won 680 with Two pairs : Aces and 3
Seat 2: _SKR (big blind) showed [Qd Ks] and won 220 with One pair : 3


Winamax Poker - Tournament "Expresso Nitro" buyIn: 0.93€ + 0.07€ level: 5 - HandId: #2689836321249165313-15-1674655108 - Holdem no limit (40/80) - 2023/01/25 13:58:28 UTC
Table: 'Expresso Nitro(626276322)#0' 3-max (real money) Seat #2 is the button
Seat 1: Barry44510 (680)
Seat 2: _SKR (220)
*** ANTE/BLINDS ***
_SKR posts small blind 40
Barry44510 posts big blind 80
Dealt to _SKR [8d Qh]
*** PRE-FLOP *** 
_SKR raises 140 to 220 and is all-in
Barry44510 calls 140
*** FLOP *** [8h 6h 5c]
*** TURN *** [8h 6h 5c][Jd]
*** RIVER *** [8h 6h 5c Jd][Ac]
*** SHOW DOWN ***
_SKR shows [8d Qh] (One pair : 8)
Barry44510 shows [9c Jc] (One pair : Jacks)
Barry44510 collected 440 from pot
*** SUMMARY ***
Total pot 440 | No rake
Board: [8h 6h 5c Jd Ac]
Seat 1: Barry44510 (big blind) showed [9c Jc] and won 440 with One pair : Jacks
Seat 2: _SKR (small blind) (button) showed [8d Qh] and lost with One pair : 8


