Winamax Poker - Tournament "Expresso Nitro" buyIn: 1.86€ + 0.14€ level: 1 - HandId: #2694425090078015489-1-1674939669 - Holdem no limit (10/20) - 2023/01/28 21:01:09 UTC
Table: 'Expresso Nitro(627344728)#0' 3-max (real money) Seat #3 is the button
Seat 1: _SKR (300)
Seat 2: somsouk78 (300)
Seat 3: clembool (300)
*** ANTE/BLINDS ***
_SKR posts small blind 10
somsouk78 posts big blind 20
Dealt to _SKR [6c 3s]
*** PRE-FLOP *** 
clembool raises 20 to 40
_SKR folds
somsouk78 calls 20
*** FLOP *** [As Ks 5c]
somsouk78 checks
clembool bets 30
somsouk78 raises 30 to 60
clembool calls 30
*** TURN *** [As Ks 5c][Ah]
somsouk78 bets 200 and is all-in
clembool folds
somsouk78 collected 410 from pot
*** SUMMARY ***
Total pot 410 | No rake
Board: [As Ks 5c Ah]
Seat 2: somsouk78 (big blind) won 410


Winamax Poker - Tournament "Expresso Nitro" buyIn: 1.86€ + 0.14€ level: 1 - HandId: #2694425090078015489-2-1674939703 - Holdem no limit (10/20) - 2023/01/28 21:01:43 UTC
Table: 'Expresso Nitro(627344728)#0' 3-max (real money) Seat #1 is the button
Seat 1: _SKR (290)
Seat 2: somsouk78 (410)
Seat 3: clembool (200)
*** ANTE/BLINDS ***
somsouk78 posts small blind 10
clembool posts big blind 20
Dealt to _SKR [Js Jc]
*** PRE-FLOP *** 
_SKR raises 20 to 40
somsouk78 folds
clembool raises 160 to 200 and is all-in
_SKR calls 160
*** FLOP *** [6s Qh 9c]
*** TURN *** [6s Qh 9c][7s]
*** RIVER *** [6s Qh 9c 7s][Ah]
*** SHOW DOWN ***
_SKR shows [Js Jc] (One pair : Jacks)
clembool shows [As 9h] (Two pairs : Aces and 9)
clembool collected 410 from pot
*** SUMMARY ***
Total pot 410 | No rake
Board: [6s Qh 9c 7s Ah]
Seat 1: _SKR (button) showed [Js Jc] and lost with One pair : Jacks
Seat 3: clembool (big blind) showed [As 9h] and won 410 with Two pairs : Aces and 9


Winamax Poker - Tournament "Expresso Nitro" buyIn: 1.86€ + 0.14€ level: 1 - HandId: #2694425090078015489-3-1674939722 - Holdem no limit (10/20) - 2023/01/28 21:02:02 UTC
Table: 'Expresso Nitro(627344728)#0' 3-max (real money) Seat #2 is the button
Seat 1: _SKR (90)
Seat 2: somsouk78 (400)
Seat 3: clembool (410)
*** ANTE/BLINDS ***
clembool posts small blind 10
_SKR posts big blind 20
Dealt to _SKR [2d 5s]
*** PRE-FLOP *** 
somsouk78 folds
clembool folds
_SKR collected 30 from pot
*** SUMMARY ***
Total pot 30 | No rake
Seat 1: _SKR (big blind) won 30


Winamax Poker - Tournament "Expresso Nitro" buyIn: 1.86€ + 0.14€ level: 2 - HandId: #2694425090078015489-4-1674939732 - Holdem no limit (15/30) - 2023/01/28 21:02:12 UTC
Table: 'Expresso Nitro(627344728)#0' 3-max (real money) Seat #3 is the button
Seat 1: _SKR (100)
Seat 2: somsouk78 (400)
Seat 3: clembool (400)
*** ANTE/BLINDS ***
_SKR posts small blind 15
somsouk78 posts big blind 30
Dealt to _SKR [4d 3h]
*** PRE-FLOP *** 
clembool folds
_SKR raises 70 to 100 and is all-in
somsouk78 calls 70
*** FLOP *** [4c 2c 3d]
*** TURN *** [4c 2c 3d][Jd]
*** RIVER *** [4c 2c 3d Jd][Qh]
*** SHOW DOWN ***
somsouk78 shows [Jc As] (One pair : Jacks)
_SKR shows [4d 3h] (Two pairs : 4 and 3)
_SKR collected 200 from pot
*** SUMMARY ***
Total pot 200 | No rake
Board: [4c 2c 3d Jd Qh]
Seat 1: _SKR (small blind) showed [4d 3h] and won 200 with Two pairs : 4 and 3
Seat 2: somsouk78 (big blind) showed [Jc As] and lost with One pair : Jacks


Winamax Poker - Tournament "Expresso Nitro" buyIn: 1.86€ + 0.14€ level: 2 - HandId: #2694425090078015489-5-1674939748 - Holdem no limit (15/30) - 2023/01/28 21:02:28 UTC
Table: 'Expresso Nitro(627344728)#0' 3-max (real money) Seat #1 is the button
Seat 1: _SKR (200)
Seat 2: somsouk78 (300)
Seat 3: clembool (400)
*** ANTE/BLINDS ***
somsouk78 posts small blind 15
clembool posts big blind 30
Dealt to _SKR [Ts 4s]
*** PRE-FLOP *** 
_SKR folds
somsouk78 folds
clembool collected 45 from pot
*** SUMMARY ***
Total pot 45 | No rake
Seat 3: clembool (big blind) won 45


Winamax Poker - Tournament "Expresso Nitro" buyIn: 1.86€ + 0.14€ level: 2 - HandId: #2694425090078015489-6-1674939755 - Holdem no limit (15/30) - 2023/01/28 21:02:35 UTC
Table: 'Expresso Nitro(627344728)#0' 3-max (real money) Seat #2 is the button
Seat 1: _SKR (200)
Seat 2: somsouk78 (285)
Seat 3: clembool (415)
*** ANTE/BLINDS ***
clembool posts small blind 15
_SKR posts big blind 30
Dealt to _SKR [As Kc]
*** PRE-FLOP *** 
somsouk78 raises 255 to 285 and is all-in
clembool folds
_SKR calls 170 and is all-in
*** FLOP *** [Jh Ac 8d]
*** TURN *** [Jh Ac 8d][3h]
*** RIVER *** [Jh Ac 8d 3h][Ts]
*** SHOW DOWN ***
_SKR shows [As Kc] (One pair : Aces)
somsouk78 shows [Ad 4h] (One pair : Aces)
somsouk78 collected 85 from side pot 1
_SKR collected 415 from main pot
*** SUMMARY ***
Total pot 500 | No rake
Board: [Jh Ac 8d 3h Ts]
Seat 1: _SKR (big blind) showed [As Kc] and won 415 with One pair : Aces
Seat 2: somsouk78 (button) showed [Ad 4h] and won 85 with One pair : Aces


Winamax Poker - Tournament "Expresso Nitro" buyIn: 1.86€ + 0.14€ level: 2 - HandId: #2694425090078015489-7-1674939769 - Holdem no limit (15/30) - 2023/01/28 21:02:49 UTC
Table: 'Expresso Nitro(627344728)#0' 3-max (real money) Seat #3 is the button
Seat 1: _SKR (415)
Seat 2: somsouk78 (85)
Seat 3: clembool (400)
*** ANTE/BLINDS ***
_SKR posts small blind 15
somsouk78 posts big blind 30
Dealt to _SKR [2d 2h]
*** PRE-FLOP *** 
clembool folds
_SKR raises 385 to 415 and is all-in
somsouk78 calls 55 and is all-in
*** FLOP *** [Qc 8d 5h]
*** TURN *** [Qc 8d 5h][Ac]
*** RIVER *** [Qc 8d 5h Ac][3h]
*** SHOW DOWN ***
somsouk78 shows [Th 7d] (High card : Ace)
_SKR shows [2d 2h] (One pair : 2)
_SKR collected 500 from pot
*** SUMMARY ***
Total pot 500 | No rake
Board: [Qc 8d 5h Ac 3h]
Seat 1: _SKR (small blind) showed [2d 2h] and won 500 with One pair : 2
Seat 2: somsouk78 (big blind) showed [Th 7d] and lost with High card : Ace


Winamax Poker - Tournament "Expresso Nitro" buyIn: 1.86€ + 0.14€ level: 3 - HandId: #2694425090078015489-8-1674939785 - Holdem no limit (20/40) - 2023/01/28 21:03:05 UTC
Table: 'Expresso Nitro(627344728)#0' 3-max (real money) Seat #3 is the button
Seat 1: _SKR (500)
Seat 3: clembool (400)
*** ANTE/BLINDS ***
clembool posts small blind 20
_SKR posts big blind 40
Dealt to _SKR [3c Kd]
*** PRE-FLOP *** 
clembool raises 360 to 400 and is all-in
_SKR folds
clembool collected 440 from pot
*** SUMMARY ***
Total pot 440 | No rake
Seat 3: clembool (small blind) (button) won 440


Winamax Poker - Tournament "Expresso Nitro" buyIn: 1.86€ + 0.14€ level: 3 - HandId: #2694425090078015489-9-1674939797 - Holdem no limit (20/40) - 2023/01/28 21:03:17 UTC
Table: 'Expresso Nitro(627344728)#0' 3-max (real money) Seat #1 is the button
Seat 1: _SKR (460)
Seat 3: clembool (440)
*** ANTE/BLINDS ***
_SKR posts small blind 20
clembool posts big blind 40
Dealt to _SKR [Qs Tc]
*** PRE-FLOP *** 
_SKR calls 20
clembool checks
*** FLOP *** [7c 5s 8c]
clembool checks
_SKR checks
*** TURN *** [7c 5s 8c][3s]
clembool bets 60
_SKR folds
clembool collected 140 from pot
*** SUMMARY ***
Total pot 140 | No rake
Board: [7c 5s 8c 3s]
Seat 3: clembool (big blind) won 140


Winamax Poker - Tournament "Expresso Nitro" buyIn: 1.86€ + 0.14€ level: 3 - HandId: #2694425090078015489-10-1674939820 - Holdem no limit (20/40) - 2023/01/28 21:03:40 UTC
Table: 'Expresso Nitro(627344728)#0' 3-max (real money) Seat #3 is the button
Seat 1: _SKR (420)
Seat 3: clembool (480)
*** ANTE/BLINDS ***
clembool posts small blind 20
_SKR posts big blind 40
Dealt to _SKR [Ac 6s]
*** PRE-FLOP *** 
clembool folds
_SKR collected 60 from pot
*** SUMMARY ***
Total pot 60 | No rake
Seat 1: _SKR (big blind) won 60


Winamax Poker - Tournament "Expresso Nitro" buyIn: 1.86€ + 0.14€ level: 3 - HandId: #2694425090078015489-11-1674939824 - Holdem no limit (20/40) - 2023/01/28 21:03:44 UTC
Table: 'Expresso Nitro(627344728)#0' 3-max (real money) Seat #1 is the button
Seat 1: _SKR (440)
Seat 3: clembool (460)
*** ANTE/BLINDS ***
_SKR posts small blind 20
clembool posts big blind 40
Dealt to _SKR [4h Jh]
*** PRE-FLOP *** 
_SKR folds
clembool collected 60 from pot
*** SUMMARY ***
Total pot 60 | No rake
Seat 3: clembool (big blind) won 60


Winamax Poker - Tournament "Expresso Nitro" buyIn: 1.86€ + 0.14€ level: 3 - HandId: #2694425090078015489-12-1674939829 - Holdem no limit (20/40) - 2023/01/28 21:03:49 UTC
Table: 'Expresso Nitro(627344728)#0' 3-max (real money) Seat #3 is the button
Seat 1: _SKR (420)
Seat 3: clembool (480)
*** ANTE/BLINDS ***
clembool posts small blind 20
_SKR posts big blind 40
Dealt to _SKR [5s 5c]
*** PRE-FLOP *** 
clembool calls 20
_SKR raises 380 to 420 and is all-in
clembool folds
_SKR collected 460 from pot
*** SUMMARY ***
Total pot 460 | No rake
Seat 1: _SKR (big blind) won 460


Winamax Poker - Tournament "Expresso Nitro" buyIn: 1.86€ + 0.14€ level: 4 - HandId: #2694425090078015489-13-1674939850 - Holdem no limit (30/60) - 2023/01/28 21:04:10 UTC
Table: 'Expresso Nitro(627344728)#0' 3-max (real money) Seat #1 is the button
Seat 1: _SKR (460)
Seat 3: clembool (440)
*** ANTE/BLINDS ***
_SKR posts small blind 30
clembool posts big blind 60
Dealt to _SKR [8c 4s]
*** PRE-FLOP *** 
_SKR folds
clembool collected 90 from pot
*** SUMMARY ***
Total pot 90 | No rake
Seat 3: clembool (big blind) won 90


Winamax Poker - Tournament "Expresso Nitro" buyIn: 1.86€ + 0.14€ level: 4 - HandId: #2694425090078015489-14-1674939855 - Holdem no limit (30/60) - 2023/01/28 21:04:15 UTC
Table: 'Expresso Nitro(627344728)#0' 3-max (real money) Seat #3 is the button
Seat 1: _SKR (430)
Seat 3: clembool (470)
*** ANTE/BLINDS ***
clembool posts small blind 30
_SKR posts big blind 60
Dealt to _SKR [2h Kh]
*** PRE-FLOP *** 
clembool calls 30
_SKR raises 370 to 430 and is all-in
clembool folds
_SKR collected 490 from pot
*** SUMMARY ***
Total pot 490 | No rake
Seat 1: _SKR (big blind) won 490


Winamax Poker - Tournament "Expresso Nitro" buyIn: 1.86€ + 0.14€ level: 4 - HandId: #2694425090078015489-15-1674939867 - Holdem no limit (30/60) - 2023/01/28 21:04:27 UTC
Table: 'Expresso Nitro(627344728)#0' 3-max (real money) Seat #1 is the button
Seat 1: _SKR (490)
Seat 3: clembool (410)
*** ANTE/BLINDS ***
_SKR posts small blind 30
clembool posts big blind 60
Dealt to _SKR [Ks 7h]
*** PRE-FLOP *** 
_SKR raises 430 to 490 and is all-in
clembool folds
_SKR collected 550 from pot
*** SUMMARY ***
Total pot 550 | No rake
Seat 1: _SKR (small blind) (button) won 550


Winamax Poker - Tournament "Expresso Nitro" buyIn: 1.86€ + 0.14€ level: 4 - HandId: #2694425090078015489-16-1674939873 - Holdem no limit (30/60) - 2023/01/28 21:04:33 UTC
Table: 'Expresso Nitro(627344728)#0' 3-max (real money) Seat #3 is the button
Seat 1: _SKR (550)
Seat 3: clembool (350)
*** ANTE/BLINDS ***
clembool posts small blind 30
_SKR posts big blind 60
Dealt to _SKR [Jh Td]
*** PRE-FLOP *** 
clembool raises 290 to 350 and is all-in
_SKR folds
clembool collected 410 from pot
*** SUMMARY ***
Total pot 410 | No rake
Seat 3: clembool (small blind) (button) won 410


Winamax Poker - Tournament "Expresso Nitro" buyIn: 1.86€ + 0.14€ level: 4 - HandId: #2694425090078015489-17-1674939881 - Holdem no limit (30/60) - 2023/01/28 21:04:41 UTC
Table: 'Expresso Nitro(627344728)#0' 3-max (real money) Seat #1 is the button
Seat 1: _SKR (490)
Seat 3: clembool (410)
*** ANTE/BLINDS ***
_SKR posts small blind 30
clembool posts big blind 60
Dealt to _SKR [9d 4h]
*** PRE-FLOP *** 
_SKR folds
clembool collected 90 from pot
*** SUMMARY ***
Total pot 90 | No rake
Seat 3: clembool (big blind) won 90


Winamax Poker - Tournament "Expresso Nitro" buyIn: 1.86€ + 0.14€ level: 4 - HandId: #2694425090078015489-18-1674939885 - Holdem no limit (30/60) - 2023/01/28 21:04:45 UTC
Table: 'Expresso Nitro(627344728)#0' 3-max (real money) Seat #3 is the button
Seat 1: _SKR (460)
Seat 3: clembool (440)
*** ANTE/BLINDS ***
clembool posts small blind 30
_SKR posts big blind 60
Dealt to _SKR [6s 5c]
*** PRE-FLOP *** 
clembool folds
_SKR collected 90 from pot
*** SUMMARY ***
Total pot 90 | No rake
Seat 1: _SKR (big blind) won 90


Winamax Poker - Tournament "Expresso Nitro" buyIn: 1.86€ + 0.14€ level: 4 - HandId: #2694425090078015489-19-1674939889 - Holdem no limit (30/60) - 2023/01/28 21:04:49 UTC
Table: 'Expresso Nitro(627344728)#0' 3-max (real money) Seat #1 is the button
Seat 1: _SKR (490)
Seat 3: clembool (410)
*** ANTE/BLINDS ***
_SKR posts small blind 30
clembool posts big blind 60
Dealt to _SKR [7c 3s]
*** PRE-FLOP *** 
_SKR folds
clembool collected 90 from pot
*** SUMMARY ***
Total pot 90 | No rake
Seat 3: clembool (big blind) won 90


Winamax Poker - Tournament "Expresso Nitro" buyIn: 1.86€ + 0.14€ level: 4 - HandId: #2694425090078015489-20-1674939894 - Holdem no limit (30/60) - 2023/01/28 21:04:54 UTC
Table: 'Expresso Nitro(627344728)#0' 3-max (real money) Seat #3 is the button
Seat 1: _SKR (460)
Seat 3: clembool (440)
*** ANTE/BLINDS ***
clembool posts small blind 30
_SKR posts big blind 60
Dealt to _SKR [Ac 5h]
*** PRE-FLOP *** 
clembool raises 380 to 440 and is all-in
_SKR calls 380
*** FLOP *** [3c 2h 2d]
*** TURN *** [3c 2h 2d][Qh]
*** RIVER *** [3c 2h 2d Qh][Qd]
*** SHOW DOWN ***
clembool shows [Ks 4c] (Two pairs : Queens and 2)
_SKR shows [Ac 5h] (Two pairs : Queens and 2)
_SKR collected 880 from pot
*** SUMMARY ***
Total pot 880 | No rake
Board: [3c 2h 2d Qh Qd]
Seat 1: _SKR (big blind) showed [Ac 5h] and won 880 with Two pairs : Queens and 2
Seat 3: clembool (small blind) (button) showed [Ks 4c] and lost with Two pairs : Queens and 2


