Winamax Poker - Tournament "Expresso Nitro" buyIn: 0.93€ + 0.07€ level: 1 - HandId: #2689804151944118273-1-1674653022 - Holdem no limit (10/20) - 2023/01/25 13:23:42 UTC
Table: 'Expresso Nitro(626268832)#0' 3-max (real money) Seat #2 is the button
Seat 1: _SKR (300)
Seat 2: Parabellum81 (300)
Seat 3: Thomishhh67 (300)
*** ANTE/BLINDS ***
Thomishhh67 posts small blind 10
_SKR posts big blind 20
Dealt to _SKR [7s 3s]
*** PRE-FLOP *** 
Parabellum81 folds
Thomishhh67 raises 40 to 60
_SKR folds
Thomishhh67 collected 80 from pot
*** SUMMARY ***
Total pot 80 | No rake
Seat 3: Thomishhh67 (small blind) won 80


Winamax Poker - Tournament "Expresso Nitro" buyIn: 0.93€ + 0.07€ level: 1 - HandId: #2689804151944118273-2-1674653036 - Holdem no limit (10/20) - 2023/01/25 13:23:56 UTC
Table: 'Expresso Nitro(626268832)#0' 3-max (real money) Seat #3 is the button
Seat 1: _SKR (280)
Seat 2: Parabellum81 (300)
Seat 3: Thomishhh67 (320)
*** ANTE/BLINDS ***
_SKR posts small blind 10
Parabellum81 posts big blind 20
Dealt to _SKR [6s 7h]
*** PRE-FLOP *** 
Thomishhh67 calls 20
_SKR folds
Parabellum81 checks
*** FLOP *** [8d Ts Jh]
Parabellum81 bets 20
Thomishhh67 calls 20
*** TURN *** [8d Ts Jh][6c]
Parabellum81 bets 20
Thomishhh67 calls 20
*** RIVER *** [8d Ts Jh 6c][Tc]
Parabellum81 bets 130
Thomishhh67 folds
Parabellum81 collected 260 from pot
*** SUMMARY ***
Total pot 260 | No rake
Board: [8d Ts Jh 6c Tc]
Seat 2: Parabellum81 (big blind) won 260


Winamax Poker - Tournament "Expresso Nitro" buyIn: 0.93€ + 0.07€ level: 1 - HandId: #2689804151944118273-3-1674653063 - Holdem no limit (10/20) - 2023/01/25 13:24:23 UTC
Table: 'Expresso Nitro(626268832)#0' 3-max (real money) Seat #1 is the button
Seat 1: _SKR (270)
Seat 2: Parabellum81 (370)
Seat 3: Thomishhh67 (260)
*** ANTE/BLINDS ***
Parabellum81 posts small blind 10
Thomishhh67 posts big blind 20
Dealt to _SKR [Td 8h]
*** PRE-FLOP *** 
_SKR folds
Parabellum81 raises 40 to 60
Thomishhh67 calls 40
*** FLOP *** [Qd Ts 5s]
Parabellum81 checks
Thomishhh67 bets 200 and is all-in
Parabellum81 folds
Thomishhh67 collected 320 from pot
*** SUMMARY ***
Total pot 320 | No rake
Board: [Qd Ts 5s]
Seat 3: Thomishhh67 (big blind) won 320


Winamax Poker - Tournament "Expresso Nitro" buyIn: 0.93€ + 0.07€ level: 2 - HandId: #2689804151944118273-4-1674653089 - Holdem no limit (15/30) - 2023/01/25 13:24:49 UTC
Table: 'Expresso Nitro(626268832)#0' 3-max (real money) Seat #2 is the button
Seat 1: _SKR (270)
Seat 2: Parabellum81 (310)
Seat 3: Thomishhh67 (320)
*** ANTE/BLINDS ***
Thomishhh67 posts small blind 15
_SKR posts big blind 30
Dealt to _SKR [Ts Jc]
*** PRE-FLOP *** 
Parabellum81 raises 280 to 310 and is all-in
Thomishhh67 folds
_SKR folds
Parabellum81 collected 355 from pot
*** SUMMARY ***
Total pot 355 | No rake
Seat 2: Parabellum81 (button) won 355


Winamax Poker - Tournament "Expresso Nitro" buyIn: 0.93€ + 0.07€ level: 2 - HandId: #2689804151944118273-5-1674653097 - Holdem no limit (15/30) - 2023/01/25 13:24:57 UTC
Table: 'Expresso Nitro(626268832)#0' 3-max (real money) Seat #3 is the button
Seat 1: _SKR (240)
Seat 2: Parabellum81 (355)
Seat 3: Thomishhh67 (305)
*** ANTE/BLINDS ***
_SKR posts small blind 15
Parabellum81 posts big blind 30
Dealt to _SKR [9d 8s]
*** PRE-FLOP *** 
Thomishhh67 calls 30
_SKR folds
Parabellum81 checks
*** FLOP *** [6d 5d Ac]
Parabellum81 checks
Thomishhh67 checks
*** TURN *** [6d 5d Ac][Tc]
Parabellum81 checks
Thomishhh67 bets 75
Parabellum81 folds
Thomishhh67 collected 150 from pot
*** SUMMARY ***
Total pot 150 | No rake
Board: [6d 5d Ac Tc]
Seat 3: Thomishhh67 (button) won 150


Winamax Poker - Tournament "Expresso Nitro" buyIn: 0.93€ + 0.07€ level: 2 - HandId: #2689804151944118273-6-1674653118 - Holdem no limit (15/30) - 2023/01/25 13:25:18 UTC
Table: 'Expresso Nitro(626268832)#0' 3-max (real money) Seat #1 is the button
Seat 1: _SKR (225)
Seat 2: Parabellum81 (325)
Seat 3: Thomishhh67 (350)
*** ANTE/BLINDS ***
Parabellum81 posts small blind 15
Thomishhh67 posts big blind 30
Dealt to _SKR [5c Kd]
*** PRE-FLOP *** 
_SKR folds
Parabellum81 raises 295 to 325 and is all-in
Thomishhh67 folds
Parabellum81 collected 355 from pot
*** SUMMARY ***
Total pot 355 | No rake
Seat 2: Parabellum81 (small blind) won 355


Winamax Poker - Tournament "Expresso Nitro" buyIn: 0.93€ + 0.07€ level: 2 - HandId: #2689804151944118273-7-1674653126 - Holdem no limit (15/30) - 2023/01/25 13:25:26 UTC
Table: 'Expresso Nitro(626268832)#0' 3-max (real money) Seat #2 is the button
Seat 1: _SKR (225)
Seat 2: Parabellum81 (355)
Seat 3: Thomishhh67 (320)
*** ANTE/BLINDS ***
Thomishhh67 posts small blind 15
_SKR posts big blind 30
Dealt to _SKR [9s Qs]
*** PRE-FLOP *** 
Parabellum81 raises 325 to 355 and is all-in
Thomishhh67 folds
_SKR folds
Parabellum81 collected 400 from pot
*** SUMMARY ***
Total pot 400 | No rake
Seat 2: Parabellum81 (button) won 400


Winamax Poker - Tournament "Expresso Nitro" buyIn: 0.93€ + 0.07€ level: 2 - HandId: #2689804151944118273-8-1674653137 - Holdem no limit (15/30) - 2023/01/25 13:25:37 UTC
Table: 'Expresso Nitro(626268832)#0' 3-max (real money) Seat #3 is the button
Seat 1: _SKR (195)
Seat 2: Parabellum81 (400)
Seat 3: Thomishhh67 (305)
*** ANTE/BLINDS ***
_SKR posts small blind 15
Parabellum81 posts big blind 30
Dealt to _SKR [3s Kd]
*** PRE-FLOP *** 
Thomishhh67 folds
_SKR raises 165 to 195 and is all-in
Parabellum81 raises 205 to 400 and is all-in
*** FLOP *** [Th 6h 3c]
*** TURN *** [Th 6h 3c][3d]
*** RIVER *** [Th 6h 3c 3d][Qd]
*** SHOW DOWN ***
_SKR shows [3s Kd] (Trips of 3)
Parabellum81 shows [4h 4d] (Two pairs : 4 and 3)
Parabellum81 collected 205 from side pot 1
_SKR collected 390 from main pot
*** SUMMARY ***
Total pot 595 | No rake
Board: [Th 6h 3c 3d Qd]
Seat 1: _SKR (small blind) showed [3s Kd] and won 390 with Trips of 3
Seat 2: Parabellum81 (big blind) showed [4h 4d] and won 205 with Two pairs : 4 and 3


Winamax Poker - Tournament "Expresso Nitro" buyIn: 0.93€ + 0.07€ level: 3 - HandId: #2689804151944118273-9-1674653153 - Holdem no limit (20/40) - 2023/01/25 13:25:53 UTC
Table: 'Expresso Nitro(626268832)#0' 3-max (real money) Seat #1 is the button
Seat 1: _SKR (390)
Seat 2: Parabellum81 (205)
Seat 3: Thomishhh67 (305)
*** ANTE/BLINDS ***
Parabellum81 posts small blind 20
Thomishhh67 posts big blind 40
Dealt to _SKR [Td Th]
*** PRE-FLOP *** 
_SKR raises 350 to 390 and is all-in
Parabellum81 folds
Thomishhh67 folds
_SKR collected 450 from pot
*** SUMMARY ***
Total pot 450 | No rake
Seat 1: _SKR (button) won 450


Winamax Poker - Tournament "Expresso Nitro" buyIn: 0.93€ + 0.07€ level: 3 - HandId: #2689804151944118273-10-1674653193 - Holdem no limit (20/40) - 2023/01/25 13:26:33 UTC
Table: 'Expresso Nitro(626268832)#0' 3-max (real money) Seat #2 is the button
Seat 1: _SKR (450)
Seat 2: Parabellum81 (185)
Seat 3: Thomishhh67 (265)
*** ANTE/BLINDS ***
Thomishhh67 posts small blind 20
_SKR posts big blind 40
Dealt to _SKR [As Ad]
*** PRE-FLOP *** 
Parabellum81 folds
Thomishhh67 calls 20
_SKR raises 50 to 90
Thomishhh67 calls 50
*** FLOP *** [5c 5d Kd]
Thomishhh67 checks
_SKR bets 63
Thomishhh67 folds
_SKR collected 243 from pot
*** SUMMARY ***
Total pot 243 | No rake
Board: [5c 5d Kd]
Seat 1: _SKR (big blind) won 243


Winamax Poker - Tournament "Expresso Nitro" buyIn: 0.93€ + 0.07€ level: 4 - HandId: #2689804151944118273-11-1674653217 - Holdem no limit (30/60) - 2023/01/25 13:26:57 UTC
Table: 'Expresso Nitro(626268832)#0' 3-max (real money) Seat #3 is the button
Seat 1: _SKR (540)
Seat 2: Parabellum81 (185)
Seat 3: Thomishhh67 (175)
*** ANTE/BLINDS ***
_SKR posts small blind 30
Parabellum81 posts big blind 60
Dealt to _SKR [Ac 3s]
*** PRE-FLOP *** 
Thomishhh67 raises 115 to 175 and is all-in
_SKR calls 145
Parabellum81 folds
*** FLOP *** [5s 8s Js]
*** TURN *** [5s 8s Js][2d]
*** RIVER *** [5s 8s Js 2d][4c]
*** SHOW DOWN ***
Thomishhh67 shows [As 8h] (One pair : 8)
_SKR shows [Ac 3s] (Straight 5 high)
_SKR collected 410 from pot
*** SUMMARY ***
Total pot 410 | No rake
Board: [5s 8s Js 2d 4c]
Seat 1: _SKR (small blind) showed [Ac 3s] and won 410 with Straight 5 high
Seat 3: Thomishhh67 (button) showed [As 8h] and lost with One pair : 8


Winamax Poker - Tournament "Expresso Nitro" buyIn: 0.93€ + 0.07€ level: 4 - HandId: #2689804151944118273-12-1674653240 - Holdem no limit (30/60) - 2023/01/25 13:27:20 UTC
Table: 'Expresso Nitro(626268832)#0' 3-max (real money) Seat #2 is the button
Seat 1: _SKR (775)
Seat 2: Parabellum81 (125)
*** ANTE/BLINDS ***
Parabellum81 posts small blind 30
_SKR posts big blind 60
Dealt to _SKR [8s Qd]
*** PRE-FLOP *** 
Parabellum81 folds
_SKR collected 90 from pot
*** SUMMARY ***
Total pot 90 | No rake
Seat 1: _SKR (big blind) won 90


Winamax Poker - Tournament "Expresso Nitro" buyIn: 0.93€ + 0.07€ level: 4 - HandId: #2689804151944118273-13-1674653248 - Holdem no limit (30/60) - 2023/01/25 13:27:28 UTC
Table: 'Expresso Nitro(626268832)#0' 3-max (real money) Seat #1 is the button
Seat 1: _SKR (805)
Seat 2: Parabellum81 (95)
*** ANTE/BLINDS ***
_SKR posts small blind 30
Parabellum81 posts big blind 60
Dealt to _SKR [2c Ad]
*** PRE-FLOP *** 
_SKR raises 60 to 120
Parabellum81 folds
_SKR collected 180 from pot
*** SUMMARY ***
Total pot 180 | No rake
Seat 1: _SKR (small blind) (button) won 180


Winamax Poker - Tournament "Expresso Nitro" buyIn: 0.93€ + 0.07€ level: 5 - HandId: #2689804151944118273-14-1674653258 - Holdem no limit (40/80) - 2023/01/25 13:27:38 UTC
Table: 'Expresso Nitro(626268832)#0' 3-max (real money) Seat #2 is the button
Seat 1: _SKR (865)
Seat 2: Parabellum81 (35)
*** ANTE/BLINDS ***
Parabellum81 posts small blind 35 and is all-in
_SKR posts big blind 80
Dealt to _SKR [3h 6h]
*** PRE-FLOP *** 
*** FLOP *** [2s 4d 9h]
*** TURN *** [2s 4d 9h][Ah]
*** RIVER *** [2s 4d 9h Ah][3d]
*** SHOW DOWN ***
_SKR shows [3h 6h] (One pair : 3)
Parabellum81 shows [3s 5h] (Straight 5 high)
Parabellum81 collected 70 from main pot
_SKR collected 45 from side pot 1
*** SUMMARY ***
Total pot 115 | No rake
Board: [2s 4d 9h Ah 3d]
Seat 1: _SKR (big blind) showed [3h 6h] and won 45 with One pair : 3
Seat 2: Parabellum81 (small blind) (button) showed [3s 5h] and won 70 with Straight 5 high


Winamax Poker - Tournament "Expresso Nitro" buyIn: 0.93€ + 0.07€ level: 5 - HandId: #2689804151944118273-15-1674653266 - Holdem no limit (40/80) - 2023/01/25 13:27:46 UTC
Table: 'Expresso Nitro(626268832)#0' 3-max (real money) Seat #1 is the button
Seat 1: _SKR (830)
Seat 2: Parabellum81 (70)
*** ANTE/BLINDS ***
_SKR posts small blind 40
Parabellum81 posts big blind 70 and is all-in
Dealt to _SKR [5d Jc]
*** PRE-FLOP *** 
_SKR raises 90 to 160
*** FLOP *** [Kd 2h Ah]
*** TURN *** [Kd 2h Ah][Td]
*** RIVER *** [Kd 2h Ah Td][Kh]
*** SHOW DOWN ***
_SKR shows [5d Jc] (One pair : Kings)
Parabellum81 shows [Jd Ac] (Two pairs : Aces and Kings)
Parabellum81 collected 140 from main pot
_SKR collected 90 from side pot 1
*** SUMMARY ***
Total pot 230 | No rake
Board: [Kd 2h Ah Td Kh]
Seat 1: _SKR (small blind) (button) showed [5d Jc] and won 90 with One pair : Kings
Seat 2: Parabellum81 (big blind) showed [Jd Ac] and won 140 with Two pairs : Aces and Kings


Winamax Poker - Tournament "Expresso Nitro" buyIn: 0.93€ + 0.07€ level: 5 - HandId: #2689804151944118273-16-1674653276 - Holdem no limit (40/80) - 2023/01/25 13:27:56 UTC
Table: 'Expresso Nitro(626268832)#0' 3-max (real money) Seat #2 is the button
Seat 1: _SKR (760)
Seat 2: Parabellum81 (140)
*** ANTE/BLINDS ***
Parabellum81 posts small blind 40
_SKR posts big blind 80
Dealt to _SKR [6c 6s]
*** PRE-FLOP *** 
Parabellum81 folds
_SKR collected 120 from pot
*** SUMMARY ***
Total pot 120 | No rake
Seat 1: _SKR (big blind) won 120


Winamax Poker - Tournament "Expresso Nitro" buyIn: 0.93€ + 0.07€ level: 5 - HandId: #2689804151944118273-17-1674653284 - Holdem no limit (40/80) - 2023/01/25 13:28:04 UTC
Table: 'Expresso Nitro(626268832)#0' 3-max (real money) Seat #1 is the button
Seat 1: _SKR (800)
Seat 2: Parabellum81 (100)
*** ANTE/BLINDS ***
_SKR posts small blind 40
Parabellum81 posts big blind 80
Dealt to _SKR [7h 2c]
*** PRE-FLOP *** 
_SKR raises 80 to 160
Parabellum81 folds
_SKR collected 240 from pot
*** SUMMARY ***
Total pot 240 | No rake
Seat 1: _SKR (small blind) (button) won 240


Winamax Poker - Tournament "Expresso Nitro" buyIn: 0.93€ + 0.07€ level: 5 - HandId: #2689804151944118273-18-1674653297 - Holdem no limit (40/80) - 2023/01/25 13:28:17 UTC
Table: 'Expresso Nitro(626268832)#0' 3-max (real money) Seat #2 is the button
Seat 1: _SKR (880)
Seat 2: Parabellum81 (20)
*** ANTE/BLINDS ***
Parabellum81 posts small blind 20 and is all-in
_SKR posts big blind 80
Dealt to _SKR [Js 5h]
*** PRE-FLOP *** 
*** FLOP *** [Kh 5c 3s]
*** TURN *** [Kh 5c 3s][Qc]
*** RIVER *** [Kh 5c 3s Qc][Ah]
*** SHOW DOWN ***
_SKR shows [Js 5h] (One pair : 5)
Parabellum81 shows [5d Jd] (One pair : 5)
Parabellum81 collected 20 from main pot
_SKR collected 80 from side pot 1
*** SUMMARY ***
Total pot 100 | No rake
Board: [Kh 5c 3s Qc Ah]
Seat 1: _SKR (big blind) showed [Js 5h] and won 80 with One pair : 5
Seat 2: Parabellum81 (small blind) (button) showed [5d Jd] and won 20 with One pair : 5


Winamax Poker - Tournament "Expresso Nitro" buyIn: 0.93€ + 0.07€ level: 5 - HandId: #2689804151944118273-19-1674653305 - Holdem no limit (40/80) - 2023/01/25 13:28:25 UTC
Table: 'Expresso Nitro(626268832)#0' 3-max (real money) Seat #1 is the button
Seat 1: _SKR (880)
Seat 2: Parabellum81 (20)
*** ANTE/BLINDS ***
_SKR posts small blind 40
Parabellum81 posts big blind 20 and is all-in
Dealt to _SKR [3d Ah]
*** PRE-FLOP *** 
*** FLOP *** [3c Ac 8d]
*** TURN *** [3c Ac 8d][Jd]
*** RIVER *** [3c Ac 8d Jd][Qh]
*** SHOW DOWN ***
Parabellum81 shows [Ts 8c] (One pair : 8)
_SKR shows [3d Ah] (Two pairs : Aces and 3)
_SKR collected 60 from pot
*** SUMMARY ***
Total pot 60 | No rake
Board: [3c Ac 8d Jd Qh]
Seat 1: _SKR (small blind) (button) showed [3d Ah] and won 60 with Two pairs : Aces and 3
Seat 2: Parabellum81 (big blind) showed [Ts 8c] and lost with One pair : 8


