Winamax Poker - Tournament "Expresso Nitro" buyIn: 0.93€ + 0.07€ level: 1 - HandId: #2718703118568128513-1-1676296287 - Holdem no limit (10/20) - 2023/02/13 13:51:27 UTC
Table: 'Expresso Nitro(632997397)#0' 3-max (real money) Seat #1 is the button
Seat 1: Atmpoker (300)
Seat 2: _SKR (300)
Seat 3: stratman974 (300)
*** ANTE/BLINDS ***
_SKR posts small blind 10
stratman974 posts big blind 20
Dealt to _SKR [3c Qc]
*** PRE-FLOP *** 
Atmpoker folds
_SKR folds
stratman974 collected 30 from pot
*** SUMMARY ***
Total pot 30 | No rake
Seat 3: stratman974 (big blind) won 30


Winamax Poker - Tournament "Expresso Nitro" buyIn: 0.93€ + 0.07€ level: 1 - HandId: #2718703118568128513-2-1676296297 - Holdem no limit (10/20) - 2023/02/13 13:51:37 UTC
Table: 'Expresso Nitro(632997397)#0' 3-max (real money) Seat #2 is the button
Seat 1: Atmpoker (300)
Seat 2: _SKR (290)
Seat 3: stratman974 (310)
*** ANTE/BLINDS ***
stratman974 posts small blind 10
Atmpoker posts big blind 20
Dealt to _SKR [Tc Kc]
*** PRE-FLOP *** 
_SKR raises 20 to 40
stratman974 folds
Atmpoker calls 20
*** FLOP *** [Jc 2h 2s]
Atmpoker checks
_SKR bets 32
Atmpoker folds
_SKR collected 122 from pot
*** SUMMARY ***
Total pot 122 | No rake
Board: [Jc 2h 2s]
Seat 2: _SKR (button) won 122


Winamax Poker - Tournament "Expresso Nitro" buyIn: 0.93€ + 0.07€ level: 1 - HandId: #2718703118568128513-3-1676296317 - Holdem no limit (10/20) - 2023/02/13 13:51:57 UTC
Table: 'Expresso Nitro(632997397)#0' 3-max (real money) Seat #3 is the button
Seat 1: Atmpoker (260)
Seat 2: _SKR (340)
Seat 3: stratman974 (300)
*** ANTE/BLINDS ***
Atmpoker posts small blind 10
_SKR posts big blind 20
Dealt to _SKR [5d 7h]
*** PRE-FLOP *** 
stratman974 raises 280 to 300 and is all-in
Atmpoker calls 250 and is all-in
_SKR folds
*** FLOP *** [7c Tc 2c]
*** TURN *** [7c Tc 2c][Qh]
*** RIVER *** [7c Tc 2c Qh][6c]
*** SHOW DOWN ***
Atmpoker shows [9c 9d] (Flush Ten high)
stratman974 shows [8d Js] (High card : Queen)
stratman974 collected 40 from side pot 1
Atmpoker collected 540 from main pot
*** SUMMARY ***
Total pot 580 | No rake
Board: [7c Tc 2c Qh 6c]
Seat 1: Atmpoker (small blind) showed [9c 9d] and won 540 with Flush Ten high
Seat 3: stratman974 (button) showed [8d Js] and won 40 with High card : Queen


Winamax Poker - Tournament "Expresso Nitro" buyIn: 0.93€ + 0.07€ level: 1 - HandId: #2718703118568128513-4-1676296332 - Holdem no limit (10/20) - 2023/02/13 13:52:12 UTC
Table: 'Expresso Nitro(632997397)#0' 3-max (real money) Seat #1 is the button
Seat 1: Atmpoker (540)
Seat 2: _SKR (320)
Seat 3: stratman974 (40)
*** ANTE/BLINDS ***
_SKR posts small blind 10
stratman974 posts big blind 20
Dealt to _SKR [Ts 4c]
*** PRE-FLOP *** 
Atmpoker folds
_SKR folds
stratman974 collected 30 from pot
*** SUMMARY ***
Total pot 30 | No rake
Seat 3: stratman974 (big blind) won 30


Winamax Poker - Tournament "Expresso Nitro" buyIn: 0.93€ + 0.07€ level: 1 - HandId: #2718703118568128513-5-1676296337 - Holdem no limit (10/20) - 2023/02/13 13:52:17 UTC
Table: 'Expresso Nitro(632997397)#0' 3-max (real money) Seat #2 is the button
Seat 1: Atmpoker (540)
Seat 2: _SKR (310)
Seat 3: stratman974 (50)
*** ANTE/BLINDS ***
stratman974 posts small blind 10
Atmpoker posts big blind 20
Dealt to _SKR [8s Qd]
*** PRE-FLOP *** 
_SKR folds
stratman974 raises 20 to 40
Atmpoker raises 20 to 60
stratman974 calls 10 and is all-in
*** FLOP *** [2d Qs 2s]
*** TURN *** [2d Qs 2s][3d]
*** RIVER *** [2d Qs 2s 3d][3h]
*** SHOW DOWN ***
Atmpoker shows [5h Th] (Two pairs : 3 and 2)
stratman974 shows [7d As] (Two pairs : 3 and 2)
stratman974 collected 100 from main pot
Atmpoker collected 10 from side pot 1
*** SUMMARY ***
Total pot 110 | No rake
Board: [2d Qs 2s 3d 3h]
Seat 1: Atmpoker (big blind) showed [5h Th] and won 10 with Two pairs : 3 and 2
Seat 3: stratman974 (small blind) showed [7d As] and won 100 with Two pairs : 3 and 2


Winamax Poker - Tournament "Expresso Nitro" buyIn: 0.93€ + 0.07€ level: 2 - HandId: #2718703118568128513-6-1676296353 - Holdem no limit (15/30) - 2023/02/13 13:52:33 UTC
Table: 'Expresso Nitro(632997397)#0' 3-max (real money) Seat #3 is the button
Seat 1: Atmpoker (490)
Seat 2: _SKR (310)
Seat 3: stratman974 (100)
*** ANTE/BLINDS ***
Atmpoker posts small blind 15
_SKR posts big blind 30
Dealt to _SKR [2s Ah]
*** PRE-FLOP *** 
stratman974 raises 70 to 100 and is all-in
Atmpoker folds
_SKR calls 70
*** FLOP *** [6s Th Qc]
*** TURN *** [6s Th Qc][Jh]
*** RIVER *** [6s Th Qc Jh][2h]
*** SHOW DOWN ***
_SKR shows [2s Ah] (One pair : 2)
stratman974 shows [Qs 4d] (One pair : Queens)
stratman974 collected 215 from pot
*** SUMMARY ***
Total pot 215 | No rake
Board: [6s Th Qc Jh 2h]
Seat 2: _SKR (big blind) showed [2s Ah] and lost with One pair : 2
Seat 3: stratman974 (button) showed [Qs 4d] and won 215 with One pair : Queens


Winamax Poker - Tournament "Expresso Nitro" buyIn: 0.93€ + 0.07€ level: 2 - HandId: #2718703118568128513-7-1676296368 - Holdem no limit (15/30) - 2023/02/13 13:52:48 UTC
Table: 'Expresso Nitro(632997397)#0' 3-max (real money) Seat #1 is the button
Seat 1: Atmpoker (475)
Seat 2: _SKR (210)
Seat 3: stratman974 (215)
*** ANTE/BLINDS ***
_SKR posts small blind 15
stratman974 posts big blind 30
Dealt to _SKR [Kh 6s]
*** PRE-FLOP *** 
Atmpoker raises 445 to 475 and is all-in
_SKR folds
stratman974 calls 185 and is all-in
*** FLOP *** [Qh Ts 7d]
*** TURN *** [Qh Ts 7d][As]
*** RIVER *** [Qh Ts 7d As][8c]
*** SHOW DOWN ***
stratman974 shows [6d Jc] (High card : Ace)
Atmpoker shows [5d Ac] (One pair : Aces)
Atmpoker collected 705 from pot
*** SUMMARY ***
Total pot 705 | No rake
Board: [Qh Ts 7d As 8c]
Seat 1: Atmpoker (button) showed [5d Ac] and won 705 with One pair : Aces
Seat 3: stratman974 (big blind) showed [6d Jc] and lost with High card : Ace


Winamax Poker - Tournament "Expresso Nitro" buyIn: 0.93€ + 0.07€ level: 2 - HandId: #2718703118568128513-8-1676296387 - Holdem no limit (15/30) - 2023/02/13 13:53:07 UTC
Table: 'Expresso Nitro(632997397)#0' 3-max (real money) Seat #1 is the button
Seat 1: Atmpoker (705)
Seat 2: _SKR (195)
*** ANTE/BLINDS ***
Atmpoker posts small blind 15
_SKR posts big blind 30
Dealt to _SKR [As 5s]
*** PRE-FLOP *** 
Atmpoker raises 675 to 705 and is all-in
_SKR calls 165 and is all-in
*** FLOP *** [Ad Kd 4h]
*** TURN *** [Ad Kd 4h][6c]
*** RIVER *** [Ad Kd 4h 6c][Jd]
*** SHOW DOWN ***
Atmpoker shows [Jc 8h] (One pair : Jacks)
_SKR shows [As 5s] (One pair : Aces)
_SKR collected 390 from main pot
Atmpoker collected 510 from side pot 1
*** SUMMARY ***
Total pot 900 | No rake
Board: [Ad Kd 4h 6c Jd]
Seat 1: Atmpoker (small blind) (button) showed [Jc 8h] and won 510 with One pair : Jacks
Seat 2: _SKR (big blind) showed [As 5s] and won 390 with One pair : Aces


Winamax Poker - Tournament "Expresso Nitro" buyIn: 0.93€ + 0.07€ level: 2 - HandId: #2718703118568128513-9-1676296399 - Holdem no limit (15/30) - 2023/02/13 13:53:19 UTC
Table: 'Expresso Nitro(632997397)#0' 3-max (real money) Seat #2 is the button
Seat 1: Atmpoker (510)
Seat 2: _SKR (390)
*** ANTE/BLINDS ***
_SKR posts small blind 15
Atmpoker posts big blind 30
Dealt to _SKR [Kd 4d]
*** PRE-FLOP *** 
_SKR raises 360 to 390 and is all-in
Atmpoker folds
_SKR collected 420 from pot
*** SUMMARY ***
Total pot 420 | No rake
Seat 2: _SKR (small blind) (button) won 420


Winamax Poker - Tournament "Expresso Nitro" buyIn: 0.93€ + 0.07€ level: 3 - HandId: #2718703118568128513-10-1676296405 - Holdem no limit (20/40) - 2023/02/13 13:53:25 UTC
Table: 'Expresso Nitro(632997397)#0' 3-max (real money) Seat #1 is the button
Seat 1: Atmpoker (480)
Seat 2: _SKR (420)
*** ANTE/BLINDS ***
Atmpoker posts small blind 20
_SKR posts big blind 40
Dealt to _SKR [5c 7h]
*** PRE-FLOP *** 
Atmpoker folds
_SKR collected 60 from pot
*** SUMMARY ***
Total pot 60 | No rake
Seat 2: _SKR (big blind) won 60


Winamax Poker - Tournament "Expresso Nitro" buyIn: 0.93€ + 0.07€ level: 3 - HandId: #2718703118568128513-11-1676296408 - Holdem no limit (20/40) - 2023/02/13 13:53:28 UTC
Table: 'Expresso Nitro(632997397)#0' 3-max (real money) Seat #2 is the button
Seat 1: Atmpoker (460)
Seat 2: _SKR (440)
*** ANTE/BLINDS ***
_SKR posts small blind 20
Atmpoker posts big blind 40
Dealt to _SKR [5c Kc]
*** PRE-FLOP *** 
_SKR raises 400 to 440 and is all-in
Atmpoker calls 400
*** FLOP *** [Td Ad 5s]
*** TURN *** [Td Ad 5s][Qs]
*** RIVER *** [Td Ad 5s Qs][Tc]
*** SHOW DOWN ***
Atmpoker shows [Kh 7d] (One pair : Tens)
_SKR shows [5c Kc] (Two pairs : Tens and 5)
_SKR collected 880 from pot
*** SUMMARY ***
Total pot 880 | No rake
Board: [Td Ad 5s Qs Tc]
Seat 1: Atmpoker (big blind) showed [Kh 7d] and lost with One pair : Tens
Seat 2: _SKR (small blind) (button) showed [5c Kc] and won 880 with Two pairs : Tens and 5


Winamax Poker - Tournament "Expresso Nitro" buyIn: 0.93€ + 0.07€ level: 3 - HandId: #2718703118568128513-12-1676296422 - Holdem no limit (20/40) - 2023/02/13 13:53:42 UTC
Table: 'Expresso Nitro(632997397)#0' 3-max (real money) Seat #1 is the button
Seat 1: Atmpoker (20)
Seat 2: _SKR (880)
*** ANTE/BLINDS ***
Atmpoker posts small blind 20 and is all-in
_SKR posts big blind 40
Dealt to _SKR [7h 8h]
*** PRE-FLOP *** 
*** FLOP *** [Qs Js Kd]
*** TURN *** [Qs Js Kd][9d]
*** RIVER *** [Qs Js Kd 9d][4d]
*** SHOW DOWN ***
Atmpoker shows [5h 4c] (One pair : 4)
_SKR shows [7h 8h] (High card : King)
_SKR collected 20 from side pot 1
Atmpoker collected 40 from main pot
*** SUMMARY ***
Total pot 60 | No rake
Board: [Qs Js Kd 9d 4d]
Seat 1: Atmpoker (small blind) (button) showed [5h 4c] and won 40 with One pair : 4
Seat 2: _SKR (big blind) showed [7h 8h] and won 20 with High card : King


Winamax Poker - Tournament "Expresso Nitro" buyIn: 0.93€ + 0.07€ level: 3 - HandId: #2718703118568128513-13-1676296430 - Holdem no limit (20/40) - 2023/02/13 13:53:50 UTC
Table: 'Expresso Nitro(632997397)#0' 3-max (real money) Seat #2 is the button
Seat 1: Atmpoker (40)
Seat 2: _SKR (860)
*** ANTE/BLINDS ***
_SKR posts small blind 20
Atmpoker posts big blind 40 and is all-in
Dealt to _SKR [6h 4h]
*** PRE-FLOP *** 
_SKR calls 20
*** FLOP *** [Ad 6s As]
*** TURN *** [Ad 6s As][Qh]
*** RIVER *** [Ad 6s As Qh][9h]
*** SHOW DOWN ***
Atmpoker shows [2d Kh] (One pair : Aces)
_SKR shows [6h 4h] (Two pairs : Aces and 6)
_SKR collected 80 from pot
*** SUMMARY ***
Total pot 80 | No rake
Board: [Ad 6s As Qh 9h]
Seat 1: Atmpoker (big blind) showed [2d Kh] and lost with One pair : Aces
Seat 2: _SKR (small blind) (button) showed [6h 4h] and won 80 with Two pairs : Aces and 6


