Winamax Poker - Tournament "Expresso Nitro" buyIn: 0.93€ + 0.07€ level: 1 - HandId: #2718606468919066625-1-1676291295 - Holdem no limit (10/20) - 2023/02/13 12:28:15 UTC
Table: 'Expresso Nitro(632974894)#0' 3-max (real money) Seat #2 is the button
Seat 1: Stessy9191 (300)
Seat 2: _SKR (300)
Seat 3: Npus3113 (300)
*** ANTE/BLINDS ***
Npus3113 posts small blind 10
Stessy9191 posts big blind 20
Dealt to _SKR [9h 7h]
*** PRE-FLOP *** 
_SKR folds
Npus3113 raises 280 to 300 and is all-in
Stessy9191 calls 280 and is all-in
*** FLOP *** [Qh Kd 9c]
*** TURN *** [Qh Kd 9c][2h]
*** RIVER *** [Qh Kd 9c 2h][Td]
*** SHOW DOWN ***
Npus3113 shows [4h As] (High card : Ace)
Stessy9191 shows [2d Ah] (One pair : 2)
Stessy9191 collected 600 from pot
*** SUMMARY ***
Total pot 600 | No rake
Board: [Qh Kd 9c 2h Td]
Seat 1: Stessy9191 (big blind) showed [2d Ah] and won 600 with One pair : 2
Seat 3: Npus3113 (small blind) showed [4h As] and lost with High card : Ace


Winamax Poker - Tournament "Expresso Nitro" buyIn: 0.93€ + 0.07€ level: 1 - HandId: #2718606468919066625-2-1676291310 - Holdem no limit (10/20) - 2023/02/13 12:28:30 UTC
Table: 'Expresso Nitro(632974894)#0' 3-max (real money) Seat #1 is the button
Seat 1: Stessy9191 (600)
Seat 2: _SKR (300)
*** ANTE/BLINDS ***
Stessy9191 posts small blind 10
_SKR posts big blind 20
Dealt to _SKR [4h Ts]
*** PRE-FLOP *** 
Stessy9191 calls 10
_SKR checks
*** FLOP *** [7s 7d 2c]
_SKR checks
Stessy9191 checks
*** TURN *** [7s 7d 2c][5s]
_SKR checks
Stessy9191 checks
*** RIVER *** [7s 7d 2c 5s][5h]
_SKR bets 26
Stessy9191 folds
_SKR collected 66 from pot
*** SUMMARY ***
Total pot 66 | No rake
Board: [7s 7d 2c 5s 5h]
Seat 2: _SKR (big blind) won 66


Winamax Poker - Tournament "Expresso Nitro" buyIn: 0.93€ + 0.07€ level: 1 - HandId: #2718606468919066625-3-1676291343 - Holdem no limit (10/20) - 2023/02/13 12:29:03 UTC
Table: 'Expresso Nitro(632974894)#0' 3-max (real money) Seat #2 is the button
Seat 1: Stessy9191 (580)
Seat 2: _SKR (320)
*** ANTE/BLINDS ***
_SKR posts small blind 10
Stessy9191 posts big blind 20
Dealt to _SKR [Tc 9c]
*** PRE-FLOP *** 
_SKR raises 20 to 40
Stessy9191 calls 20
*** FLOP *** [7s 5d 8h]
Stessy9191 checks
_SKR bets 28
Stessy9191 calls 28
*** TURN *** [7s 5d 8h][8c]
Stessy9191 checks
_SKR checks
*** RIVER *** [7s 5d 8h 8c][5c]
Stessy9191 bets 20
_SKR folds
Stessy9191 collected 156 from pot
*** SUMMARY ***
Total pot 156 | No rake
Board: [7s 5d 8h 8c 5c]
Seat 1: Stessy9191 (big blind) won 156


Winamax Poker - Tournament "Expresso Nitro" buyIn: 0.93€ + 0.07€ level: 2 - HandId: #2718606468919066625-4-1676291379 - Holdem no limit (15/30) - 2023/02/13 12:29:39 UTC
Table: 'Expresso Nitro(632974894)#0' 3-max (real money) Seat #1 is the button
Seat 1: Stessy9191 (648)
Seat 2: _SKR (252)
*** ANTE/BLINDS ***
Stessy9191 posts small blind 15
_SKR posts big blind 30
Dealt to _SKR [6h Tc]
*** PRE-FLOP *** 
Stessy9191 raises 30 to 60
_SKR folds
Stessy9191 collected 90 from pot
*** SUMMARY ***
Total pot 90 | No rake
Seat 1: Stessy9191 (small blind) (button) won 90


Winamax Poker - Tournament "Expresso Nitro" buyIn: 0.93€ + 0.07€ level: 2 - HandId: #2718606468919066625-5-1676291389 - Holdem no limit (15/30) - 2023/02/13 12:29:49 UTC
Table: 'Expresso Nitro(632974894)#0' 3-max (real money) Seat #2 is the button
Seat 1: Stessy9191 (678)
Seat 2: _SKR (222)
*** ANTE/BLINDS ***
_SKR posts small blind 15
Stessy9191 posts big blind 30
Dealt to _SKR [Qh 9d]
*** PRE-FLOP *** 
_SKR raises 192 to 222 and is all-in
Stessy9191 calls 192
*** FLOP *** [7c 9c 8h]
*** TURN *** [7c 9c 8h][2c]
*** RIVER *** [7c 9c 8h 2c][3c]
*** SHOW DOWN ***
Stessy9191 shows [8s Kd] (One pair : 8)
_SKR shows [Qh 9d] (One pair : 9)
_SKR collected 444 from pot
*** SUMMARY ***
Total pot 444 | No rake
Board: [7c 9c 8h 2c 3c]
Seat 1: Stessy9191 (big blind) showed [8s Kd] and lost with One pair : 8
Seat 2: _SKR (small blind) (button) showed [Qh 9d] and won 444 with One pair : 9


Winamax Poker - Tournament "Expresso Nitro" buyIn: 0.93€ + 0.07€ level: 3 - HandId: #2718606468919066625-6-1676291411 - Holdem no limit (20/40) - 2023/02/13 12:30:11 UTC
Table: 'Expresso Nitro(632974894)#0' 3-max (real money) Seat #1 is the button
Seat 1: Stessy9191 (456)
Seat 2: _SKR (444)
*** ANTE/BLINDS ***
Stessy9191 posts small blind 20
_SKR posts big blind 40
Dealt to _SKR [8s Qh]
*** PRE-FLOP *** 
Stessy9191 calls 20
_SKR checks
*** FLOP *** [Ts 6d Ah]
_SKR checks
Stessy9191 bets 40
_SKR folds
Stessy9191 collected 120 from pot
*** SUMMARY ***
Total pot 120 | No rake
Board: [Ts 6d Ah]
Seat 1: Stessy9191 (small blind) (button) won 120


Winamax Poker - Tournament "Expresso Nitro" buyIn: 0.93€ + 0.07€ level: 3 - HandId: #2718606468919066625-7-1676291438 - Holdem no limit (20/40) - 2023/02/13 12:30:38 UTC
Table: 'Expresso Nitro(632974894)#0' 3-max (real money) Seat #2 is the button
Seat 1: Stessy9191 (496)
Seat 2: _SKR (404)
*** ANTE/BLINDS ***
_SKR posts small blind 20
Stessy9191 posts big blind 40
Dealt to _SKR [6s Ad]
*** PRE-FLOP *** 
_SKR raises 364 to 404 and is all-in
Stessy9191 folds
_SKR collected 444 from pot
*** SUMMARY ***
Total pot 444 | No rake
Seat 2: _SKR (small blind) (button) won 444


Winamax Poker - Tournament "Expresso Nitro" buyIn: 0.93€ + 0.07€ level: 3 - HandId: #2718606468919066625-8-1676291444 - Holdem no limit (20/40) - 2023/02/13 12:30:44 UTC
Table: 'Expresso Nitro(632974894)#0' 3-max (real money) Seat #1 is the button
Seat 1: Stessy9191 (456)
Seat 2: _SKR (444)
*** ANTE/BLINDS ***
Stessy9191 posts small blind 20
_SKR posts big blind 40
Dealt to _SKR [Qh 8s]
*** PRE-FLOP *** 
Stessy9191 calls 20
_SKR checks
*** FLOP *** [7d Js Kc]
_SKR checks
Stessy9191 checks
*** TURN *** [7d Js Kc][2c]
_SKR checks
Stessy9191 checks
*** RIVER *** [7d Js Kc 2c][Ac]
_SKR checks
Stessy9191 bets 40
_SKR folds
Stessy9191 collected 120 from pot
*** SUMMARY ***
Total pot 120 | No rake
Board: [7d Js Kc 2c Ac]
Seat 1: Stessy9191 (small blind) (button) won 120


Winamax Poker - Tournament "Expresso Nitro" buyIn: 0.93€ + 0.07€ level: 4 - HandId: #2718606468919066625-9-1676291483 - Holdem no limit (30/60) - 2023/02/13 12:31:23 UTC
Table: 'Expresso Nitro(632974894)#0' 3-max (real money) Seat #2 is the button
Seat 1: Stessy9191 (496)
Seat 2: _SKR (404)
*** ANTE/BLINDS ***
_SKR posts small blind 30
Stessy9191 posts big blind 60
Dealt to _SKR [Ah 5c]
*** PRE-FLOP *** 
_SKR raises 344 to 404 and is all-in
Stessy9191 calls 344
*** FLOP *** [Kd 7c Kc]
*** TURN *** [Kd 7c Kc][3c]
*** RIVER *** [Kd 7c Kc 3c][7d]
*** SHOW DOWN ***
Stessy9191 shows [Qc Ad] (Two pairs : Kings and 7)
_SKR shows [Ah 5c] (Two pairs : Kings and 7)
_SKR collected 404 from pot
Stessy9191 collected 404 from pot
*** SUMMARY ***
Total pot 808 | No rake
Board: [Kd 7c Kc 3c 7d]
Seat 1: Stessy9191 (big blind) showed [Qc Ad] and won 404 with Two pairs : Kings and 7
Seat 2: _SKR (small blind) (button) showed [Ah 5c] and won 404 with Two pairs : Kings and 7


Winamax Poker - Tournament "Expresso Nitro" buyIn: 0.93€ + 0.07€ level: 4 - HandId: #2718606468919066625-10-1676291497 - Holdem no limit (30/60) - 2023/02/13 12:31:37 UTC
Table: 'Expresso Nitro(632974894)#0' 3-max (real money) Seat #1 is the button
Seat 1: Stessy9191 (496)
Seat 2: _SKR (404)
*** ANTE/BLINDS ***
Stessy9191 posts small blind 30
_SKR posts big blind 60
Dealt to _SKR [9h 4s]
*** PRE-FLOP *** 
Stessy9191 calls 30
_SKR checks
*** FLOP *** [Ks 2s Th]
_SKR checks
Stessy9191 checks
*** TURN *** [Ks 2s Th][5d]
_SKR checks
Stessy9191 checks
*** RIVER *** [Ks 2s Th 5d][Kh]
_SKR checks
Stessy9191 checks
*** SHOW DOWN ***
Stessy9191 shows [3d 4h] (One pair : Kings)
_SKR shows [9h 4s] (One pair : Kings)
_SKR collected 120 from pot
*** SUMMARY ***
Total pot 120 | No rake
Board: [Ks 2s Th 5d Kh]
Seat 1: Stessy9191 (small blind) (button) showed [3d 4h] and lost with One pair : Kings
Seat 2: _SKR (big blind) showed [9h 4s] and won 120 with One pair : Kings


Winamax Poker - Tournament "Expresso Nitro" buyIn: 0.93€ + 0.07€ level: 5 - HandId: #2718606468919066625-11-1676291535 - Holdem no limit (40/80) - 2023/02/13 12:32:15 UTC
Table: 'Expresso Nitro(632974894)#0' 3-max (real money) Seat #2 is the button
Seat 1: Stessy9191 (436)
Seat 2: _SKR (464)
*** ANTE/BLINDS ***
_SKR posts small blind 40
Stessy9191 posts big blind 80
Dealt to _SKR [Jd 7c]
*** PRE-FLOP *** 
_SKR raises 384 to 464 and is all-in
Stessy9191 folds
_SKR collected 544 from pot
*** SUMMARY ***
Total pot 544 | No rake
Seat 2: _SKR (small blind) (button) won 544


Winamax Poker - Tournament "Expresso Nitro" buyIn: 0.93€ + 0.07€ level: 5 - HandId: #2718606468919066625-12-1676291543 - Holdem no limit (40/80) - 2023/02/13 12:32:23 UTC
Table: 'Expresso Nitro(632974894)#0' 3-max (real money) Seat #1 is the button
Seat 1: Stessy9191 (356)
Seat 2: _SKR (544)
*** ANTE/BLINDS ***
Stessy9191 posts small blind 40
_SKR posts big blind 80
Dealt to _SKR [3s Tc]
*** PRE-FLOP *** 
Stessy9191 calls 40
_SKR checks
*** FLOP *** [4s 7s 4h]
_SKR checks
Stessy9191 checks
*** TURN *** [4s 7s 4h][7c]
_SKR checks
Stessy9191 bets 80
_SKR folds
Stessy9191 collected 240 from pot
*** SUMMARY ***
Total pot 240 | No rake
Board: [4s 7s 4h 7c]
Seat 1: Stessy9191 (small blind) (button) won 240


Winamax Poker - Tournament "Expresso Nitro" buyIn: 0.93€ + 0.07€ level: 5 - HandId: #2718606468919066625-13-1676291587 - Holdem no limit (40/80) - 2023/02/13 12:33:07 UTC
Table: 'Expresso Nitro(632974894)#0' 3-max (real money) Seat #2 is the button
Seat 1: Stessy9191 (436)
Seat 2: _SKR (464)
*** ANTE/BLINDS ***
_SKR posts small blind 40
Stessy9191 posts big blind 80
Dealt to _SKR [6d 9s]
*** PRE-FLOP *** 
_SKR folds
Stessy9191 collected 120 from pot
*** SUMMARY ***
Total pot 120 | No rake
Seat 1: Stessy9191 (big blind) won 120


Winamax Poker - Tournament "Expresso Nitro" buyIn: 0.93€ + 0.07€ level: 6 - HandId: #2718606468919066625-14-1676291592 - Holdem no limit (50/100) - 2023/02/13 12:33:12 UTC
Table: 'Expresso Nitro(632974894)#0' 3-max (real money) Seat #1 is the button
Seat 1: Stessy9191 (476)
Seat 2: _SKR (424)
*** ANTE/BLINDS ***
Stessy9191 posts small blind 50
_SKR posts big blind 100
Dealt to _SKR [6d 3h]
*** PRE-FLOP *** 
Stessy9191 calls 50
_SKR checks
*** FLOP *** [Qs 2h 7s]
_SKR checks
Stessy9191 checks
*** TURN *** [Qs 2h 7s][Jd]
_SKR checks
Stessy9191 bets 100
_SKR folds
Stessy9191 collected 300 from pot
*** SUMMARY ***
Total pot 300 | No rake
Board: [Qs 2h 7s Jd]
Seat 1: Stessy9191 (small blind) (button) won 300


Winamax Poker - Tournament "Expresso Nitro" buyIn: 0.93€ + 0.07€ level: 6 - HandId: #2718606468919066625-15-1676291650 - Holdem no limit (50/100) - 2023/02/13 12:34:10 UTC
Table: 'Expresso Nitro(632974894)#0' 3-max (real money) Seat #2 is the button
Seat 1: Stessy9191 (576)
Seat 2: _SKR (324)
*** ANTE/BLINDS ***
_SKR posts small blind 50
Stessy9191 posts big blind 100
Dealt to _SKR [2h Ac]
*** PRE-FLOP *** 
_SKR raises 224 to 324 and is all-in
Stessy9191 calls 224
*** FLOP *** [2c 3h Jd]
*** TURN *** [2c 3h Jd][Jh]
*** RIVER *** [2c 3h Jd Jh][Qs]
*** SHOW DOWN ***
_SKR shows [2h Ac] (Two pairs : Jacks and 2)
Stessy9191 shows [Js Ks] (Trips of Jacks)
Stessy9191 collected 648 from pot
*** SUMMARY ***
Total pot 648 | No rake
Board: [2c 3h Jd Jh Qs]
Seat 1: Stessy9191 (big blind) showed [Js Ks] and won 648 with Trips of Jacks
Seat 2: _SKR (small blind) (button) showed [2h Ac] and lost with Two pairs : Jacks and 2


