Winamax Poker - Tournament "Expresso Nitro" buyIn: 0.93€ + 0.07€ level: 1 - HandId: #2717288880326836225-1-1676215877 - Holdem no limit (10/20) - 2023/02/12 15:31:17 UTC
Table: 'Expresso Nitro(632668119)#0' 3-max (real money) Seat #2 is the button
Seat 1: _SKR (300)
Seat 2: Cyrielle55 (300)
Seat 3: manip026 (300)
*** ANTE/BLINDS ***
manip026 posts small blind 10
_SKR posts big blind 20
Dealt to _SKR [5h 6s]
*** PRE-FLOP *** 
Cyrielle55 calls 20
manip026 calls 10
_SKR checks
*** FLOP *** [Ts Kh Jh]
manip026 checks
_SKR checks
Cyrielle55 checks
*** TURN *** [Ts Kh Jh][9h]
manip026 checks
_SKR checks
Cyrielle55 checks
*** RIVER *** [Ts Kh Jh 9h][4c]
manip026 checks
_SKR bets 39
Cyrielle55 raises 39 to 78
manip026 folds
_SKR folds
Cyrielle55 collected 177 from pot
*** SUMMARY ***
Total pot 177 | No rake
Board: [Ts Kh Jh 9h 4c]
Seat 2: Cyrielle55 (button) won 177


Winamax Poker - Tournament "Expresso Nitro" buyIn: 0.93€ + 0.07€ level: 1 - HandId: #2717288880326836225-2-1676215909 - Holdem no limit (10/20) - 2023/02/12 15:31:49 UTC
Table: 'Expresso Nitro(632668119)#0' 3-max (real money) Seat #3 is the button
Seat 1: _SKR (241)
Seat 2: Cyrielle55 (379)
Seat 3: manip026 (280)
*** ANTE/BLINDS ***
_SKR posts small blind 10
Cyrielle55 posts big blind 20
Dealt to _SKR [9d Tc]
*** PRE-FLOP *** 
manip026 raises 40 to 60
_SKR folds
Cyrielle55 folds
manip026 collected 90 from pot
*** SUMMARY ***
Total pot 90 | No rake
Seat 3: manip026 (button) won 90


Winamax Poker - Tournament "Expresso Nitro" buyIn: 0.93€ + 0.07€ level: 1 - HandId: #2717288880326836225-3-1676215919 - Holdem no limit (10/20) - 2023/02/12 15:31:59 UTC
Table: 'Expresso Nitro(632668119)#0' 3-max (real money) Seat #1 is the button
Seat 1: _SKR (231)
Seat 2: Cyrielle55 (359)
Seat 3: manip026 (310)
*** ANTE/BLINDS ***
Cyrielle55 posts small blind 10
manip026 posts big blind 20
Dealt to _SKR [3h 4d]
*** PRE-FLOP *** 
_SKR folds
Cyrielle55 calls 10
manip026 checks
*** FLOP *** [6h Td 7h]
Cyrielle55 bets 20
manip026 calls 20
*** TURN *** [6h Td 7h][6s]
Cyrielle55 checks
manip026 bets 28
Cyrielle55 calls 28
*** RIVER *** [6h Td 7h 6s][8d]
Cyrielle55 checks
manip026 checks
*** SHOW DOWN ***
Cyrielle55 shows [2s Ts] (Two pairs : Tens and 6)
manip026 shows [6c Qc] (Trips of 6)
manip026 collected 136 from pot
*** SUMMARY ***
Total pot 136 | No rake
Board: [6h Td 7h 6s 8d]
Seat 2: Cyrielle55 (small blind) showed [2s Ts] and lost with Two pairs : Tens and 6
Seat 3: manip026 (big blind) showed [6c Qc] and won 136 with Trips of 6


Winamax Poker - Tournament "Expresso Nitro" buyIn: 0.93€ + 0.07€ level: 2 - HandId: #2717288880326836225-4-1676215948 - Holdem no limit (15/30) - 2023/02/12 15:32:28 UTC
Table: 'Expresso Nitro(632668119)#0' 3-max (real money) Seat #2 is the button
Seat 1: _SKR (231)
Seat 2: Cyrielle55 (291)
Seat 3: manip026 (378)
*** ANTE/BLINDS ***
manip026 posts small blind 15
_SKR posts big blind 30
Dealt to _SKR [6d 8c]
*** PRE-FLOP *** 
Cyrielle55 calls 30
manip026 raises 30 to 60
_SKR folds
Cyrielle55 calls 30
*** FLOP *** [Th Kh Jh]
manip026 bets 53
Cyrielle55 calls 53
*** TURN *** [Th Kh Jh][3h]
manip026 bets 90
Cyrielle55 calls 90
*** RIVER *** [Th Kh Jh 3h][Ks]
manip026 bets 153
Cyrielle55 calls 88 and is all-in
*** SHOW DOWN ***
Cyrielle55 shows [9h 9c] (Flush King high)
manip026 shows [Ac Ah] (Flush Ace high)
manip026 collected 677 from pot
*** SUMMARY ***
Total pot 677 | No rake
Board: [Th Kh Jh 3h Ks]
Seat 2: Cyrielle55 (button) showed [9h 9c] and lost with Flush King high
Seat 3: manip026 (small blind) showed [Ac Ah] and won 677 with Flush Ace high


Winamax Poker - Tournament "Expresso Nitro" buyIn: 0.93€ + 0.07€ level: 2 - HandId: #2717288880326836225-5-1676215988 - Holdem no limit (15/30) - 2023/02/12 15:33:08 UTC
Table: 'Expresso Nitro(632668119)#0' 3-max (real money) Seat #1 is the button
Seat 1: _SKR (201)
Seat 3: manip026 (699)
*** ANTE/BLINDS ***
_SKR posts small blind 15
manip026 posts big blind 30
Dealt to _SKR [4c 5c]
*** PRE-FLOP *** 
_SKR folds
manip026 collected 45 from pot
*** SUMMARY ***
Total pot 45 | No rake
Seat 3: manip026 (big blind) won 45


Winamax Poker - Tournament "Expresso Nitro" buyIn: 0.93€ + 0.07€ level: 2 - HandId: #2717288880326836225-6-1676215992 - Holdem no limit (15/30) - 2023/02/12 15:33:12 UTC
Table: 'Expresso Nitro(632668119)#0' 3-max (real money) Seat #3 is the button
Seat 1: _SKR (186)
Seat 3: manip026 (714)
*** ANTE/BLINDS ***
manip026 posts small blind 15
_SKR posts big blind 30
Dealt to _SKR [9s Js]
*** PRE-FLOP *** 
manip026 raises 60 to 90
_SKR raises 96 to 186 and is all-in
manip026 calls 96
*** FLOP *** [9h 2h 3c]
*** TURN *** [9h 2h 3c][Td]
*** RIVER *** [9h 2h 3c Td][Ad]
*** SHOW DOWN ***
manip026 shows [Qh 4h] (High card : Ace)
_SKR shows [9s Js] (One pair : 9)
_SKR collected 372 from pot
*** SUMMARY ***
Total pot 372 | No rake
Board: [9h 2h 3c Td Ad]
Seat 1: _SKR (big blind) showed [9s Js] and won 372 with One pair : 9
Seat 3: manip026 (small blind) (button) showed [Qh 4h] and lost with High card : Ace


Winamax Poker - Tournament "Expresso Nitro" buyIn: 0.93€ + 0.07€ level: 3 - HandId: #2717288880326836225-7-1676216019 - Holdem no limit (20/40) - 2023/02/12 15:33:39 UTC
Table: 'Expresso Nitro(632668119)#0' 3-max (real money) Seat #1 is the button
Seat 1: _SKR (372)
Seat 3: manip026 (528)
*** ANTE/BLINDS ***
_SKR posts small blind 20
manip026 posts big blind 40
Dealt to _SKR [7h 8d]
*** PRE-FLOP *** 
_SKR folds
manip026 collected 60 from pot
*** SUMMARY ***
Total pot 60 | No rake
Seat 3: manip026 (big blind) won 60


Winamax Poker - Tournament "Expresso Nitro" buyIn: 0.93€ + 0.07€ level: 3 - HandId: #2717288880326836225-8-1676216022 - Holdem no limit (20/40) - 2023/02/12 15:33:42 UTC
Table: 'Expresso Nitro(632668119)#0' 3-max (real money) Seat #3 is the button
Seat 1: _SKR (352)
Seat 3: manip026 (548)
*** ANTE/BLINDS ***
manip026 posts small blind 20
_SKR posts big blind 40
Dealt to _SKR [Qd 3c]
*** PRE-FLOP *** 
manip026 raises 80 to 120
_SKR folds
manip026 collected 160 from pot
*** SUMMARY ***
Total pot 160 | No rake
Seat 3: manip026 (small blind) (button) won 160


Winamax Poker - Tournament "Expresso Nitro" buyIn: 0.93€ + 0.07€ level: 3 - HandId: #2717288880326836225-9-1676216027 - Holdem no limit (20/40) - 2023/02/12 15:33:47 UTC
Table: 'Expresso Nitro(632668119)#0' 3-max (real money) Seat #1 is the button
Seat 1: _SKR (312)
Seat 3: manip026 (588)
*** ANTE/BLINDS ***
_SKR posts small blind 20
manip026 posts big blind 40
Dealt to _SKR [Ts 9h]
*** PRE-FLOP *** 
_SKR raises 272 to 312 and is all-in
manip026 folds
_SKR collected 352 from pot
*** SUMMARY ***
Total pot 352 | No rake
Seat 1: _SKR (small blind) (button) won 352


Winamax Poker - Tournament "Expresso Nitro" buyIn: 0.93€ + 0.07€ level: 3 - HandId: #2717288880326836225-10-1676216034 - Holdem no limit (20/40) - 2023/02/12 15:33:54 UTC
Table: 'Expresso Nitro(632668119)#0' 3-max (real money) Seat #3 is the button
Seat 1: _SKR (352)
Seat 3: manip026 (548)
*** ANTE/BLINDS ***
manip026 posts small blind 20
_SKR posts big blind 40
Dealt to _SKR [7h 3h]
*** PRE-FLOP *** 
manip026 raises 80 to 120
_SKR folds
manip026 collected 160 from pot
*** SUMMARY ***
Total pot 160 | No rake
Seat 3: manip026 (small blind) (button) won 160


Winamax Poker - Tournament "Expresso Nitro" buyIn: 0.93€ + 0.07€ level: 3 - HandId: #2717288880326836225-11-1676216043 - Holdem no limit (20/40) - 2023/02/12 15:34:03 UTC
Table: 'Expresso Nitro(632668119)#0' 3-max (real money) Seat #1 is the button
Seat 1: _SKR (312)
Seat 3: manip026 (588)
*** ANTE/BLINDS ***
_SKR posts small blind 20
manip026 posts big blind 40
Dealt to _SKR [2d Ah]
*** PRE-FLOP *** 
_SKR raises 272 to 312 and is all-in
manip026 folds
_SKR collected 352 from pot
*** SUMMARY ***
Total pot 352 | No rake
Seat 1: _SKR (small blind) (button) won 352


Winamax Poker - Tournament "Expresso Nitro" buyIn: 0.93€ + 0.07€ level: 3 - HandId: #2717288880326836225-12-1676216048 - Holdem no limit (20/40) - 2023/02/12 15:34:08 UTC
Table: 'Expresso Nitro(632668119)#0' 3-max (real money) Seat #3 is the button
Seat 1: _SKR (352)
Seat 3: manip026 (548)
*** ANTE/BLINDS ***
manip026 posts small blind 20
_SKR posts big blind 40
Dealt to _SKR [Qs 9s]
*** PRE-FLOP *** 
manip026 raises 508 to 548 and is all-in
_SKR folds
manip026 collected 588 from pot
*** SUMMARY ***
Total pot 588 | No rake
Seat 3: manip026 (small blind) (button) won 588


Winamax Poker - Tournament "Expresso Nitro" buyIn: 0.93€ + 0.07€ level: 4 - HandId: #2717288880326836225-13-1676216053 - Holdem no limit (30/60) - 2023/02/12 15:34:13 UTC
Table: 'Expresso Nitro(632668119)#0' 3-max (real money) Seat #1 is the button
Seat 1: _SKR (312)
Seat 3: manip026 (588)
*** ANTE/BLINDS ***
_SKR posts small blind 30
manip026 posts big blind 60
Dealt to _SKR [5s 7d]
*** PRE-FLOP *** 
_SKR folds
manip026 collected 90 from pot
*** SUMMARY ***
Total pot 90 | No rake
Seat 3: manip026 (big blind) won 90


Winamax Poker - Tournament "Expresso Nitro" buyIn: 0.93€ + 0.07€ level: 4 - HandId: #2717288880326836225-14-1676216056 - Holdem no limit (30/60) - 2023/02/12 15:34:16 UTC
Table: 'Expresso Nitro(632668119)#0' 3-max (real money) Seat #3 is the button
Seat 1: _SKR (282)
Seat 3: manip026 (618)
*** ANTE/BLINDS ***
manip026 posts small blind 30
_SKR posts big blind 60
Dealt to _SKR [8c 4c]
*** PRE-FLOP *** 
manip026 folds
_SKR collected 90 from pot
*** SUMMARY ***
Total pot 90 | No rake
Seat 1: _SKR (big blind) won 90


Winamax Poker - Tournament "Expresso Nitro" buyIn: 0.93€ + 0.07€ level: 4 - HandId: #2717288880326836225-15-1676216060 - Holdem no limit (30/60) - 2023/02/12 15:34:20 UTC
Table: 'Expresso Nitro(632668119)#0' 3-max (real money) Seat #1 is the button
Seat 1: _SKR (312)
Seat 3: manip026 (588)
*** ANTE/BLINDS ***
_SKR posts small blind 30
manip026 posts big blind 60
Dealt to _SKR [Qh Ah]
*** PRE-FLOP *** 
_SKR raises 252 to 312 and is all-in
manip026 folds
_SKR collected 372 from pot
*** SUMMARY ***
Total pot 372 | No rake
Seat 1: _SKR (small blind) (button) won 372


Winamax Poker - Tournament "Expresso Nitro" buyIn: 0.93€ + 0.07€ level: 4 - HandId: #2717288880326836225-16-1676216065 - Holdem no limit (30/60) - 2023/02/12 15:34:25 UTC
Table: 'Expresso Nitro(632668119)#0' 3-max (real money) Seat #3 is the button
Seat 1: _SKR (372)
Seat 3: manip026 (528)
*** ANTE/BLINDS ***
manip026 posts small blind 30
_SKR posts big blind 60
Dealt to _SKR [Js 2s]
*** PRE-FLOP *** 
manip026 raises 120 to 180
_SKR folds
manip026 collected 240 from pot
*** SUMMARY ***
Total pot 240 | No rake
Seat 3: manip026 (small blind) (button) won 240


Winamax Poker - Tournament "Expresso Nitro" buyIn: 0.93€ + 0.07€ level: 4 - HandId: #2717288880326836225-17-1676216073 - Holdem no limit (30/60) - 2023/02/12 15:34:33 UTC
Table: 'Expresso Nitro(632668119)#0' 3-max (real money) Seat #1 is the button
Seat 1: _SKR (312)
Seat 3: manip026 (588)
*** ANTE/BLINDS ***
_SKR posts small blind 30
manip026 posts big blind 60
Dealt to _SKR [2c 6d]
*** PRE-FLOP *** 
_SKR folds
manip026 collected 90 from pot
*** SUMMARY ***
Total pot 90 | No rake
Seat 3: manip026 (big blind) won 90


Winamax Poker - Tournament "Expresso Nitro" buyIn: 0.93€ + 0.07€ level: 4 - HandId: #2717288880326836225-18-1676216076 - Holdem no limit (30/60) - 2023/02/12 15:34:36 UTC
Table: 'Expresso Nitro(632668119)#0' 3-max (real money) Seat #3 is the button
Seat 1: _SKR (282)
Seat 3: manip026 (618)
*** ANTE/BLINDS ***
manip026 posts small blind 30
_SKR posts big blind 60
Dealt to _SKR [Tc 3h]
*** PRE-FLOP *** 
manip026 raises 558 to 618 and is all-in
_SKR folds
manip026 collected 678 from pot
*** SUMMARY ***
Total pot 678 | No rake
Seat 3: manip026 (small blind) (button) won 678


Winamax Poker - Tournament "Expresso Nitro" buyIn: 0.93€ + 0.07€ level: 4 - HandId: #2717288880326836225-19-1676216082 - Holdem no limit (30/60) - 2023/02/12 15:34:42 UTC
Table: 'Expresso Nitro(632668119)#0' 3-max (real money) Seat #1 is the button
Seat 1: _SKR (222)
Seat 3: manip026 (678)
*** ANTE/BLINDS ***
_SKR posts small blind 30
manip026 posts big blind 60
Dealt to _SKR [Ts 7h]
*** PRE-FLOP *** 
_SKR raises 162 to 222 and is all-in
manip026 folds
_SKR collected 282 from pot
*** SUMMARY ***
Total pot 282 | No rake
Seat 1: _SKR (small blind) (button) won 282


Winamax Poker - Tournament "Expresso Nitro" buyIn: 0.93€ + 0.07€ level: 4 - HandId: #2717288880326836225-20-1676216089 - Holdem no limit (30/60) - 2023/02/12 15:34:49 UTC
Table: 'Expresso Nitro(632668119)#0' 3-max (real money) Seat #3 is the button
Seat 1: _SKR (282)
Seat 3: manip026 (618)
*** ANTE/BLINDS ***
manip026 posts small blind 30
_SKR posts big blind 60
Dealt to _SKR [4h Ks]
*** PRE-FLOP *** 
manip026 calls 30
_SKR raises 222 to 282 and is all-in
manip026 folds
_SKR collected 342 from pot
*** SUMMARY ***
Total pot 342 | No rake
Seat 1: _SKR (big blind) won 342


Winamax Poker - Tournament "Expresso Nitro" buyIn: 0.93€ + 0.07€ level: 4 - HandId: #2717288880326836225-21-1676216097 - Holdem no limit (30/60) - 2023/02/12 15:34:57 UTC
Table: 'Expresso Nitro(632668119)#0' 3-max (real money) Seat #1 is the button
Seat 1: _SKR (342)
Seat 3: manip026 (558)
*** ANTE/BLINDS ***
_SKR posts small blind 30
manip026 posts big blind 60
Dealt to _SKR [Jd 8h]
*** PRE-FLOP *** 
_SKR raises 282 to 342 and is all-in
manip026 folds
_SKR collected 402 from pot
*** SUMMARY ***
Total pot 402 | No rake
Seat 1: _SKR (small blind) (button) won 402


Winamax Poker - Tournament "Expresso Nitro" buyIn: 0.93€ + 0.07€ level: 4 - HandId: #2717288880326836225-22-1676216102 - Holdem no limit (30/60) - 2023/02/12 15:35:02 UTC
Table: 'Expresso Nitro(632668119)#0' 3-max (real money) Seat #3 is the button
Seat 1: _SKR (402)
Seat 3: manip026 (498)
*** ANTE/BLINDS ***
manip026 posts small blind 30
_SKR posts big blind 60
Dealt to _SKR [9s 6s]
*** PRE-FLOP *** 
manip026 folds
_SKR collected 90 from pot
*** SUMMARY ***
Total pot 90 | No rake
Seat 1: _SKR (big blind) won 90


Winamax Poker - Tournament "Expresso Nitro" buyIn: 0.93€ + 0.07€ level: 4 - HandId: #2717288880326836225-23-1676216106 - Holdem no limit (30/60) - 2023/02/12 15:35:06 UTC
Table: 'Expresso Nitro(632668119)#0' 3-max (real money) Seat #1 is the button
Seat 1: _SKR (432)
Seat 3: manip026 (468)
*** ANTE/BLINDS ***
_SKR posts small blind 30
manip026 posts big blind 60
Dealt to _SKR [8h Jc]
*** PRE-FLOP *** 
_SKR raises 372 to 432 and is all-in
manip026 folds
_SKR collected 492 from pot
*** SUMMARY ***
Total pot 492 | No rake
Seat 1: _SKR (small blind) (button) won 492


Winamax Poker - Tournament "Expresso Nitro" buyIn: 0.93€ + 0.07€ level: 4 - HandId: #2717288880326836225-24-1676216112 - Holdem no limit (30/60) - 2023/02/12 15:35:12 UTC
Table: 'Expresso Nitro(632668119)#0' 3-max (real money) Seat #3 is the button
Seat 1: _SKR (492)
Seat 3: manip026 (408)
*** ANTE/BLINDS ***
manip026 posts small blind 30
_SKR posts big blind 60
Dealt to _SKR [4c Ac]
*** PRE-FLOP *** 
manip026 raises 348 to 408 and is all-in
_SKR raises 84 to 492 and is all-in
*** FLOP *** [8h 6s 9c]
*** TURN *** [8h 6s 9c][Tc]
*** RIVER *** [8h 6s 9c Tc][Th]
*** SHOW DOWN ***
_SKR shows [4c Ac] (One pair : Tens)
manip026 shows [Qs Td] (Trips of Tens)
manip026 collected 816 from main pot
_SKR collected 84 from side pot 1
*** SUMMARY ***
Total pot 900 | No rake
Board: [8h 6s 9c Tc Th]
Seat 1: _SKR (big blind) showed [4c Ac] and won 84 with One pair : Tens
Seat 3: manip026 (small blind) (button) showed [Qs Td] and won 816 with Trips of Tens


Winamax Poker - Tournament "Expresso Nitro" buyIn: 0.93€ + 0.07€ level: 5 - HandId: #2717288880326836225-25-1676216122 - Holdem no limit (40/80) - 2023/02/12 15:35:22 UTC
Table: 'Expresso Nitro(632668119)#0' 3-max (real money) Seat #1 is the button
Seat 1: _SKR (84)
Seat 3: manip026 (816)
*** ANTE/BLINDS ***
_SKR posts small blind 40
manip026 posts big blind 80
Dealt to _SKR [7h As]
*** PRE-FLOP *** 
_SKR raises 4 to 84 and is all-in
manip026 calls 4
*** FLOP *** [3h Ks 3s]
*** TURN *** [3h Ks 3s][9h]
*** RIVER *** [3h Ks 3s 9h][Qc]
*** SHOW DOWN ***
_SKR shows [7h As] (One pair : 3)
manip026 shows [7c Qh] (Two pairs : Queens and 3)
manip026 collected 168 from pot
*** SUMMARY ***
Total pot 168 | No rake
Board: [3h Ks 3s 9h Qc]
Seat 1: _SKR (small blind) (button) showed [7h As] and lost with One pair : 3
Seat 3: manip026 (big blind) showed [7c Qh] and won 168 with Two pairs : Queens and 3


