Winamax Poker - Tournament "Expresso Nitro" buyIn: 0.93€ + 0.07€ level: 1 - HandId: #2718699094183772161-1-1676296081 - Holdem no limit (10/20) - 2023/02/13 13:48:01 UTC
Table: 'Expresso Nitro(632996460)#0' 3-max (real money) Seat #3 is the button
Seat 1: Jfw59 (300)
Seat 2: Kkomental (300)
Seat 3: _SKR (300)
*** ANTE/BLINDS ***
Jfw59 posts small blind 10
Kkomental posts big blind 20
Dealt to _SKR [6s 9h]
*** PRE-FLOP *** 
_SKR folds
Jfw59 calls 10
Kkomental raises 90 to 110
Jfw59 folds
Kkomental collected 130 from pot
*** SUMMARY ***
Total pot 130 | No rake
Seat 2: Kkomental (big blind) won 130


Winamax Poker - Tournament "Expresso Nitro" buyIn: 0.93€ + 0.07€ level: 1 - HandId: #2718699094183772161-2-1676296099 - Holdem no limit (10/20) - 2023/02/13 13:48:19 UTC
Table: 'Expresso Nitro(632996460)#0' 3-max (real money) Seat #1 is the button
Seat 1: Jfw59 (280)
Seat 2: Kkomental (320)
Seat 3: _SKR (300)
*** ANTE/BLINDS ***
Kkomental posts small blind 10
_SKR posts big blind 20
Dealt to _SKR [Jc Tc]
*** PRE-FLOP *** 
Jfw59 folds
Kkomental folds
_SKR collected 30 from pot
*** SUMMARY ***
Total pot 30 | No rake
Seat 3: _SKR (big blind) won 30


Winamax Poker - Tournament "Expresso Nitro" buyIn: 0.93€ + 0.07€ level: 1 - HandId: #2718699094183772161-3-1676296105 - Holdem no limit (10/20) - 2023/02/13 13:48:25 UTC
Table: 'Expresso Nitro(632996460)#0' 3-max (real money) Seat #2 is the button
Seat 1: Jfw59 (280)
Seat 2: Kkomental (310)
Seat 3: _SKR (310)
*** ANTE/BLINDS ***
_SKR posts small blind 10
Jfw59 posts big blind 20
Dealt to _SKR [4c Ts]
*** PRE-FLOP *** 
Kkomental folds
_SKR folds
Jfw59 collected 30 from pot
*** SUMMARY ***
Total pot 30 | No rake
Seat 1: Jfw59 (big blind) won 30


Winamax Poker - Tournament "Expresso Nitro" buyIn: 0.93€ + 0.07€ level: 1 - HandId: #2718699094183772161-4-1676296126 - Holdem no limit (10/20) - 2023/02/13 13:48:46 UTC
Table: 'Expresso Nitro(632996460)#0' 3-max (real money) Seat #3 is the button
Seat 1: Jfw59 (290)
Seat 2: Kkomental (310)
Seat 3: _SKR (300)
*** ANTE/BLINDS ***
Jfw59 posts small blind 10
Kkomental posts big blind 20
Dealt to _SKR [2s 8c]
*** PRE-FLOP *** 
_SKR folds
Jfw59 calls 10
Kkomental checks
*** FLOP *** [Ah Qh Kd]
Jfw59 checks
Kkomental checks
*** TURN *** [Ah Qh Kd][3d]
Jfw59 checks
Kkomental checks
*** RIVER *** [Ah Qh Kd 3d][8s]
Jfw59 checks
Kkomental checks
*** SHOW DOWN ***
Jfw59 shows [7s 6s] (High card : Ace)
Kkomental shows [Td 7d] (High card : Ace)
Kkomental collected 40 from pot
*** SUMMARY ***
Total pot 40 | No rake
Board: [Ah Qh Kd 3d 8s]
Seat 1: Jfw59 (small blind) showed [7s 6s] and lost with High card : Ace
Seat 2: Kkomental (big blind) showed [Td 7d] and won 40 with High card : Ace


Winamax Poker - Tournament "Expresso Nitro" buyIn: 0.93€ + 0.07€ level: 2 - HandId: #2718699094183772161-5-1676296149 - Holdem no limit (15/30) - 2023/02/13 13:49:09 UTC
Table: 'Expresso Nitro(632996460)#0' 3-max (real money) Seat #1 is the button
Seat 1: Jfw59 (270)
Seat 2: Kkomental (330)
Seat 3: _SKR (300)
*** ANTE/BLINDS ***
Kkomental posts small blind 15
_SKR posts big blind 30
Dealt to _SKR [3d Ts]
*** PRE-FLOP *** 
Jfw59 folds
Kkomental calls 15
_SKR checks
*** FLOP *** [6s Kd 2d]
Kkomental checks
_SKR checks
*** TURN *** [6s Kd 2d][2s]
Kkomental checks
_SKR checks
*** RIVER *** [6s Kd 2d 2s][8d]
Kkomental bets 60
_SKR folds
Kkomental collected 120 from pot
*** SUMMARY ***
Total pot 120 | No rake
Board: [6s Kd 2d 2s 8d]
Seat 2: Kkomental (small blind) won 120


Winamax Poker - Tournament "Expresso Nitro" buyIn: 0.93€ + 0.07€ level: 2 - HandId: #2718699094183772161-6-1676296185 - Holdem no limit (15/30) - 2023/02/13 13:49:45 UTC
Table: 'Expresso Nitro(632996460)#0' 3-max (real money) Seat #2 is the button
Seat 1: Jfw59 (270)
Seat 2: Kkomental (360)
Seat 3: _SKR (270)
*** ANTE/BLINDS ***
_SKR posts small blind 15
Jfw59 posts big blind 30
Dealt to _SKR [2h 4h]
*** PRE-FLOP *** 
Kkomental folds
_SKR folds
Jfw59 collected 45 from pot
*** SUMMARY ***
Total pot 45 | No rake
Seat 1: Jfw59 (big blind) won 45


Winamax Poker - Tournament "Expresso Nitro" buyIn: 0.93€ + 0.07€ level: 2 - HandId: #2718699094183772161-7-1676296190 - Holdem no limit (15/30) - 2023/02/13 13:49:50 UTC
Table: 'Expresso Nitro(632996460)#0' 3-max (real money) Seat #3 is the button
Seat 1: Jfw59 (285)
Seat 2: Kkomental (360)
Seat 3: _SKR (255)
*** ANTE/BLINDS ***
Jfw59 posts small blind 15
Kkomental posts big blind 30
Dealt to _SKR [6h Ac]
*** PRE-FLOP *** 
_SKR raises 225 to 255 and is all-in
Jfw59 folds
Kkomental folds
_SKR collected 300 from pot
*** SUMMARY ***
Total pot 300 | No rake
Seat 3: _SKR (button) won 300


Winamax Poker - Tournament "Expresso Nitro" buyIn: 0.93€ + 0.07€ level: 3 - HandId: #2718699094183772161-8-1676296203 - Holdem no limit (20/40) - 2023/02/13 13:50:03 UTC
Table: 'Expresso Nitro(632996460)#0' 3-max (real money) Seat #1 is the button
Seat 1: Jfw59 (270)
Seat 2: Kkomental (330)
Seat 3: _SKR (300)
*** ANTE/BLINDS ***
Kkomental posts small blind 20
_SKR posts big blind 40
Dealt to _SKR [5c 4d]
*** PRE-FLOP *** 
Jfw59 raises 230 to 270 and is all-in
Kkomental folds
_SKR folds
Jfw59 collected 330 from pot
*** SUMMARY ***
Total pot 330 | No rake
Seat 1: Jfw59 (button) won 330


Winamax Poker - Tournament "Expresso Nitro" buyIn: 0.93€ + 0.07€ level: 3 - HandId: #2718699094183772161-9-1676296212 - Holdem no limit (20/40) - 2023/02/13 13:50:12 UTC
Table: 'Expresso Nitro(632996460)#0' 3-max (real money) Seat #2 is the button
Seat 1: Jfw59 (330)
Seat 2: Kkomental (310)
Seat 3: _SKR (260)
*** ANTE/BLINDS ***
_SKR posts small blind 20
Jfw59 posts big blind 40
Dealt to _SKR [4c 3h]
*** PRE-FLOP *** 
Kkomental raises 100 to 140
_SKR folds
Jfw59 folds
Kkomental collected 200 from pot
*** SUMMARY ***
Total pot 200 | No rake
Seat 2: Kkomental (button) won 200


Winamax Poker - Tournament "Expresso Nitro" buyIn: 0.93€ + 0.07€ level: 3 - HandId: #2718699094183772161-10-1676296227 - Holdem no limit (20/40) - 2023/02/13 13:50:27 UTC
Table: 'Expresso Nitro(632996460)#0' 3-max (real money) Seat #3 is the button
Seat 1: Jfw59 (290)
Seat 2: Kkomental (370)
Seat 3: _SKR (240)
*** ANTE/BLINDS ***
Jfw59 posts small blind 20
Kkomental posts big blind 40
Dealt to _SKR [6h 2h]
*** PRE-FLOP *** 
_SKR folds
Jfw59 calls 20
Kkomental checks
*** FLOP *** [Ad Tc 6s]
Jfw59 bets 52
Kkomental folds
Jfw59 collected 132 from pot
*** SUMMARY ***
Total pot 132 | No rake
Board: [Ad Tc 6s]
Seat 1: Jfw59 (small blind) won 132


Winamax Poker - Tournament "Expresso Nitro" buyIn: 0.93€ + 0.07€ level: 3 - HandId: #2718699094183772161-11-1676296239 - Holdem no limit (20/40) - 2023/02/13 13:50:39 UTC
Table: 'Expresso Nitro(632996460)#0' 3-max (real money) Seat #1 is the button
Seat 1: Jfw59 (330)
Seat 2: Kkomental (330)
Seat 3: _SKR (240)
*** ANTE/BLINDS ***
Kkomental posts small blind 20
_SKR posts big blind 40
Dealt to _SKR [6d 3c]
*** PRE-FLOP *** 
Jfw59 folds
Kkomental raises 290 to 330 and is all-in
_SKR folds
Kkomental collected 370 from pot
*** SUMMARY ***
Total pot 370 | No rake
Seat 2: Kkomental (small blind) won 370


Winamax Poker - Tournament "Expresso Nitro" buyIn: 0.93€ + 0.07€ level: 3 - HandId: #2718699094183772161-12-1676296250 - Holdem no limit (20/40) - 2023/02/13 13:50:50 UTC
Table: 'Expresso Nitro(632996460)#0' 3-max (real money) Seat #2 is the button
Seat 1: Jfw59 (330)
Seat 2: Kkomental (370)
Seat 3: _SKR (200)
*** ANTE/BLINDS ***
_SKR posts small blind 20
Jfw59 posts big blind 40
Dealt to _SKR [Ts Js]
*** PRE-FLOP *** 
Kkomental folds
_SKR raises 160 to 200 and is all-in
Jfw59 folds
_SKR collected 240 from pot
*** SUMMARY ***
Total pot 240 | No rake
Seat 3: _SKR (small blind) won 240


Winamax Poker - Tournament "Expresso Nitro" buyIn: 0.93€ + 0.07€ level: 4 - HandId: #2718699094183772161-13-1676296257 - Holdem no limit (30/60) - 2023/02/13 13:50:57 UTC
Table: 'Expresso Nitro(632996460)#0' 3-max (real money) Seat #3 is the button
Seat 1: Jfw59 (290)
Seat 2: Kkomental (370)
Seat 3: _SKR (240)
*** ANTE/BLINDS ***
Jfw59 posts small blind 30
Kkomental posts big blind 60
Dealt to _SKR [Ah Ac]
*** PRE-FLOP *** 
_SKR raises 180 to 240 and is all-in
Jfw59 folds
Kkomental folds
_SKR collected 330 from pot
*** SUMMARY ***
Total pot 330 | No rake
Seat 3: _SKR (button) won 330


Winamax Poker - Tournament "Expresso Nitro" buyIn: 0.93€ + 0.07€ level: 4 - HandId: #2718699094183772161-14-1676296263 - Holdem no limit (30/60) - 2023/02/13 13:51:03 UTC
Table: 'Expresso Nitro(632996460)#0' 3-max (real money) Seat #1 is the button
Seat 1: Jfw59 (260)
Seat 2: Kkomental (310)
Seat 3: _SKR (330)
*** ANTE/BLINDS ***
Kkomental posts small blind 30
_SKR posts big blind 60
Dealt to _SKR [6c 5c]
*** PRE-FLOP *** 
Jfw59 folds
Kkomental raises 250 to 310 and is all-in
_SKR folds
Kkomental collected 370 from pot
*** SUMMARY ***
Total pot 370 | No rake
Seat 2: Kkomental (small blind) won 370


Winamax Poker - Tournament "Expresso Nitro" buyIn: 0.93€ + 0.07€ level: 4 - HandId: #2718699094183772161-15-1676296280 - Holdem no limit (30/60) - 2023/02/13 13:51:20 UTC
Table: 'Expresso Nitro(632996460)#0' 3-max (real money) Seat #2 is the button
Seat 1: Jfw59 (260)
Seat 2: Kkomental (370)
Seat 3: _SKR (270)
*** ANTE/BLINDS ***
_SKR posts small blind 30
Jfw59 posts big blind 60
Dealt to _SKR [Qd Tc]
*** PRE-FLOP *** 
Kkomental folds
_SKR raises 210 to 270 and is all-in
Jfw59 calls 200 and is all-in
*** FLOP *** [Th Kd 9s]
*** TURN *** [Th Kd 9s][Ah]
*** RIVER *** [Th Kd 9s Ah][7d]
*** SHOW DOWN ***
Jfw59 shows [Ad Ts] (Two pairs : Aces and Tens)
_SKR shows [Qd Tc] (One pair : Tens)
_SKR collected 10 from side pot 1
Jfw59 collected 520 from main pot
*** SUMMARY ***
Total pot 530 | No rake
Board: [Th Kd 9s Ah 7d]
Seat 1: Jfw59 (big blind) showed [Ad Ts] and won 520 with Two pairs : Aces and Tens
Seat 3: _SKR (small blind) showed [Qd Tc] and won 10 with One pair : Tens


Winamax Poker - Tournament "Expresso Nitro" buyIn: 0.93€ + 0.07€ level: 4 - HandId: #2718699094183772161-16-1676296295 - Holdem no limit (30/60) - 2023/02/13 13:51:35 UTC
Table: 'Expresso Nitro(632996460)#0' 3-max (real money) Seat #3 is the button
Seat 1: Jfw59 (520)
Seat 2: Kkomental (370)
Seat 3: _SKR (10)
*** ANTE/BLINDS ***
Jfw59 posts small blind 30
Kkomental posts big blind 60
Dealt to _SKR [2d Ad]
*** PRE-FLOP *** 
_SKR calls 10 and is all-in
Jfw59 calls 30
Kkomental checks
*** FLOP *** [5c 4s 2s]
Jfw59 bets 60
Kkomental raises 60 to 120
Jfw59 calls 60
*** TURN *** [5c 4s 2s][6d]
Jfw59 checks
Kkomental bets 190 and is all-in
Jfw59 folds
*** RIVER *** [5c 4s 2s 6d][9h]
*** SHOW DOWN ***
_SKR shows [2d Ad] (One pair : 2)
Kkomental shows [3c 6h] (Straight 6 high)
Kkomental collected 560 from pot
*** SUMMARY ***
Total pot 560 | No rake
Board: [5c 4s 2s 6d 9h]
Seat 2: Kkomental (big blind) showed [3c 6h] and won 560 with Straight 6 high
Seat 3: _SKR (button) showed [2d Ad] and lost with One pair : 2


