Winamax Poker - Tournament "Expresso Nitro" buyIn: 0.93€ + 0.07€ level: 1 - HandId: #2718613044513996801-1-1676291702 - Holdem no limit (10/20) - 2023/02/13 12:35:02 UTC
Table: 'Expresso Nitro(632976425)#0' 3-max (real money) Seat #1 is the button
Seat 1: Ducheese (300)
Seat 2: 1crevable (300)
Seat 3: _SKR (300)
*** ANTE/BLINDS ***
1crevable posts small blind 10
_SKR posts big blind 20
Dealt to _SKR [Kc Th]
*** PRE-FLOP *** 
Ducheese raises 20 to 40
1crevable calls 30
_SKR calls 20
*** FLOP *** [6h Jd 3d]
1crevable checks
_SKR checks
Ducheese bets 42
1crevable folds
_SKR folds
Ducheese collected 162 from pot
*** SUMMARY ***
Total pot 162 | No rake
Board: [6h Jd 3d]
Seat 1: Ducheese (button) won 162


Winamax Poker - Tournament "Expresso Nitro" buyIn: 0.93€ + 0.07€ level: 1 - HandId: #2718613044513996801-2-1676291744 - Holdem no limit (10/20) - 2023/02/13 12:35:44 UTC
Table: 'Expresso Nitro(632976425)#0' 3-max (real money) Seat #2 is the button
Seat 1: Ducheese (380)
Seat 2: 1crevable (260)
Seat 3: _SKR (260)
*** ANTE/BLINDS ***
_SKR posts small blind 10
Ducheese posts big blind 20
Dealt to _SKR [6d 6c]
*** PRE-FLOP *** 
1crevable folds
_SKR raises 240 to 260 and is all-in
Ducheese folds
_SKR collected 280 from pot
*** SUMMARY ***
Total pot 280 | No rake
Seat 3: _SKR (small blind) won 280


Winamax Poker - Tournament "Expresso Nitro" buyIn: 0.93€ + 0.07€ level: 1 - HandId: #2718613044513996801-3-1676291756 - Holdem no limit (10/20) - 2023/02/13 12:35:56 UTC
Table: 'Expresso Nitro(632976425)#0' 3-max (real money) Seat #3 is the button
Seat 1: Ducheese (360)
Seat 2: 1crevable (260)
Seat 3: _SKR (280)
*** ANTE/BLINDS ***
Ducheese posts small blind 10
1crevable posts big blind 20
Dealt to _SKR [6c 6s]
*** PRE-FLOP *** 
_SKR raises 260 to 280 and is all-in
Ducheese folds
1crevable folds
_SKR collected 310 from pot
*** SUMMARY ***
Total pot 310 | No rake
Seat 3: _SKR (button) won 310


Winamax Poker - Tournament "Expresso Nitro" buyIn: 0.93€ + 0.07€ level: 2 - HandId: #2718613044513996801-4-1676291766 - Holdem no limit (15/30) - 2023/02/13 12:36:06 UTC
Table: 'Expresso Nitro(632976425)#0' 3-max (real money) Seat #1 is the button
Seat 1: Ducheese (350)
Seat 2: 1crevable (240)
Seat 3: _SKR (310)
*** ANTE/BLINDS ***
1crevable posts small blind 15
_SKR posts big blind 30
Dealt to _SKR [6h Tc]
*** PRE-FLOP *** 
Ducheese raises 30 to 60
1crevable folds
_SKR folds
Ducheese collected 105 from pot
*** SUMMARY ***
Total pot 105 | No rake
Seat 1: Ducheese (button) won 105


Winamax Poker - Tournament "Expresso Nitro" buyIn: 0.93€ + 0.07€ level: 2 - HandId: #2718613044513996801-5-1676291780 - Holdem no limit (15/30) - 2023/02/13 12:36:20 UTC
Table: 'Expresso Nitro(632976425)#0' 3-max (real money) Seat #2 is the button
Seat 1: Ducheese (395)
Seat 2: 1crevable (225)
Seat 3: _SKR (280)
*** ANTE/BLINDS ***
_SKR posts small blind 15
Ducheese posts big blind 30
Dealt to _SKR [6h Qd]
*** PRE-FLOP *** 
1crevable folds
_SKR raises 250 to 280 and is all-in
Ducheese folds
_SKR collected 310 from pot
*** SUMMARY ***
Total pot 310 | No rake
Seat 3: _SKR (small blind) won 310


Winamax Poker - Tournament "Expresso Nitro" buyIn: 0.93€ + 0.07€ level: 2 - HandId: #2718613044513996801-6-1676291790 - Holdem no limit (15/30) - 2023/02/13 12:36:30 UTC
Table: 'Expresso Nitro(632976425)#0' 3-max (real money) Seat #3 is the button
Seat 1: Ducheese (365)
Seat 2: 1crevable (225)
Seat 3: _SKR (310)
*** ANTE/BLINDS ***
Ducheese posts small blind 15
1crevable posts big blind 30
Dealt to _SKR [2c 9d]
*** PRE-FLOP *** 
_SKR folds
Ducheese raises 335 to 365 and is all-in
1crevable folds
Ducheese collected 395 from pot
*** SUMMARY ***
Total pot 395 | No rake
Seat 1: Ducheese (small blind) won 395


Winamax Poker - Tournament "Expresso Nitro" buyIn: 0.93€ + 0.07€ level: 2 - HandId: #2718613044513996801-7-1676291801 - Holdem no limit (15/30) - 2023/02/13 12:36:41 UTC
Table: 'Expresso Nitro(632976425)#0' 3-max (real money) Seat #1 is the button
Seat 1: Ducheese (395)
Seat 2: 1crevable (195)
Seat 3: _SKR (310)
*** ANTE/BLINDS ***
1crevable posts small blind 15
_SKR posts big blind 30
Dealt to _SKR [Jd Ks]
*** PRE-FLOP *** 
Ducheese folds
1crevable raises 30 to 60
_SKR calls 30
*** FLOP *** [As Qs 7c]
1crevable checks
_SKR checks
*** TURN *** [As Qs 7c][4c]
1crevable bets 45
_SKR calls 45
*** RIVER *** [As Qs 7c 4c][9h]
1crevable checks
_SKR checks
*** SHOW DOWN ***
1crevable shows [Kd 2c] (High card : Ace)
_SKR shows [Jd Ks] (High card : Ace)
_SKR collected 210 from pot
*** SUMMARY ***
Total pot 210 | No rake
Board: [As Qs 7c 4c 9h]
Seat 2: 1crevable (small blind) showed [Kd 2c] and lost with High card : Ace
Seat 3: _SKR (big blind) showed [Jd Ks] and won 210 with High card : Ace


Winamax Poker - Tournament "Expresso Nitro" buyIn: 0.93€ + 0.07€ level: 3 - HandId: #2718613044513996801-8-1676291830 - Holdem no limit (20/40) - 2023/02/13 12:37:10 UTC
Table: 'Expresso Nitro(632976425)#0' 3-max (real money) Seat #2 is the button
Seat 1: Ducheese (395)
Seat 2: 1crevable (90)
Seat 3: _SKR (415)
*** ANTE/BLINDS ***
_SKR posts small blind 20
Ducheese posts big blind 40
Dealt to _SKR [Kc Ad]
*** PRE-FLOP *** 
1crevable folds
_SKR raises 375 to 415 and is all-in
Ducheese folds
_SKR collected 455 from pot
*** SUMMARY ***
Total pot 455 | No rake
Seat 3: _SKR (small blind) won 455


Winamax Poker - Tournament "Expresso Nitro" buyIn: 0.93€ + 0.07€ level: 3 - HandId: #2718613044513996801-9-1676291842 - Holdem no limit (20/40) - 2023/02/13 12:37:22 UTC
Table: 'Expresso Nitro(632976425)#0' 3-max (real money) Seat #3 is the button
Seat 1: Ducheese (355)
Seat 2: 1crevable (90)
Seat 3: _SKR (455)
*** ANTE/BLINDS ***
Ducheese posts small blind 20
1crevable posts big blind 40
Dealt to _SKR [8s 7s]
*** PRE-FLOP *** 
_SKR folds
Ducheese folds
1crevable collected 60 from pot
*** SUMMARY ***
Total pot 60 | No rake
Seat 2: 1crevable (big blind) won 60


Winamax Poker - Tournament "Expresso Nitro" buyIn: 0.93€ + 0.07€ level: 3 - HandId: #2718613044513996801-10-1676291853 - Holdem no limit (20/40) - 2023/02/13 12:37:33 UTC
Table: 'Expresso Nitro(632976425)#0' 3-max (real money) Seat #1 is the button
Seat 1: Ducheese (335)
Seat 2: 1crevable (110)
Seat 3: _SKR (455)
*** ANTE/BLINDS ***
1crevable posts small blind 20
_SKR posts big blind 40
Dealt to _SKR [As Kd]
*** PRE-FLOP *** 
Ducheese folds
1crevable folds
_SKR collected 60 from pot
*** SUMMARY ***
Total pot 60 | No rake
Seat 3: _SKR (big blind) won 60


Winamax Poker - Tournament "Expresso Nitro" buyIn: 0.93€ + 0.07€ level: 3 - HandId: #2718613044513996801-11-1676291865 - Holdem no limit (20/40) - 2023/02/13 12:37:45 UTC
Table: 'Expresso Nitro(632976425)#0' 3-max (real money) Seat #2 is the button
Seat 1: Ducheese (335)
Seat 2: 1crevable (90)
Seat 3: _SKR (475)
*** ANTE/BLINDS ***
_SKR posts small blind 20
Ducheese posts big blind 40
Dealt to _SKR [4c 5h]
*** PRE-FLOP *** 
1crevable folds
_SKR folds
Ducheese collected 60 from pot
*** SUMMARY ***
Total pot 60 | No rake
Seat 1: Ducheese (big blind) won 60


Winamax Poker - Tournament "Expresso Nitro" buyIn: 0.93€ + 0.07€ level: 3 - HandId: #2718613044513996801-12-1676291877 - Holdem no limit (20/40) - 2023/02/13 12:37:57 UTC
Table: 'Expresso Nitro(632976425)#0' 3-max (real money) Seat #3 is the button
Seat 1: Ducheese (355)
Seat 2: 1crevable (90)
Seat 3: _SKR (455)
*** ANTE/BLINDS ***
Ducheese posts small blind 20
1crevable posts big blind 40
Dealt to _SKR [Kd 6h]
*** PRE-FLOP *** 
_SKR folds
Ducheese raises 315 to 355 and is all-in
1crevable calls 50 and is all-in
*** FLOP *** [5d 4h 3c]
*** TURN *** [5d 4h 3c][5h]
*** RIVER *** [5d 4h 3c 5h][3d]
*** SHOW DOWN ***
1crevable shows [Qs 6s] (Two pairs : 5 and 3)
Ducheese shows [Kh 2s] (Two pairs : 5 and 3)
Ducheese collected 445 from pot
*** SUMMARY ***
Total pot 445 | No rake
Board: [5d 4h 3c 5h 3d]
Seat 1: Ducheese (small blind) showed [Kh 2s] and won 445 with Two pairs : 5 and 3
Seat 2: 1crevable (big blind) showed [Qs 6s] and lost with Two pairs : 5 and 3


Winamax Poker - Tournament "Expresso Nitro" buyIn: 0.93€ + 0.07€ level: 4 - HandId: #2718613044513996801-13-1676291896 - Holdem no limit (30/60) - 2023/02/13 12:38:16 UTC
Table: 'Expresso Nitro(632976425)#0' 3-max (real money) Seat #3 is the button
Seat 1: Ducheese (445)
Seat 3: _SKR (455)
*** ANTE/BLINDS ***
_SKR posts small blind 30
Ducheese posts big blind 60
Dealt to _SKR [3s 2h]
*** PRE-FLOP *** 
_SKR folds
Ducheese collected 90 from pot
*** SUMMARY ***
Total pot 90 | No rake
Seat 1: Ducheese (big blind) won 90


Winamax Poker - Tournament "Expresso Nitro" buyIn: 0.93€ + 0.07€ level: 4 - HandId: #2718613044513996801-14-1676291900 - Holdem no limit (30/60) - 2023/02/13 12:38:20 UTC
Table: 'Expresso Nitro(632976425)#0' 3-max (real money) Seat #1 is the button
Seat 1: Ducheese (475)
Seat 3: _SKR (425)
*** ANTE/BLINDS ***
Ducheese posts small blind 30
_SKR posts big blind 60
Dealt to _SKR [6d As]
*** PRE-FLOP *** 
Ducheese calls 30
_SKR raises 365 to 425 and is all-in
Ducheese calls 365
*** FLOP *** [Kd 9s Kc]
*** TURN *** [Kd 9s Kc][7c]
*** RIVER *** [Kd 9s Kc 7c][4d]
*** SHOW DOWN ***
_SKR shows [6d As] (One pair : Kings)
Ducheese shows [Qd Kh] (Trips of Kings)
Ducheese collected 850 from pot
*** SUMMARY ***
Total pot 850 | No rake
Board: [Kd 9s Kc 7c 4d]
Seat 1: Ducheese (small blind) (button) showed [Qd Kh] and won 850 with Trips of Kings
Seat 3: _SKR (big blind) showed [6d As] and lost with One pair : Kings


