Winamax Poker - Tournament "Expresso Nitro" buyIn: 0.93€ + 0.07€ level: 1 - HandId: #2717277026217099265-1-1676215309 - Holdem no limit (10/20) - 2023/02/12 15:21:49 UTC
Table: 'Expresso Nitro(632665359)#0' 3-max (real money) Seat #3 is the button
Seat 1: Khachatryan6 (300)
Seat 2: Cal1m3ro (300)
Seat 3: _SKR (300)
*** ANTE/BLINDS ***
Khachatryan6 posts small blind 10
Cal1m3ro posts big blind 20
Dealt to _SKR [Qs Ac]
*** PRE-FLOP *** 
_SKR raises 20 to 40
Khachatryan6 calls 30
Cal1m3ro folds
*** FLOP *** [Ts Js 4d]
Khachatryan6 checks
_SKR checks
*** TURN *** [Ts Js 4d][3d]
Khachatryan6 checks
_SKR checks
*** RIVER *** [Ts Js 4d 3d][Qh]
Khachatryan6 bets 20
_SKR raises 36 to 56
Khachatryan6 calls 36
*** SHOW DOWN ***
Khachatryan6 shows [Ks Qc] (One pair : Queens)
_SKR shows [Qs Ac] (One pair : Queens)
_SKR collected 212 from pot
*** SUMMARY ***
Total pot 212 | No rake
Board: [Ts Js 4d 3d Qh]
Seat 1: Khachatryan6 (small blind) showed [Ks Qc] and lost with One pair : Queens
Seat 3: _SKR (button) showed [Qs Ac] and won 212 with One pair : Queens


Winamax Poker - Tournament "Expresso Nitro" buyIn: 0.93€ + 0.07€ level: 1 - HandId: #2717277026217099265-2-1676215357 - Holdem no limit (10/20) - 2023/02/12 15:22:37 UTC
Table: 'Expresso Nitro(632665359)#0' 3-max (real money) Seat #1 is the button
Seat 1: Khachatryan6 (204)
Seat 2: Cal1m3ro (280)
Seat 3: _SKR (416)
*** ANTE/BLINDS ***
Cal1m3ro posts small blind 10
_SKR posts big blind 20
Dealt to _SKR [Ts Kh]
*** PRE-FLOP *** 
Khachatryan6 raises 184 to 204 and is all-in
Cal1m3ro folds
_SKR folds
Khachatryan6 collected 234 from pot
*** SUMMARY ***
Total pot 234 | No rake
Seat 1: Khachatryan6 (button) won 234


Winamax Poker - Tournament "Expresso Nitro" buyIn: 0.93€ + 0.07€ level: 2 - HandId: #2717277026217099265-3-1676215371 - Holdem no limit (15/30) - 2023/02/12 15:22:51 UTC
Table: 'Expresso Nitro(632665359)#0' 3-max (real money) Seat #2 is the button
Seat 1: Khachatryan6 (234)
Seat 2: Cal1m3ro (270)
Seat 3: _SKR (396)
*** ANTE/BLINDS ***
_SKR posts small blind 15
Khachatryan6 posts big blind 30
Dealt to _SKR [2c 4h]
*** PRE-FLOP *** 
Cal1m3ro raises 240 to 270 and is all-in
_SKR folds
Khachatryan6 folds
Cal1m3ro collected 315 from pot
*** SUMMARY ***
Total pot 315 | No rake
Seat 2: Cal1m3ro (button) won 315


Winamax Poker - Tournament "Expresso Nitro" buyIn: 0.93€ + 0.07€ level: 2 - HandId: #2717277026217099265-4-1676215391 - Holdem no limit (15/30) - 2023/02/12 15:23:11 UTC
Table: 'Expresso Nitro(632665359)#0' 3-max (real money) Seat #3 is the button
Seat 1: Khachatryan6 (204)
Seat 2: Cal1m3ro (315)
Seat 3: _SKR (381)
*** ANTE/BLINDS ***
Khachatryan6 posts small blind 15
Cal1m3ro posts big blind 30
Dealt to _SKR [Ah 5d]
*** PRE-FLOP *** 
_SKR raises 351 to 381 and is all-in
Khachatryan6 calls 189 and is all-in
Cal1m3ro folds
*** FLOP *** [Jd 9c 3c]
*** TURN *** [Jd 9c 3c][Ac]
*** RIVER *** [Jd 9c 3c Ac][7s]
*** SHOW DOWN ***
Khachatryan6 shows [6d Kd] (High card : Ace)
_SKR shows [Ah 5d] (One pair : Aces)
_SKR collected 615 from pot
*** SUMMARY ***
Total pot 615 | No rake
Board: [Jd 9c 3c Ac 7s]
Seat 1: Khachatryan6 (small blind) showed [6d Kd] and lost with High card : Ace
Seat 3: _SKR (button) showed [Ah 5d] and won 615 with One pair : Aces


Winamax Poker - Tournament "Expresso Nitro" buyIn: 0.93€ + 0.07€ level: 2 - HandId: #2717277026217099265-5-1676215409 - Holdem no limit (15/30) - 2023/02/12 15:23:29 UTC
Table: 'Expresso Nitro(632665359)#0' 3-max (real money) Seat #2 is the button
Seat 2: Cal1m3ro (285)
Seat 3: _SKR (615)
*** ANTE/BLINDS ***
Cal1m3ro posts small blind 15
_SKR posts big blind 30
Dealt to _SKR [5c 7s]
*** PRE-FLOP *** 
Cal1m3ro raises 255 to 285 and is all-in
_SKR folds
Cal1m3ro collected 315 from pot
*** SUMMARY ***
Total pot 315 | No rake
Seat 2: Cal1m3ro (small blind) (button) won 315


Winamax Poker - Tournament "Expresso Nitro" buyIn: 0.93€ + 0.07€ level: 3 - HandId: #2717277026217099265-6-1676215426 - Holdem no limit (20/40) - 2023/02/12 15:23:46 UTC
Table: 'Expresso Nitro(632665359)#0' 3-max (real money) Seat #3 is the button
Seat 2: Cal1m3ro (315)
Seat 3: _SKR (585)
*** ANTE/BLINDS ***
_SKR posts small blind 20
Cal1m3ro posts big blind 40
Dealt to _SKR [6c Qc]
*** PRE-FLOP *** 
_SKR raises 545 to 585 and is all-in
Cal1m3ro folds
_SKR collected 625 from pot
*** SUMMARY ***
Total pot 625 | No rake
Seat 3: _SKR (small blind) (button) won 625


Winamax Poker - Tournament "Expresso Nitro" buyIn: 0.93€ + 0.07€ level: 3 - HandId: #2717277026217099265-7-1676215433 - Holdem no limit (20/40) - 2023/02/12 15:23:53 UTC
Table: 'Expresso Nitro(632665359)#0' 3-max (real money) Seat #2 is the button
Seat 2: Cal1m3ro (275)
Seat 3: _SKR (625)
*** ANTE/BLINDS ***
Cal1m3ro posts small blind 20
_SKR posts big blind 40
Dealt to _SKR [6s 8c]
*** PRE-FLOP *** 
Cal1m3ro raises 235 to 275 and is all-in
_SKR folds
Cal1m3ro collected 315 from pot
*** SUMMARY ***
Total pot 315 | No rake
Seat 2: Cal1m3ro (small blind) (button) won 315


Winamax Poker - Tournament "Expresso Nitro" buyIn: 0.93€ + 0.07€ level: 3 - HandId: #2717277026217099265-8-1676215448 - Holdem no limit (20/40) - 2023/02/12 15:24:08 UTC
Table: 'Expresso Nitro(632665359)#0' 3-max (real money) Seat #3 is the button
Seat 2: Cal1m3ro (315)
Seat 3: _SKR (585)
*** ANTE/BLINDS ***
_SKR posts small blind 20
Cal1m3ro posts big blind 40
Dealt to _SKR [8h As]
*** PRE-FLOP *** 
_SKR raises 545 to 585 and is all-in
Cal1m3ro folds
_SKR collected 625 from pot
*** SUMMARY ***
Total pot 625 | No rake
Seat 3: _SKR (small blind) (button) won 625


Winamax Poker - Tournament "Expresso Nitro" buyIn: 0.93€ + 0.07€ level: 3 - HandId: #2717277026217099265-9-1676215456 - Holdem no limit (20/40) - 2023/02/12 15:24:16 UTC
Table: 'Expresso Nitro(632665359)#0' 3-max (real money) Seat #2 is the button
Seat 2: Cal1m3ro (275)
Seat 3: _SKR (625)
*** ANTE/BLINDS ***
Cal1m3ro posts small blind 20
_SKR posts big blind 40
Dealt to _SKR [5c Kh]
*** PRE-FLOP *** 
Cal1m3ro raises 235 to 275 and is all-in
_SKR folds
Cal1m3ro collected 315 from pot
*** SUMMARY ***
Total pot 315 | No rake
Seat 2: Cal1m3ro (small blind) (button) won 315


Winamax Poker - Tournament "Expresso Nitro" buyIn: 0.93€ + 0.07€ level: 3 - HandId: #2717277026217099265-10-1676215464 - Holdem no limit (20/40) - 2023/02/12 15:24:24 UTC
Table: 'Expresso Nitro(632665359)#0' 3-max (real money) Seat #3 is the button
Seat 2: Cal1m3ro (315)
Seat 3: _SKR (585)
*** ANTE/BLINDS ***
_SKR posts small blind 20
Cal1m3ro posts big blind 40
Dealt to _SKR [Ks 3s]
*** PRE-FLOP *** 
_SKR raises 545 to 585 and is all-in
Cal1m3ro folds
_SKR collected 625 from pot
*** SUMMARY ***
Total pot 625 | No rake
Seat 3: _SKR (small blind) (button) won 625


Winamax Poker - Tournament "Expresso Nitro" buyIn: 0.93€ + 0.07€ level: 3 - HandId: #2717277026217099265-11-1676215475 - Holdem no limit (20/40) - 2023/02/12 15:24:35 UTC
Table: 'Expresso Nitro(632665359)#0' 3-max (real money) Seat #2 is the button
Seat 2: Cal1m3ro (275)
Seat 3: _SKR (625)
*** ANTE/BLINDS ***
Cal1m3ro posts small blind 20
_SKR posts big blind 40
Dealt to _SKR [2s Jh]
*** PRE-FLOP *** 
Cal1m3ro folds
_SKR collected 60 from pot
*** SUMMARY ***
Total pot 60 | No rake
Seat 3: _SKR (big blind) won 60


Winamax Poker - Tournament "Expresso Nitro" buyIn: 0.93€ + 0.07€ level: 3 - HandId: #2717277026217099265-12-1676215480 - Holdem no limit (20/40) - 2023/02/12 15:24:40 UTC
Table: 'Expresso Nitro(632665359)#0' 3-max (real money) Seat #3 is the button
Seat 2: Cal1m3ro (255)
Seat 3: _SKR (645)
*** ANTE/BLINDS ***
_SKR posts small blind 20
Cal1m3ro posts big blind 40
Dealt to _SKR [9d Qd]
*** PRE-FLOP *** 
_SKR raises 605 to 645 and is all-in
Cal1m3ro folds
_SKR collected 685 from pot
*** SUMMARY ***
Total pot 685 | No rake
Seat 3: _SKR (small blind) (button) won 685


Winamax Poker - Tournament "Expresso Nitro" buyIn: 0.93€ + 0.07€ level: 4 - HandId: #2717277026217099265-13-1676215492 - Holdem no limit (30/60) - 2023/02/12 15:24:52 UTC
Table: 'Expresso Nitro(632665359)#0' 3-max (real money) Seat #2 is the button
Seat 2: Cal1m3ro (215)
Seat 3: _SKR (685)
*** ANTE/BLINDS ***
Cal1m3ro posts small blind 30
_SKR posts big blind 60
Dealt to _SKR [8h 9s]
*** PRE-FLOP *** 
Cal1m3ro raises 155 to 215 and is all-in
_SKR folds
Cal1m3ro collected 275 from pot
*** SUMMARY ***
Total pot 275 | No rake
Seat 2: Cal1m3ro (small blind) (button) won 275


Winamax Poker - Tournament "Expresso Nitro" buyIn: 0.93€ + 0.07€ level: 4 - HandId: #2717277026217099265-14-1676215502 - Holdem no limit (30/60) - 2023/02/12 15:25:02 UTC
Table: 'Expresso Nitro(632665359)#0' 3-max (real money) Seat #3 is the button
Seat 2: Cal1m3ro (275)
Seat 3: _SKR (625)
*** ANTE/BLINDS ***
_SKR posts small blind 30
Cal1m3ro posts big blind 60
Dealt to _SKR [9h 2d]
*** PRE-FLOP *** 
_SKR folds
Cal1m3ro collected 90 from pot
*** SUMMARY ***
Total pot 90 | No rake
Seat 2: Cal1m3ro (big blind) won 90


Winamax Poker - Tournament "Expresso Nitro" buyIn: 0.93€ + 0.07€ level: 4 - HandId: #2717277026217099265-15-1676215506 - Holdem no limit (30/60) - 2023/02/12 15:25:06 UTC
Table: 'Expresso Nitro(632665359)#0' 3-max (real money) Seat #2 is the button
Seat 2: Cal1m3ro (305)
Seat 3: _SKR (595)
*** ANTE/BLINDS ***
Cal1m3ro posts small blind 30
_SKR posts big blind 60
Dealt to _SKR [2h As]
*** PRE-FLOP *** 
Cal1m3ro raises 245 to 305 and is all-in
_SKR calls 245
*** FLOP *** [8d Qc 5s]
*** TURN *** [8d Qc 5s][Ks]
*** RIVER *** [8d Qc 5s Ks][Ah]
*** SHOW DOWN ***
Cal1m3ro shows [9h 8c] (One pair : 8)
_SKR shows [2h As] (One pair : Aces)
_SKR collected 610 from pot
*** SUMMARY ***
Total pot 610 | No rake
Board: [8d Qc 5s Ks Ah]
Seat 2: Cal1m3ro (small blind) (button) showed [9h 8c] and lost with One pair : 8
Seat 3: _SKR (big blind) showed [2h As] and won 610 with One pair : Aces


