Winamax Poker - Tournament "Expresso Nitro" buyIn: 0.93€ + 0.07€ level: 1 - HandId: #2717621246371037185-1-1676229196 - Holdem no limit (10/20) - 2023/02/12 19:13:16 UTC
Table: 'Expresso Nitro(632745504)#0' 3-max (real money) Seat #1 is the button
Seat 1: _SKR (300)
Seat 2: Bestdavid (300)
Seat 3: Comorac (300)
*** ANTE/BLINDS ***
Bestdavid posts small blind 10
Comorac posts big blind 20
Dealt to _SKR [6d 4d]
*** PRE-FLOP *** 
_SKR folds
Bestdavid calls 10
Comorac checks
*** FLOP *** [As 4s Kd]
Bestdavid checks
Comorac checks
*** TURN *** [As 4s Kd][8d]
Bestdavid checks
Comorac checks
*** RIVER *** [As 4s Kd 8d][Jd]
Bestdavid checks
Comorac bets 40
Bestdavid folds
Comorac collected 80 from pot
*** SUMMARY ***
Total pot 80 | No rake
Board: [As 4s Kd 8d Jd]
Seat 3: Comorac (big blind) won 80


Winamax Poker - Tournament "Expresso Nitro" buyIn: 0.93€ + 0.07€ level: 1 - HandId: #2717621246371037185-2-1676229215 - Holdem no limit (10/20) - 2023/02/12 19:13:35 UTC
Table: 'Expresso Nitro(632745504)#0' 3-max (real money) Seat #2 is the button
Seat 1: _SKR (300)
Seat 2: Bestdavid (280)
Seat 3: Comorac (320)
*** ANTE/BLINDS ***
Comorac posts small blind 10
_SKR posts big blind 20
Dealt to _SKR [Ts 4s]
*** PRE-FLOP *** 
Bestdavid calls 20
Comorac raises 60 to 80
_SKR folds
Bestdavid folds
Comorac collected 120 from pot
*** SUMMARY ***
Total pot 120 | No rake
Seat 3: Comorac (small blind) won 120


Winamax Poker - Tournament "Expresso Nitro" buyIn: 0.93€ + 0.07€ level: 1 - HandId: #2717621246371037185-3-1676229230 - Holdem no limit (10/20) - 2023/02/12 19:13:50 UTC
Table: 'Expresso Nitro(632745504)#0' 3-max (real money) Seat #3 is the button
Seat 1: _SKR (280)
Seat 2: Bestdavid (260)
Seat 3: Comorac (360)
*** ANTE/BLINDS ***
_SKR posts small blind 10
Bestdavid posts big blind 20
Dealt to _SKR [6d Jh]
*** PRE-FLOP *** 
Comorac raises 20 to 40
_SKR folds
Bestdavid calls 20
*** FLOP *** [7h 6c Kd]
Bestdavid checks
Comorac checks
*** TURN *** [7h 6c Kd][Kc]
Bestdavid checks
Comorac bets 20
Bestdavid calls 20
*** RIVER *** [7h 6c Kd Kc][8c]
Bestdavid checks
Comorac bets 130
Bestdavid folds
Comorac collected 260 from pot
*** SUMMARY ***
Total pot 260 | No rake
Board: [7h 6c Kd Kc 8c]
Seat 3: Comorac (button) won 260


Winamax Poker - Tournament "Expresso Nitro" buyIn: 0.93€ + 0.07€ level: 2 - HandId: #2717621246371037185-4-1676229253 - Holdem no limit (15/30) - 2023/02/12 19:14:13 UTC
Table: 'Expresso Nitro(632745504)#0' 3-max (real money) Seat #1 is the button
Seat 1: _SKR (270)
Seat 2: Bestdavid (200)
Seat 3: Comorac (430)
*** ANTE/BLINDS ***
Bestdavid posts small blind 15
Comorac posts big blind 30
Dealt to _SKR [6c Th]
*** PRE-FLOP *** 
_SKR folds
Bestdavid calls 15
Comorac checks
*** FLOP *** [Ad 4d 2h]
Bestdavid checks
Comorac checks
*** TURN *** [Ad 4d 2h][6s]
Bestdavid checks
Comorac checks
*** RIVER *** [Ad 4d 2h 6s][7c]
Bestdavid bets 39
Comorac folds
Bestdavid collected 99 from pot
*** SUMMARY ***
Total pot 99 | No rake
Board: [Ad 4d 2h 6s 7c]
Seat 2: Bestdavid (small blind) won 99


Winamax Poker - Tournament "Expresso Nitro" buyIn: 0.93€ + 0.07€ level: 2 - HandId: #2717621246371037185-5-1676229272 - Holdem no limit (15/30) - 2023/02/12 19:14:32 UTC
Table: 'Expresso Nitro(632745504)#0' 3-max (real money) Seat #2 is the button
Seat 1: _SKR (270)
Seat 2: Bestdavid (230)
Seat 3: Comorac (400)
*** ANTE/BLINDS ***
Comorac posts small blind 15
_SKR posts big blind 30
Dealt to _SKR [8h 7d]
*** PRE-FLOP *** 
Bestdavid calls 30
Comorac calls 15
_SKR checks
*** FLOP *** [6s Ah Qd]
Comorac checks
_SKR checks
Bestdavid bets 59
Comorac folds
_SKR folds
Bestdavid collected 149 from pot
*** SUMMARY ***
Total pot 149 | No rake
Board: [6s Ah Qd]
Seat 2: Bestdavid (button) won 149


Winamax Poker - Tournament "Expresso Nitro" buyIn: 0.93€ + 0.07€ level: 2 - HandId: #2717621246371037185-6-1676229295 - Holdem no limit (15/30) - 2023/02/12 19:14:55 UTC
Table: 'Expresso Nitro(632745504)#0' 3-max (real money) Seat #3 is the button
Seat 1: _SKR (240)
Seat 2: Bestdavid (290)
Seat 3: Comorac (370)
*** ANTE/BLINDS ***
_SKR posts small blind 15
Bestdavid posts big blind 30
Dealt to _SKR [3c 9s]
*** PRE-FLOP *** 
Comorac calls 30
_SKR folds
Bestdavid raises 30 to 60
Comorac calls 30
*** FLOP *** [Th Kc 2c]
Bestdavid bets 30
Comorac raises 280 to 310 and is all-in
Bestdavid calls 200 and is all-in
*** TURN *** [Th Kc 2c][2s]
*** RIVER *** [Th Kc 2c 2s][2h]
*** SHOW DOWN ***
Bestdavid shows [Jc Ac] (Trips of 2)
Comorac shows [Td 6c] (Full of 2 and Tens)
Comorac collected 675 from pot
*** SUMMARY ***
Total pot 675 | No rake
Board: [Th Kc 2c 2s 2h]
Seat 2: Bestdavid (big blind) showed [Jc Ac] and lost with Trips of 2
Seat 3: Comorac (button) showed [Td 6c] and won 675 with Full of 2 and Tens


Winamax Poker - Tournament "Expresso Nitro" buyIn: 0.93€ + 0.07€ level: 3 - HandId: #2717621246371037185-7-1676229318 - Holdem no limit (20/40) - 2023/02/12 19:15:18 UTC
Table: 'Expresso Nitro(632745504)#0' 3-max (real money) Seat #3 is the button
Seat 1: _SKR (225)
Seat 3: Comorac (675)
*** ANTE/BLINDS ***
Comorac posts small blind 20
_SKR posts big blind 40
Dealt to _SKR [3c 5h]
*** PRE-FLOP *** 
Comorac calls 20
_SKR checks
*** FLOP *** [2c Ts 2s]
_SKR checks
Comorac bets 40
_SKR folds
Comorac collected 120 from pot
*** SUMMARY ***
Total pot 120 | No rake
Board: [2c Ts 2s]
Seat 3: Comorac (small blind) (button) won 120


Winamax Poker - Tournament "Expresso Nitro" buyIn: 0.93€ + 0.07€ level: 3 - HandId: #2717621246371037185-8-1676229341 - Holdem no limit (20/40) - 2023/02/12 19:15:41 UTC
Table: 'Expresso Nitro(632745504)#0' 3-max (real money) Seat #1 is the button
Seat 1: _SKR (185)
Seat 3: Comorac (715)
*** ANTE/BLINDS ***
_SKR posts small blind 20
Comorac posts big blind 40
Dealt to _SKR [Ks 2d]
*** PRE-FLOP *** 
_SKR raises 145 to 185 and is all-in
Comorac calls 145
*** FLOP *** [Th 7h 6h]
*** TURN *** [Th 7h 6h][9s]
*** RIVER *** [Th 7h 6h 9s][3c]
*** SHOW DOWN ***
_SKR shows [Ks 2d] (High card : King)
Comorac shows [6d 4c] (One pair : 6)
Comorac collected 370 from pot
*** SUMMARY ***
Total pot 370 | No rake
Board: [Th 7h 6h 9s 3c]
Seat 1: _SKR (small blind) (button) showed [Ks 2d] and lost with High card : King
Seat 3: Comorac (big blind) showed [6d 4c] and won 370 with One pair : 6


