Winamax Poker - Tournament "Expresso Nitro" buyIn: 1.86€ + 0.14€ level: 1 - HandId: #2696651540994719745-1-1675091720 - Holdem no limit (10/20) - 2023/01/30 15:15:20 UTC
Table: 'Expresso Nitro(627863114)#0' 3-max (real money) Seat #2 is the button
Seat 1: _SKR (300)
Seat 2: Polluxxl (300)
Seat 3: LilRo (300)
*** ANTE/BLINDS ***
LilRo posts small blind 10
_SKR posts big blind 20
Dealt to _SKR [5c Td]
*** PRE-FLOP *** 
Polluxxl calls 20
LilRo calls 10
_SKR checks
*** FLOP *** [3c 6c 4d]
LilRo checks
_SKR checks
Polluxxl checks
*** TURN *** [3c 6c 4d][Jd]
LilRo checks
_SKR checks
Polluxxl checks
*** RIVER *** [3c 6c 4d Jd][8c]
LilRo checks
_SKR checks
Polluxxl bets 60
LilRo folds
_SKR folds
Polluxxl collected 120 from pot
*** SUMMARY ***
Total pot 120 | No rake
Board: [3c 6c 4d Jd 8c]
Seat 2: Polluxxl (button) won 120


Winamax Poker - Tournament "Expresso Nitro" buyIn: 1.86€ + 0.14€ level: 1 - HandId: #2696651540994719745-2-1675091771 - Holdem no limit (10/20) - 2023/01/30 15:16:11 UTC
Table: 'Expresso Nitro(627863114)#0' 3-max (real money) Seat #3 is the button
Seat 1: _SKR (280)
Seat 2: Polluxxl (340)
Seat 3: LilRo (280)
*** ANTE/BLINDS ***
_SKR posts small blind 10
Polluxxl posts big blind 20
Dealt to _SKR [Ac Qh]
*** PRE-FLOP *** 
LilRo folds
_SKR raises 260 to 280 and is all-in
Polluxxl folds
_SKR collected 300 from pot
*** SUMMARY ***
Total pot 300 | No rake
Seat 1: _SKR (small blind) won 300


Winamax Poker - Tournament "Expresso Nitro" buyIn: 1.86€ + 0.14€ level: 2 - HandId: #2696651540994719745-3-1675091788 - Holdem no limit (15/30) - 2023/01/30 15:16:28 UTC
Table: 'Expresso Nitro(627863114)#0' 3-max (real money) Seat #1 is the button
Seat 1: _SKR (300)
Seat 2: Polluxxl (320)
Seat 3: LilRo (280)
*** ANTE/BLINDS ***
Polluxxl posts small blind 15
LilRo posts big blind 30
Dealt to _SKR [Kh Qs]
*** PRE-FLOP *** 
_SKR raises 30 to 60
Polluxxl calls 45
LilRo calls 30
*** FLOP *** [8c 2s 2d]
Polluxxl checks
LilRo checks
_SKR bets 63
Polluxxl calls 63
LilRo folds
*** TURN *** [8c 2s 2d][9d]
Polluxxl checks
_SKR checks
*** RIVER *** [8c 2s 2d 9d][6h]
Polluxxl bets 107
_SKR folds
Polluxxl collected 413 from pot
*** SUMMARY ***
Total pot 413 | No rake
Board: [8c 2s 2d 9d 6h]
Seat 2: Polluxxl (small blind) won 413


Winamax Poker - Tournament "Expresso Nitro" buyIn: 1.86€ + 0.14€ level: 2 - HandId: #2696651540994719745-4-1675091820 - Holdem no limit (15/30) - 2023/01/30 15:17:00 UTC
Table: 'Expresso Nitro(627863114)#0' 3-max (real money) Seat #2 is the button
Seat 1: _SKR (177)
Seat 2: Polluxxl (503)
Seat 3: LilRo (220)
*** ANTE/BLINDS ***
LilRo posts small blind 15
_SKR posts big blind 30
Dealt to _SKR [4s 3c]
*** PRE-FLOP *** 
Polluxxl folds
LilRo folds
_SKR collected 45 from pot
*** SUMMARY ***
Total pot 45 | No rake
Seat 1: _SKR (big blind) won 45


Winamax Poker - Tournament "Expresso Nitro" buyIn: 1.86€ + 0.14€ level: 2 - HandId: #2696651540994719745-5-1675091825 - Holdem no limit (15/30) - 2023/01/30 15:17:05 UTC
Table: 'Expresso Nitro(627863114)#0' 3-max (real money) Seat #3 is the button
Seat 1: _SKR (192)
Seat 2: Polluxxl (503)
Seat 3: LilRo (205)
*** ANTE/BLINDS ***
_SKR posts small blind 15
Polluxxl posts big blind 30
Dealt to _SKR [3s 9s]
*** PRE-FLOP *** 
LilRo folds
_SKR folds
Polluxxl collected 45 from pot
*** SUMMARY ***
Total pot 45 | No rake
Seat 2: Polluxxl (big blind) won 45


Winamax Poker - Tournament "Expresso Nitro" buyIn: 1.86€ + 0.14€ level: 2 - HandId: #2696651540994719745-6-1675091830 - Holdem no limit (15/30) - 2023/01/30 15:17:10 UTC
Table: 'Expresso Nitro(627863114)#0' 3-max (real money) Seat #1 is the button
Seat 1: _SKR (177)
Seat 2: Polluxxl (518)
Seat 3: LilRo (205)
*** ANTE/BLINDS ***
Polluxxl posts small blind 15
LilRo posts big blind 30
Dealt to _SKR [4h 4s]
*** PRE-FLOP *** 
_SKR raises 147 to 177 and is all-in
Polluxxl folds
LilRo folds
_SKR collected 222 from pot
*** SUMMARY ***
Total pot 222 | No rake
Seat 1: _SKR (button) won 222


Winamax Poker - Tournament "Expresso Nitro" buyIn: 1.86€ + 0.14€ level: 3 - HandId: #2696651540994719745-7-1675091842 - Holdem no limit (20/40) - 2023/01/30 15:17:22 UTC
Table: 'Expresso Nitro(627863114)#0' 3-max (real money) Seat #2 is the button
Seat 1: _SKR (222)
Seat 2: Polluxxl (503)
Seat 3: LilRo (175)
*** ANTE/BLINDS ***
LilRo posts small blind 20
_SKR posts big blind 40
Dealt to _SKR [2s Ac]
*** PRE-FLOP *** 
Polluxxl calls 40
LilRo folds
_SKR raises 182 to 222 and is all-in
Polluxxl calls 182
*** FLOP *** [8d Ah 5s]
*** TURN *** [8d Ah 5s][7s]
*** RIVER *** [8d Ah 5s 7s][Qs]
*** SHOW DOWN ***
Polluxxl shows [Jh 7h] (One pair : 7)
_SKR shows [2s Ac] (One pair : Aces)
_SKR collected 464 from pot
*** SUMMARY ***
Total pot 464 | No rake
Board: [8d Ah 5s 7s Qs]
Seat 1: _SKR (big blind) showed [2s Ac] and won 464 with One pair : Aces
Seat 2: Polluxxl (button) showed [Jh 7h] and lost with One pair : 7


Winamax Poker - Tournament "Expresso Nitro" buyIn: 1.86€ + 0.14€ level: 3 - HandId: #2696651540994719745-8-1675091865 - Holdem no limit (20/40) - 2023/01/30 15:17:45 UTC
Table: 'Expresso Nitro(627863114)#0' 3-max (real money) Seat #3 is the button
Seat 1: _SKR (464)
Seat 2: Polluxxl (281)
Seat 3: LilRo (155)
*** ANTE/BLINDS ***
_SKR posts small blind 20
Polluxxl posts big blind 40
Dealt to _SKR [Qh 3s]
*** PRE-FLOP *** 
LilRo folds
_SKR folds
Polluxxl collected 60 from pot
*** SUMMARY ***
Total pot 60 | No rake
Seat 2: Polluxxl (big blind) won 60


Winamax Poker - Tournament "Expresso Nitro" buyIn: 1.86€ + 0.14€ level: 3 - HandId: #2696651540994719745-9-1675091870 - Holdem no limit (20/40) - 2023/01/30 15:17:50 UTC
Table: 'Expresso Nitro(627863114)#0' 3-max (real money) Seat #1 is the button
Seat 1: _SKR (444)
Seat 2: Polluxxl (301)
Seat 3: LilRo (155)
*** ANTE/BLINDS ***
Polluxxl posts small blind 20
LilRo posts big blind 40
Dealt to _SKR [Ad 7s]
*** PRE-FLOP *** 
_SKR raises 404 to 444 and is all-in
Polluxxl folds
LilRo folds
_SKR collected 504 from pot
*** SUMMARY ***
Total pot 504 | No rake
Seat 1: _SKR (button) won 504


Winamax Poker - Tournament "Expresso Nitro" buyIn: 1.86€ + 0.14€ level: 3 - HandId: #2696651540994719745-10-1675091885 - Holdem no limit (20/40) - 2023/01/30 15:18:05 UTC
Table: 'Expresso Nitro(627863114)#0' 3-max (real money) Seat #2 is the button
Seat 1: _SKR (504)
Seat 2: Polluxxl (281)
Seat 3: LilRo (115)
*** ANTE/BLINDS ***
LilRo posts small blind 20
_SKR posts big blind 40
Dealt to _SKR [Ts Jh]
*** PRE-FLOP *** 
Polluxxl raises 100 to 140
LilRo calls 95 and is all-in
_SKR folds
*** FLOP *** [Tc Ac Qs]
*** TURN *** [Tc Ac Qs][2s]
*** RIVER *** [Tc Ac Qs 2s][3s]
*** SHOW DOWN ***
Polluxxl shows [Kh Qc] (One pair : Queens)
LilRo shows [Jc Kc] (Straight Ace high)
LilRo collected 270 from main pot
Polluxxl collected 25 from side pot 1
*** SUMMARY ***
Total pot 295 | No rake
Board: [Tc Ac Qs 2s 3s]
Seat 2: Polluxxl (button) showed [Kh Qc] and won 25 with One pair : Queens
Seat 3: LilRo (small blind) showed [Jc Kc] and won 270 with Straight Ace high


Winamax Poker - Tournament "Expresso Nitro" buyIn: 1.86€ + 0.14€ level: 4 - HandId: #2696651540994719745-11-1675091903 - Holdem no limit (30/60) - 2023/01/30 15:18:23 UTC
Table: 'Expresso Nitro(627863114)#0' 3-max (real money) Seat #3 is the button
Seat 1: _SKR (464)
Seat 2: Polluxxl (166)
Seat 3: LilRo (270)
*** ANTE/BLINDS ***
_SKR posts small blind 30
Polluxxl posts big blind 60
Dealt to _SKR [9c Qh]
*** PRE-FLOP *** 
LilRo raises 210 to 270 and is all-in
_SKR folds
Polluxxl folds
LilRo collected 360 from pot
*** SUMMARY ***
Total pot 360 | No rake
Seat 3: LilRo (button) won 360


Winamax Poker - Tournament "Expresso Nitro" buyIn: 1.86€ + 0.14€ level: 4 - HandId: #2696651540994719745-12-1675091912 - Holdem no limit (30/60) - 2023/01/30 15:18:32 UTC
Table: 'Expresso Nitro(627863114)#0' 3-max (real money) Seat #1 is the button
Seat 1: _SKR (434)
Seat 2: Polluxxl (106)
Seat 3: LilRo (360)
*** ANTE/BLINDS ***
Polluxxl posts small blind 30
LilRo posts big blind 60
Dealt to _SKR [2s Qd]
*** PRE-FLOP *** 
_SKR folds
Polluxxl calls 30
LilRo raises 60 to 120
Polluxxl calls 46 and is all-in
*** FLOP *** [Js 7c Jd]
*** TURN *** [Js 7c Jd][Ac]
*** RIVER *** [Js 7c Jd Ac][7s]
*** SHOW DOWN ***
Polluxxl shows [Jh 6d] (Full of Jacks and 7)
LilRo shows [9h Ad] (Two pairs : Aces and Jacks)
LilRo collected 14 from side pot 1
Polluxxl collected 212 from main pot
*** SUMMARY ***
Total pot 226 | No rake
Board: [Js 7c Jd Ac 7s]
Seat 2: Polluxxl (small blind) showed [Jh 6d] and won 212 with Full of Jacks and 7
Seat 3: LilRo (big blind) showed [9h Ad] and won 14 with Two pairs : Aces and Jacks


Winamax Poker - Tournament "Expresso Nitro" buyIn: 1.86€ + 0.14€ level: 4 - HandId: #2696651540994719745-13-1675091940 - Holdem no limit (30/60) - 2023/01/30 15:19:00 UTC
Table: 'Expresso Nitro(627863114)#0' 3-max (real money) Seat #2 is the button
Seat 1: _SKR (434)
Seat 2: Polluxxl (212)
Seat 3: LilRo (254)
*** ANTE/BLINDS ***
LilRo posts small blind 30
_SKR posts big blind 60
Dealt to _SKR [5c 9s]
*** PRE-FLOP *** 
Polluxxl calls 60
LilRo folds
_SKR checks
*** FLOP *** [2h Qd 2d]
_SKR checks
Polluxxl checks
*** TURN *** [2h Qd 2d][8d]
_SKR checks
Polluxxl bets 60
_SKR folds
Polluxxl collected 210 from pot
*** SUMMARY ***
Total pot 210 | No rake
Board: [2h Qd 2d 8d]
Seat 2: Polluxxl (button) won 210


Winamax Poker - Tournament "Expresso Nitro" buyIn: 1.86€ + 0.14€ level: 5 - HandId: #2696651540994719745-14-1675091971 - Holdem no limit (40/80) - 2023/01/30 15:19:31 UTC
Table: 'Expresso Nitro(627863114)#0' 3-max (real money) Seat #3 is the button
Seat 1: _SKR (374)
Seat 2: Polluxxl (302)
Seat 3: LilRo (224)
*** ANTE/BLINDS ***
_SKR posts small blind 40
Polluxxl posts big blind 80
Dealt to _SKR [7s 8d]
*** PRE-FLOP *** 
LilRo folds
_SKR raises 294 to 374 and is all-in
Polluxxl folds
_SKR collected 454 from pot
*** SUMMARY ***
Total pot 454 | No rake
Seat 1: _SKR (small blind) won 454


Winamax Poker - Tournament "Expresso Nitro" buyIn: 1.86€ + 0.14€ level: 5 - HandId: #2696651540994719745-15-1675091984 - Holdem no limit (40/80) - 2023/01/30 15:19:44 UTC
Table: 'Expresso Nitro(627863114)#0' 3-max (real money) Seat #1 is the button
Seat 1: _SKR (454)
Seat 2: Polluxxl (222)
Seat 3: LilRo (224)
*** ANTE/BLINDS ***
Polluxxl posts small blind 40
LilRo posts big blind 80
Dealt to _SKR [4d As]
*** PRE-FLOP *** 
_SKR raises 374 to 454 and is all-in
Polluxxl folds
LilRo calls 144 and is all-in
*** FLOP *** [Ah 3d Ts]
*** TURN *** [Ah 3d Ts][7d]
*** RIVER *** [Ah 3d Ts 7d][6c]
*** SHOW DOWN ***
_SKR shows [4d As] (One pair : Aces)
LilRo shows [Qc Ad] (One pair : Aces)
LilRo collected 488 from main pot
_SKR collected 230 from side pot 1
*** SUMMARY ***
Total pot 718 | No rake
Board: [Ah 3d Ts 7d 6c]
Seat 1: _SKR (button) showed [4d As] and won 230 with One pair : Aces
Seat 3: LilRo (big blind) showed [Qc Ad] and won 488 with One pair : Aces


Winamax Poker - Tournament "Expresso Nitro" buyIn: 1.86€ + 0.14€ level: 5 - HandId: #2696651540994719745-16-1675091998 - Holdem no limit (40/80) - 2023/01/30 15:19:58 UTC
Table: 'Expresso Nitro(627863114)#0' 3-max (real money) Seat #2 is the button
Seat 1: _SKR (230)
Seat 2: Polluxxl (182)
Seat 3: LilRo (488)
*** ANTE/BLINDS ***
LilRo posts small blind 40
_SKR posts big blind 80
Dealt to _SKR [4s 4c]
*** PRE-FLOP *** 
Polluxxl calls 80
LilRo calls 40
_SKR raises 150 to 230 and is all-in
Polluxxl calls 102 and is all-in
LilRo folds
*** FLOP *** [Ah 6d 4d]
*** TURN *** [Ah 6d 4d][2d]
*** RIVER *** [Ah 6d 4d 2d][8h]
*** SHOW DOWN ***
Polluxxl shows [9s 6s] (One pair : 6)
_SKR shows [4s 4c] (Trips of 4)
_SKR collected 492 from pot
*** SUMMARY ***
Total pot 492 | No rake
Board: [Ah 6d 4d 2d 8h]
Seat 1: _SKR (big blind) showed [4s 4c] and won 492 with Trips of 4
Seat 2: Polluxxl (button) showed [9s 6s] and lost with One pair : 6


Winamax Poker - Tournament "Expresso Nitro" buyIn: 1.86€ + 0.14€ level: 6 - HandId: #2696651540994719745-17-1675092029 - Holdem no limit (50/100) - 2023/01/30 15:20:29 UTC
Table: 'Expresso Nitro(627863114)#0' 3-max (real money) Seat #1 is the button
Seat 1: _SKR (492)
Seat 3: LilRo (408)
*** ANTE/BLINDS ***
_SKR posts small blind 50
LilRo posts big blind 100
Dealt to _SKR [4c Ts]
*** PRE-FLOP *** 
_SKR folds
LilRo collected 150 from pot
*** SUMMARY ***
Total pot 150 | No rake
Seat 3: LilRo (big blind) won 150


Winamax Poker - Tournament "Expresso Nitro" buyIn: 1.86€ + 0.14€ level: 6 - HandId: #2696651540994719745-18-1675092034 - Holdem no limit (50/100) - 2023/01/30 15:20:34 UTC
Table: 'Expresso Nitro(627863114)#0' 3-max (real money) Seat #3 is the button
Seat 1: _SKR (442)
Seat 3: LilRo (458)
*** ANTE/BLINDS ***
LilRo posts small blind 50
_SKR posts big blind 100
Dealt to _SKR [Ac Qd]
*** PRE-FLOP *** 
LilRo calls 50
_SKR raises 342 to 442 and is all-in
LilRo folds
_SKR collected 542 from pot
*** SUMMARY ***
Total pot 542 | No rake
Seat 1: _SKR (big blind) won 542


Winamax Poker - Tournament "Expresso Nitro" buyIn: 1.86€ + 0.14€ level: 6 - HandId: #2696651540994719745-19-1675092042 - Holdem no limit (50/100) - 2023/01/30 15:20:42 UTC
Table: 'Expresso Nitro(627863114)#0' 3-max (real money) Seat #1 is the button
Seat 1: _SKR (542)
Seat 3: LilRo (358)
*** ANTE/BLINDS ***
_SKR posts small blind 50
LilRo posts big blind 100
Dealt to _SKR [Js Qs]
*** PRE-FLOP *** 
_SKR raises 442 to 542 and is all-in
LilRo folds
_SKR collected 642 from pot
*** SUMMARY ***
Total pot 642 | No rake
Seat 1: _SKR (small blind) (button) won 642


Winamax Poker - Tournament "Expresso Nitro" buyIn: 1.86€ + 0.14€ level: 6 - HandId: #2696651540994719745-20-1675092048 - Holdem no limit (50/100) - 2023/01/30 15:20:48 UTC
Table: 'Expresso Nitro(627863114)#0' 3-max (real money) Seat #3 is the button
Seat 1: _SKR (642)
Seat 3: LilRo (258)
*** ANTE/BLINDS ***
LilRo posts small blind 50
_SKR posts big blind 100
Dealt to _SKR [3h Ah]
*** PRE-FLOP *** 
LilRo raises 158 to 258 and is all-in
_SKR calls 158
*** FLOP *** [9h 3c 3s]
*** TURN *** [9h 3c 3s][9c]
*** RIVER *** [9h 3c 3s 9c][7h]
*** SHOW DOWN ***
_SKR shows [3h Ah] (Full of 3 and 9)
LilRo shows [9d Jd] (Full of 9 and 3)
LilRo collected 516 from pot
*** SUMMARY ***
Total pot 516 | No rake
Board: [9h 3c 3s 9c 7h]
Seat 1: _SKR (big blind) showed [3h Ah] and lost with Full of 3 and 9
Seat 3: LilRo (small blind) (button) showed [9d Jd] and won 516 with Full of 9 and 3


Winamax Poker - Tournament "Expresso Nitro" buyIn: 1.86€ + 0.14€ level: 6 - HandId: #2696651540994719745-21-1675092061 - Holdem no limit (50/100) - 2023/01/30 15:21:01 UTC
Table: 'Expresso Nitro(627863114)#0' 3-max (real money) Seat #1 is the button
Seat 1: _SKR (384)
Seat 3: LilRo (516)
*** ANTE/BLINDS ***
_SKR posts small blind 50
LilRo posts big blind 100
Dealt to _SKR [9s 4d]
*** PRE-FLOP *** 
_SKR folds
LilRo collected 150 from pot
*** SUMMARY ***
Total pot 150 | No rake
Seat 3: LilRo (big blind) won 150


Winamax Poker - Tournament "Expresso Nitro" buyIn: 1.86€ + 0.14€ level: 6 - HandId: #2696651540994719745-22-1675092065 - Holdem no limit (50/100) - 2023/01/30 15:21:05 UTC
Table: 'Expresso Nitro(627863114)#0' 3-max (real money) Seat #3 is the button
Seat 1: _SKR (334)
Seat 3: LilRo (566)
*** ANTE/BLINDS ***
LilRo posts small blind 50
_SKR posts big blind 100
Dealt to _SKR [Td As]
*** PRE-FLOP *** 
LilRo folds
_SKR collected 150 from pot
*** SUMMARY ***
Total pot 150 | No rake
Seat 1: _SKR (big blind) won 150


Winamax Poker - Tournament "Expresso Nitro" buyIn: 1.86€ + 0.14€ level: 6 - HandId: #2696651540994719745-23-1675092069 - Holdem no limit (50/100) - 2023/01/30 15:21:09 UTC
Table: 'Expresso Nitro(627863114)#0' 3-max (real money) Seat #1 is the button
Seat 1: _SKR (384)
Seat 3: LilRo (516)
*** ANTE/BLINDS ***
_SKR posts small blind 50
LilRo posts big blind 100
Dealt to _SKR [Jd Ad]
*** PRE-FLOP *** 
_SKR raises 284 to 384 and is all-in
LilRo folds
_SKR collected 484 from pot
*** SUMMARY ***
Total pot 484 | No rake
Seat 1: _SKR (small blind) (button) won 484


Winamax Poker - Tournament "Expresso Nitro" buyIn: 1.86€ + 0.14€ level: 7 - HandId: #2696651540994719745-24-1675092076 - Holdem no limit (60/120) - 2023/01/30 15:21:16 UTC
Table: 'Expresso Nitro(627863114)#0' 3-max (real money) Seat #3 is the button
Seat 1: _SKR (484)
Seat 3: LilRo (416)
*** ANTE/BLINDS ***
LilRo posts small blind 60
_SKR posts big blind 120
Dealt to _SKR [Jd 3c]
*** PRE-FLOP *** 
LilRo folds
_SKR collected 180 from pot
*** SUMMARY ***
Total pot 180 | No rake
Seat 1: _SKR (big blind) won 180


Winamax Poker - Tournament "Expresso Nitro" buyIn: 1.86€ + 0.14€ level: 7 - HandId: #2696651540994719745-25-1675092080 - Holdem no limit (60/120) - 2023/01/30 15:21:20 UTC
Table: 'Expresso Nitro(627863114)#0' 3-max (real money) Seat #1 is the button
Seat 1: _SKR (544)
Seat 3: LilRo (356)
*** ANTE/BLINDS ***
_SKR posts small blind 60
LilRo posts big blind 120
Dealt to _SKR [Jc 9h]
*** PRE-FLOP *** 
_SKR raises 424 to 544 and is all-in
LilRo folds
_SKR collected 664 from pot
*** SUMMARY ***
Total pot 664 | No rake
Seat 1: _SKR (small blind) (button) won 664


Winamax Poker - Tournament "Expresso Nitro" buyIn: 1.86€ + 0.14€ level: 7 - HandId: #2696651540994719745-26-1675092086 - Holdem no limit (60/120) - 2023/01/30 15:21:26 UTC
Table: 'Expresso Nitro(627863114)#0' 3-max (real money) Seat #3 is the button
Seat 1: _SKR (664)
Seat 3: LilRo (236)
*** ANTE/BLINDS ***
LilRo posts small blind 60
_SKR posts big blind 120
Dealt to _SKR [9h 5d]
*** PRE-FLOP *** 
LilRo raises 116 to 236 and is all-in
_SKR calls 116
*** FLOP *** [Th 9d Js]
*** TURN *** [Th 9d Js][4h]
*** RIVER *** [Th 9d Js 4h][2c]
*** SHOW DOWN ***
LilRo shows [8c Ad] (High card : Ace)
_SKR shows [9h 5d] (One pair : 9)
_SKR collected 472 from pot
*** SUMMARY ***
Total pot 472 | No rake
Board: [Th 9d Js 4h 2c]
Seat 1: _SKR (big blind) showed [9h 5d] and won 472 with One pair : 9
Seat 3: LilRo (small blind) (button) showed [8c Ad] and lost with High card : Ace


