Winamax Poker - Tournament "Expresso Nitro" buyIn: 0.93€ + 0.07€ level: 1 - HandId: #2671052616787558401-1-1673528681 - Holdem no limit (10/20) - 2023/01/12 13:04:41 UTC
Table: 'Expresso Nitro(621902900)#0' 3-max (real money) Seat #2 is the button
Seat 1: Tootsi (300)
Seat 2: lmcorp (300)
Seat 3: _SKR (300)
*** ANTE/BLINDS ***
_SKR posts small blind 10
Tootsi posts big blind 20
Dealt to _SKR [7c 2s]
*** PRE-FLOP *** 
lmcorp raises 20 to 40
_SKR folds
Tootsi raises 260 to 300 and is all-in
lmcorp folds
Tootsi collected 350 from pot
*** SUMMARY ***
Total pot 350 | No rake
Seat 1: Tootsi (big blind) won 350


Winamax Poker - Tournament "Expresso Nitro" buyIn: 0.93€ + 0.07€ level: 1 - HandId: #2671052616787558401-2-1673528691 - Holdem no limit (10/20) - 2023/01/12 13:04:51 UTC
Table: 'Expresso Nitro(621902900)#0' 3-max (real money) Seat #3 is the button
Seat 1: Tootsi (350)
Seat 2: lmcorp (260)
Seat 3: _SKR (290)
*** ANTE/BLINDS ***
Tootsi posts small blind 10
lmcorp posts big blind 20
Dealt to _SKR [9d 2c]
*** PRE-FLOP *** 
_SKR folds
Tootsi calls 10
lmcorp checks
*** FLOP *** [9c Ad 8s]
Tootsi bets 40
lmcorp folds
Tootsi collected 80 from pot
*** SUMMARY ***
Total pot 80 | No rake
Board: [9c Ad 8s]
Seat 1: Tootsi (small blind) won 80


Winamax Poker - Tournament "Expresso Nitro" buyIn: 0.93€ + 0.07€ level: 1 - HandId: #2671052616787558401-3-1673528711 - Holdem no limit (10/20) - 2023/01/12 13:05:11 UTC
Table: 'Expresso Nitro(621902900)#0' 3-max (real money) Seat #1 is the button
Seat 1: Tootsi (370)
Seat 2: lmcorp (240)
Seat 3: _SKR (290)
*** ANTE/BLINDS ***
lmcorp posts small blind 10
_SKR posts big blind 20
Dealt to _SKR [9s Ks]
*** PRE-FLOP *** 
Tootsi folds
lmcorp folds
_SKR collected 30 from pot
*** SUMMARY ***
Total pot 30 | No rake
Seat 3: _SKR (big blind) won 30


Winamax Poker - Tournament "Expresso Nitro" buyIn: 0.93€ + 0.07€ level: 1 - HandId: #2671052616787558401-4-1673528717 - Holdem no limit (10/20) - 2023/01/12 13:05:17 UTC
Table: 'Expresso Nitro(621902900)#0' 3-max (real money) Seat #2 is the button
Seat 1: Tootsi (370)
Seat 2: lmcorp (230)
Seat 3: _SKR (300)
*** ANTE/BLINDS ***
_SKR posts small blind 10
Tootsi posts big blind 20
Dealt to _SKR [2h 6d]
*** PRE-FLOP *** 
lmcorp folds
_SKR folds
Tootsi collected 30 from pot
*** SUMMARY ***
Total pot 30 | No rake
Seat 1: Tootsi (big blind) won 30


Winamax Poker - Tournament "Expresso Nitro" buyIn: 0.93€ + 0.07€ level: 1 - HandId: #2671052616787558401-5-1673528722 - Holdem no limit (10/20) - 2023/01/12 13:05:22 UTC
Table: 'Expresso Nitro(621902900)#0' 3-max (real money) Seat #3 is the button
Seat 1: Tootsi (380)
Seat 2: lmcorp (230)
Seat 3: _SKR (290)
*** ANTE/BLINDS ***
Tootsi posts small blind 10
lmcorp posts big blind 20
Dealt to _SKR [2d Jd]
*** PRE-FLOP *** 
_SKR folds
Tootsi calls 10
lmcorp checks
*** FLOP *** [4c 3d 3c]
Tootsi bets 20
lmcorp calls 20
*** TURN *** [4c 3d 3c][Js]
Tootsi bets 20
lmcorp folds
Tootsi collected 100 from pot
*** SUMMARY ***
Total pot 100 | No rake
Board: [4c 3d 3c Js]
Seat 1: Tootsi (small blind) won 100


Winamax Poker - Tournament "Expresso Nitro" buyIn: 0.93€ + 0.07€ level: 2 - HandId: #2671052616787558401-6-1673528742 - Holdem no limit (15/30) - 2023/01/12 13:05:42 UTC
Table: 'Expresso Nitro(621902900)#0' 3-max (real money) Seat #1 is the button
Seat 1: Tootsi (420)
Seat 2: lmcorp (190)
Seat 3: _SKR (290)
*** ANTE/BLINDS ***
lmcorp posts small blind 15
_SKR posts big blind 30
Dealt to _SKR [Qd Qh]
*** PRE-FLOP *** 
Tootsi calls 30
lmcorp folds
_SKR raises 260 to 290 and is all-in
Tootsi folds
_SKR collected 335 from pot
*** SUMMARY ***
Total pot 335 | No rake
Seat 3: _SKR (big blind) won 335


Winamax Poker - Tournament "Expresso Nitro" buyIn: 0.93€ + 0.07€ level: 2 - HandId: #2671052616787558401-7-1673528758 - Holdem no limit (15/30) - 2023/01/12 13:05:58 UTC
Table: 'Expresso Nitro(621902900)#0' 3-max (real money) Seat #2 is the button
Seat 1: Tootsi (390)
Seat 2: lmcorp (175)
Seat 3: _SKR (335)
*** ANTE/BLINDS ***
_SKR posts small blind 15
Tootsi posts big blind 30
Dealt to _SKR [Qc 6s]
*** PRE-FLOP *** 
lmcorp folds
_SKR folds
Tootsi collected 45 from pot
*** SUMMARY ***
Total pot 45 | No rake
Seat 1: Tootsi (big blind) won 45


Winamax Poker - Tournament "Expresso Nitro" buyIn: 0.93€ + 0.07€ level: 2 - HandId: #2671052616787558401-8-1673528772 - Holdem no limit (15/30) - 2023/01/12 13:06:12 UTC
Table: 'Expresso Nitro(621902900)#0' 3-max (real money) Seat #3 is the button
Seat 1: Tootsi (405)
Seat 2: lmcorp (175)
Seat 3: _SKR (320)
*** ANTE/BLINDS ***
Tootsi posts small blind 15
lmcorp posts big blind 30
Dealt to _SKR [7s Tc]
*** PRE-FLOP *** 
_SKR folds
Tootsi calls 15
lmcorp raises 145 to 175 and is all-in
Tootsi folds
lmcorp collected 205 from pot
*** SUMMARY ***
Total pot 205 | No rake
Seat 2: lmcorp (big blind) won 205


Winamax Poker - Tournament "Expresso Nitro" buyIn: 0.93€ + 0.07€ level: 2 - HandId: #2671052616787558401-9-1673528782 - Holdem no limit (15/30) - 2023/01/12 13:06:22 UTC
Table: 'Expresso Nitro(621902900)#0' 3-max (real money) Seat #1 is the button
Seat 1: Tootsi (375)
Seat 2: lmcorp (205)
Seat 3: _SKR (320)
*** ANTE/BLINDS ***
lmcorp posts small blind 15
_SKR posts big blind 30
Dealt to _SKR [Kd 6c]
*** PRE-FLOP *** 
Tootsi calls 30
lmcorp raises 175 to 205 and is all-in
_SKR folds
Tootsi calls 175
*** FLOP *** [6d Jh 3s]
*** TURN *** [6d Jh 3s][Kh]
*** RIVER *** [6d Jh 3s Kh][4d]
*** SHOW DOWN ***
lmcorp shows [6h As] (One pair : 6)
Tootsi shows [Kc Jd] (Two pairs : Kings and Jacks)
Tootsi collected 440 from pot
*** SUMMARY ***
Total pot 440 | No rake
Board: [6d Jh 3s Kh 4d]
Seat 1: Tootsi (button) showed [Kc Jd] and won 440 with Two pairs : Kings and Jacks
Seat 2: lmcorp (small blind) showed [6h As] and lost with One pair : 6


Winamax Poker - Tournament "Expresso Nitro" buyIn: 0.93€ + 0.07€ level: 3 - HandId: #2671052616787558401-10-1673528799 - Holdem no limit (20/40) - 2023/01/12 13:06:39 UTC
Table: 'Expresso Nitro(621902900)#0' 3-max (real money) Seat #3 is the button
Seat 1: Tootsi (610)
Seat 3: _SKR (290)
*** ANTE/BLINDS ***
_SKR posts small blind 20
Tootsi posts big blind 40
Dealt to _SKR [9d 7h]
*** PRE-FLOP *** 
_SKR folds
Tootsi collected 60 from pot
*** SUMMARY ***
Total pot 60 | No rake
Seat 1: Tootsi (big blind) won 60


Winamax Poker - Tournament "Expresso Nitro" buyIn: 0.93€ + 0.07€ level: 3 - HandId: #2671052616787558401-11-1673528817 - Holdem no limit (20/40) - 2023/01/12 13:06:57 UTC
Table: 'Expresso Nitro(621902900)#0' 3-max (real money) Seat #1 is the button
Seat 1: Tootsi (630)
Seat 3: _SKR (270)
*** ANTE/BLINDS ***
Tootsi posts small blind 20
_SKR posts big blind 40
Dealt to _SKR [7h 7s]
*** PRE-FLOP *** 
Tootsi calls 20
_SKR raises 230 to 270 and is all-in
Tootsi calls 230
*** FLOP *** [Jc Qd Qs]
*** TURN *** [Jc Qd Qs][As]
*** RIVER *** [Jc Qd Qs As][3d]
*** SHOW DOWN ***
_SKR shows [7h 7s] (Two pairs : Queens and 7)
Tootsi shows [Kh Ks] (Two pairs : Kings and Queens)
Tootsi collected 540 from pot
*** SUMMARY ***
Total pot 540 | No rake
Board: [Jc Qd Qs As 3d]
Seat 1: Tootsi (small blind) (button) showed [Kh Ks] and won 540 with Two pairs : Kings and Queens
Seat 3: _SKR (big blind) showed [7h 7s] and lost with Two pairs : Queens and 7


