Winamax Poker - Tournament "Expresso Nitro" buyIn: 1.86€ + 0.14€ level: 1 - HandId: #2698169936487907329-1-1675183910 - Holdem no limit (10/20) - 2023/01/31 16:51:50 UTC
Table: 'Expresso Nitro(628216643)#0' 3-max (real money) Seat #3 is the button
Seat 1: Meches (300)
Seat 2: _SKR (300)
Seat 3: Vyustt18 (300)
*** ANTE/BLINDS ***
Meches posts small blind 10
_SKR posts big blind 20
Dealt to _SKR [Js Th]
*** PRE-FLOP *** 
Vyustt18 folds
Meches calls 10
_SKR checks
*** FLOP *** [Td 3d Jc]
Meches bets 60
_SKR raises 220 to 280 and is all-in
Meches calls 220 and is all-in
*** TURN *** [Td 3d Jc][4d]
*** RIVER *** [Td 3d Jc 4d][Jd]
*** SHOW DOWN ***
Meches shows [3h Jh] (Full of Jacks and 3)
_SKR shows [Js Th] (Full of Jacks and Tens)
_SKR collected 600 from pot
*** SUMMARY ***
Total pot 600 | No rake
Board: [Td 3d Jc 4d Jd]
Seat 1: Meches (small blind) showed [3h Jh] and lost with Full of Jacks and 3
Seat 2: _SKR (big blind) showed [Js Th] and won 600 with Full of Jacks and Tens


Winamax Poker - Tournament "Expresso Nitro" buyIn: 1.86€ + 0.14€ level: 1 - HandId: #2698169936487907329-2-1675183936 - Holdem no limit (10/20) - 2023/01/31 16:52:16 UTC
Table: 'Expresso Nitro(628216643)#0' 3-max (real money) Seat #2 is the button
Seat 2: _SKR (600)
Seat 3: Vyustt18 (300)
*** ANTE/BLINDS ***
_SKR posts small blind 10
Vyustt18 posts big blind 20
Dealt to _SKR [As 9c]
*** PRE-FLOP *** 
_SKR raises 580 to 600 and is all-in
Vyustt18 folds
_SKR collected 620 from pot
*** SUMMARY ***
Total pot 620 | No rake
Seat 2: _SKR (small blind) (button) won 620


Winamax Poker - Tournament "Expresso Nitro" buyIn: 1.86€ + 0.14€ level: 1 - HandId: #2698169936487907329-3-1675183943 - Holdem no limit (10/20) - 2023/01/31 16:52:23 UTC
Table: 'Expresso Nitro(628216643)#0' 3-max (real money) Seat #3 is the button
Seat 2: _SKR (620)
Seat 3: Vyustt18 (280)
*** ANTE/BLINDS ***
Vyustt18 posts small blind 10
_SKR posts big blind 20
Dealt to _SKR [4h Jc]
*** PRE-FLOP *** 
Vyustt18 raises 260 to 280 and is all-in
_SKR folds
Vyustt18 collected 300 from pot
*** SUMMARY ***
Total pot 300 | No rake
Seat 3: Vyustt18 (small blind) (button) won 300


Winamax Poker - Tournament "Expresso Nitro" buyIn: 1.86€ + 0.14€ level: 1 - HandId: #2698169936487907329-4-1675183948 - Holdem no limit (10/20) - 2023/01/31 16:52:28 UTC
Table: 'Expresso Nitro(628216643)#0' 3-max (real money) Seat #2 is the button
Seat 2: _SKR (600)
Seat 3: Vyustt18 (300)
*** ANTE/BLINDS ***
_SKR posts small blind 10
Vyustt18 posts big blind 20
Dealt to _SKR [5d 9h]
*** PRE-FLOP *** 
_SKR folds
Vyustt18 collected 30 from pot
*** SUMMARY ***
Total pot 30 | No rake
Seat 3: Vyustt18 (big blind) won 30


Winamax Poker - Tournament "Expresso Nitro" buyIn: 1.86€ + 0.14€ level: 1 - HandId: #2698169936487907329-5-1675183952 - Holdem no limit (10/20) - 2023/01/31 16:52:32 UTC
Table: 'Expresso Nitro(628216643)#0' 3-max (real money) Seat #3 is the button
Seat 2: _SKR (590)
Seat 3: Vyustt18 (310)
*** ANTE/BLINDS ***
Vyustt18 posts small blind 10
_SKR posts big blind 20
Dealt to _SKR [3s 8s]
*** PRE-FLOP *** 
Vyustt18 calls 10
_SKR checks
*** FLOP *** [5c 4h Ah]
_SKR checks
Vyustt18 checks
*** TURN *** [5c 4h Ah][3c]
_SKR checks
Vyustt18 bets 40
_SKR folds
Vyustt18 collected 80 from pot
*** SUMMARY ***
Total pot 80 | No rake
Board: [5c 4h Ah 3c]
Seat 3: Vyustt18 (small blind) (button) won 80


Winamax Poker - Tournament "Expresso Nitro" buyIn: 1.86€ + 0.14€ level: 2 - HandId: #2698169936487907329-6-1675183980 - Holdem no limit (15/30) - 2023/01/31 16:53:00 UTC
Table: 'Expresso Nitro(628216643)#0' 3-max (real money) Seat #2 is the button
Seat 2: _SKR (570)
Seat 3: Vyustt18 (330)
*** ANTE/BLINDS ***
_SKR posts small blind 15
Vyustt18 posts big blind 30
Dealt to _SKR [9h 7h]
*** PRE-FLOP *** 
_SKR calls 15
Vyustt18 checks
*** FLOP *** [9c 4s Ts]
Vyustt18 checks
_SKR checks
*** TURN *** [9c 4s Ts][3s]
Vyustt18 bets 39
_SKR calls 39
*** RIVER *** [9c 4s Ts 3s][5c]
Vyustt18 checks
_SKR checks
*** SHOW DOWN ***
Vyustt18 shows [7s Qd] (High card : Queen)
_SKR shows [9h 7h] (One pair : 9)
_SKR collected 138 from pot
*** SUMMARY ***
Total pot 138 | No rake
Board: [9c 4s Ts 3s 5c]
Seat 2: _SKR (small blind) (button) showed [9h 7h] and won 138 with One pair : 9
Seat 3: Vyustt18 (big blind) showed [7s Qd] and lost with High card : Queen


Winamax Poker - Tournament "Expresso Nitro" buyIn: 1.86€ + 0.14€ level: 2 - HandId: #2698169936487907329-7-1675184011 - Holdem no limit (15/30) - 2023/01/31 16:53:31 UTC
Table: 'Expresso Nitro(628216643)#0' 3-max (real money) Seat #3 is the button
Seat 2: _SKR (639)
Seat 3: Vyustt18 (261)
*** ANTE/BLINDS ***
Vyustt18 posts small blind 15
_SKR posts big blind 30
Dealt to _SKR [4c 2s]
*** PRE-FLOP *** 
Vyustt18 folds
_SKR collected 45 from pot
*** SUMMARY ***
Total pot 45 | No rake
Seat 2: _SKR (big blind) won 45


Winamax Poker - Tournament "Expresso Nitro" buyIn: 1.86€ + 0.14€ level: 2 - HandId: #2698169936487907329-8-1675184014 - Holdem no limit (15/30) - 2023/01/31 16:53:34 UTC
Table: 'Expresso Nitro(628216643)#0' 3-max (real money) Seat #2 is the button
Seat 2: _SKR (654)
Seat 3: Vyustt18 (246)
*** ANTE/BLINDS ***
_SKR posts small blind 15
Vyustt18 posts big blind 30
Dealt to _SKR [4c 9c]
*** PRE-FLOP *** 
_SKR folds
Vyustt18 collected 45 from pot
*** SUMMARY ***
Total pot 45 | No rake
Seat 3: Vyustt18 (big blind) won 45


Winamax Poker - Tournament "Expresso Nitro" buyIn: 1.86€ + 0.14€ level: 2 - HandId: #2698169936487907329-9-1675184018 - Holdem no limit (15/30) - 2023/01/31 16:53:38 UTC
Table: 'Expresso Nitro(628216643)#0' 3-max (real money) Seat #3 is the button
Seat 2: _SKR (639)
Seat 3: Vyustt18 (261)
*** ANTE/BLINDS ***
Vyustt18 posts small blind 15
_SKR posts big blind 30
Dealt to _SKR [Ad Ks]
*** PRE-FLOP *** 
Vyustt18 folds
_SKR collected 45 from pot
*** SUMMARY ***
Total pot 45 | No rake
Seat 2: _SKR (big blind) won 45


Winamax Poker - Tournament "Expresso Nitro" buyIn: 1.86€ + 0.14€ level: 2 - HandId: #2698169936487907329-10-1675184021 - Holdem no limit (15/30) - 2023/01/31 16:53:41 UTC
Table: 'Expresso Nitro(628216643)#0' 3-max (real money) Seat #2 is the button
Seat 2: _SKR (654)
Seat 3: Vyustt18 (246)
*** ANTE/BLINDS ***
_SKR posts small blind 15
Vyustt18 posts big blind 30
Dealt to _SKR [8h 2d]
*** PRE-FLOP *** 
_SKR folds
Vyustt18 collected 45 from pot
*** SUMMARY ***
Total pot 45 | No rake
Seat 3: Vyustt18 (big blind) won 45


Winamax Poker - Tournament "Expresso Nitro" buyIn: 1.86€ + 0.14€ level: 3 - HandId: #2698169936487907329-11-1675184026 - Holdem no limit (20/40) - 2023/01/31 16:53:46 UTC
Table: 'Expresso Nitro(628216643)#0' 3-max (real money) Seat #3 is the button
Seat 2: _SKR (639)
Seat 3: Vyustt18 (261)
*** ANTE/BLINDS ***
Vyustt18 posts small blind 20
_SKR posts big blind 40
Dealt to _SKR [4h 8d]
*** PRE-FLOP *** 
Vyustt18 calls 20
_SKR checks
*** FLOP *** [2h Ah 3s]
_SKR checks
Vyustt18 checks
*** TURN *** [2h Ah 3s][Ad]
_SKR checks
Vyustt18 bets 80
_SKR folds
Vyustt18 collected 160 from pot
*** SUMMARY ***
Total pot 160 | No rake
Board: [2h Ah 3s Ad]
Seat 3: Vyustt18 (small blind) (button) won 160


Winamax Poker - Tournament "Expresso Nitro" buyIn: 1.86€ + 0.14€ level: 3 - HandId: #2698169936487907329-12-1675184079 - Holdem no limit (20/40) - 2023/01/31 16:54:39 UTC
Table: 'Expresso Nitro(628216643)#0' 3-max (real money) Seat #2 is the button
Seat 2: _SKR (599)
Seat 3: Vyustt18 (301)
*** ANTE/BLINDS ***
_SKR posts small blind 20
Vyustt18 posts big blind 40
Dealt to _SKR [7d 4d]
*** PRE-FLOP *** 
_SKR folds
Vyustt18 collected 60 from pot
*** SUMMARY ***
Total pot 60 | No rake
Seat 3: Vyustt18 (big blind) won 60


Winamax Poker - Tournament "Expresso Nitro" buyIn: 1.86€ + 0.14€ level: 3 - HandId: #2698169936487907329-13-1675184083 - Holdem no limit (20/40) - 2023/01/31 16:54:43 UTC
Table: 'Expresso Nitro(628216643)#0' 3-max (real money) Seat #3 is the button
Seat 2: _SKR (579)
Seat 3: Vyustt18 (321)
*** ANTE/BLINDS ***
Vyustt18 posts small blind 20
_SKR posts big blind 40
Dealt to _SKR [5d 6c]
*** PRE-FLOP *** 
Vyustt18 raises 281 to 321 and is all-in
_SKR folds
Vyustt18 collected 361 from pot
*** SUMMARY ***
Total pot 361 | No rake
Seat 3: Vyustt18 (small blind) (button) won 361


Winamax Poker - Tournament "Expresso Nitro" buyIn: 1.86€ + 0.14€ level: 4 - HandId: #2698169936487907329-14-1675184088 - Holdem no limit (30/60) - 2023/01/31 16:54:48 UTC
Table: 'Expresso Nitro(628216643)#0' 3-max (real money) Seat #2 is the button
Seat 2: _SKR (539)
Seat 3: Vyustt18 (361)
*** ANTE/BLINDS ***
_SKR posts small blind 30
Vyustt18 posts big blind 60
Dealt to _SKR [8s Qc]
*** PRE-FLOP *** 
_SKR raises 479 to 539 and is all-in
Vyustt18 folds
_SKR collected 599 from pot
*** SUMMARY ***
Total pot 599 | No rake
Seat 2: _SKR (small blind) (button) won 599


Winamax Poker - Tournament "Expresso Nitro" buyIn: 1.86€ + 0.14€ level: 4 - HandId: #2698169936487907329-15-1675184093 - Holdem no limit (30/60) - 2023/01/31 16:54:53 UTC
Table: 'Expresso Nitro(628216643)#0' 3-max (real money) Seat #3 is the button
Seat 2: _SKR (599)
Seat 3: Vyustt18 (301)
*** ANTE/BLINDS ***
Vyustt18 posts small blind 30
_SKR posts big blind 60
Dealt to _SKR [Qc Th]
*** PRE-FLOP *** 
Vyustt18 folds
_SKR collected 90 from pot
*** SUMMARY ***
Total pot 90 | No rake
Seat 2: _SKR (big blind) won 90


Winamax Poker - Tournament "Expresso Nitro" buyIn: 1.86€ + 0.14€ level: 4 - HandId: #2698169936487907329-16-1675184096 - Holdem no limit (30/60) - 2023/01/31 16:54:56 UTC
Table: 'Expresso Nitro(628216643)#0' 3-max (real money) Seat #2 is the button
Seat 2: _SKR (629)
Seat 3: Vyustt18 (271)
*** ANTE/BLINDS ***
_SKR posts small blind 30
Vyustt18 posts big blind 60
Dealt to _SKR [Ah 2d]
*** PRE-FLOP *** 
_SKR raises 569 to 629 and is all-in
Vyustt18 folds
_SKR collected 689 from pot
*** SUMMARY ***
Total pot 689 | No rake
Seat 2: _SKR (small blind) (button) won 689


Winamax Poker - Tournament "Expresso Nitro" buyIn: 1.86€ + 0.14€ level: 4 - HandId: #2698169936487907329-17-1675184101 - Holdem no limit (30/60) - 2023/01/31 16:55:01 UTC
Table: 'Expresso Nitro(628216643)#0' 3-max (real money) Seat #3 is the button
Seat 2: _SKR (689)
Seat 3: Vyustt18 (211)
*** ANTE/BLINDS ***
Vyustt18 posts small blind 30
_SKR posts big blind 60
Dealt to _SKR [2d Jd]
*** PRE-FLOP *** 
Vyustt18 folds
_SKR collected 90 from pot
*** SUMMARY ***
Total pot 90 | No rake
Seat 2: _SKR (big blind) won 90


Winamax Poker - Tournament "Expresso Nitro" buyIn: 1.86€ + 0.14€ level: 4 - HandId: #2698169936487907329-18-1675184106 - Holdem no limit (30/60) - 2023/01/31 16:55:06 UTC
Table: 'Expresso Nitro(628216643)#0' 3-max (real money) Seat #2 is the button
Seat 2: _SKR (719)
Seat 3: Vyustt18 (181)
*** ANTE/BLINDS ***
_SKR posts small blind 30
Vyustt18 posts big blind 60
Dealt to _SKR [4s 7s]
*** PRE-FLOP *** 
_SKR folds
Vyustt18 collected 90 from pot
*** SUMMARY ***
Total pot 90 | No rake
Seat 3: Vyustt18 (big blind) won 90


Winamax Poker - Tournament "Expresso Nitro" buyIn: 1.86€ + 0.14€ level: 4 - HandId: #2698169936487907329-19-1675184109 - Holdem no limit (30/60) - 2023/01/31 16:55:09 UTC
Table: 'Expresso Nitro(628216643)#0' 3-max (real money) Seat #3 is the button
Seat 2: _SKR (689)
Seat 3: Vyustt18 (211)
*** ANTE/BLINDS ***
Vyustt18 posts small blind 30
_SKR posts big blind 60
Dealt to _SKR [9c 5d]
*** PRE-FLOP *** 
Vyustt18 raises 151 to 211 and is all-in
_SKR folds
Vyustt18 collected 271 from pot
*** SUMMARY ***
Total pot 271 | No rake
Seat 3: Vyustt18 (small blind) (button) won 271


Winamax Poker - Tournament "Expresso Nitro" buyIn: 1.86€ + 0.14€ level: 4 - HandId: #2698169936487907329-20-1675184114 - Holdem no limit (30/60) - 2023/01/31 16:55:14 UTC
Table: 'Expresso Nitro(628216643)#0' 3-max (real money) Seat #2 is the button
Seat 2: _SKR (629)
Seat 3: Vyustt18 (271)
*** ANTE/BLINDS ***
_SKR posts small blind 30
Vyustt18 posts big blind 60
Dealt to _SKR [3c Js]
*** PRE-FLOP *** 
_SKR raises 569 to 629 and is all-in
Vyustt18 folds
_SKR collected 689 from pot
*** SUMMARY ***
Total pot 689 | No rake
Seat 2: _SKR (small blind) (button) won 689


Winamax Poker - Tournament "Expresso Nitro" buyIn: 1.86€ + 0.14€ level: 4 - HandId: #2698169936487907329-21-1675184123 - Holdem no limit (30/60) - 2023/01/31 16:55:23 UTC
Table: 'Expresso Nitro(628216643)#0' 3-max (real money) Seat #3 is the button
Seat 2: _SKR (689)
Seat 3: Vyustt18 (211)
*** ANTE/BLINDS ***
Vyustt18 posts small blind 30
_SKR posts big blind 60
Dealt to _SKR [Ah 7d]
*** PRE-FLOP *** 
Vyustt18 raises 151 to 211 and is all-in
_SKR calls 151
*** FLOP *** [8s 9d Qd]
*** TURN *** [8s 9d Qd][3s]
*** RIVER *** [8s 9d Qd 3s][5s]
*** SHOW DOWN ***
_SKR shows [Ah 7d] (High card : Ace)
Vyustt18 shows [8c Tc] (One pair : 8)
Vyustt18 collected 422 from pot
*** SUMMARY ***
Total pot 422 | No rake
Board: [8s 9d Qd 3s 5s]
Seat 2: _SKR (big blind) showed [Ah 7d] and lost with High card : Ace
Seat 3: Vyustt18 (small blind) (button) showed [8c Tc] and won 422 with One pair : 8


Winamax Poker - Tournament "Expresso Nitro" buyIn: 1.86€ + 0.14€ level: 4 - HandId: #2698169936487907329-22-1675184141 - Holdem no limit (30/60) - 2023/01/31 16:55:41 UTC
Table: 'Expresso Nitro(628216643)#0' 3-max (real money) Seat #2 is the button
Seat 2: _SKR (478)
Seat 3: Vyustt18 (422)
*** ANTE/BLINDS ***
_SKR posts small blind 30
Vyustt18 posts big blind 60
Dealt to _SKR [Js Kd]
*** PRE-FLOP *** 
_SKR raises 418 to 478 and is all-in
Vyustt18 folds
_SKR collected 538 from pot
*** SUMMARY ***
Total pot 538 | No rake
Seat 2: _SKR (small blind) (button) won 538


Winamax Poker - Tournament "Expresso Nitro" buyIn: 1.86€ + 0.14€ level: 5 - HandId: #2698169936487907329-23-1675184152 - Holdem no limit (40/80) - 2023/01/31 16:55:52 UTC
Table: 'Expresso Nitro(628216643)#0' 3-max (real money) Seat #3 is the button
Seat 2: _SKR (538)
Seat 3: Vyustt18 (362)
*** ANTE/BLINDS ***
Vyustt18 posts small blind 40
_SKR posts big blind 80
Dealt to _SKR [5s Kc]
*** PRE-FLOP *** 
Vyustt18 calls 40
_SKR raises 458 to 538 and is all-in
Vyustt18 calls 282 and is all-in
*** FLOP *** [8d Td 9h]
*** TURN *** [8d Td 9h][Ks]
*** RIVER *** [8d Td 9h Ks][7h]
*** SHOW DOWN ***
_SKR shows [5s Kc] (One pair : Kings)
Vyustt18 shows [As Jc] (Straight Jack high)
Vyustt18 collected 724 from main pot
_SKR collected 176 from side pot 1
*** SUMMARY ***
Total pot 900 | No rake
Board: [8d Td 9h Ks 7h]
Seat 2: _SKR (big blind) showed [5s Kc] and won 176 with One pair : Kings
Seat 3: Vyustt18 (small blind) (button) showed [As Jc] and won 724 with Straight Jack high


Winamax Poker - Tournament "Expresso Nitro" buyIn: 1.86€ + 0.14€ level: 5 - HandId: #2698169936487907329-24-1675184166 - Holdem no limit (40/80) - 2023/01/31 16:56:06 UTC
Table: 'Expresso Nitro(628216643)#0' 3-max (real money) Seat #2 is the button
Seat 2: _SKR (176)
Seat 3: Vyustt18 (724)
*** ANTE/BLINDS ***
_SKR posts small blind 40
Vyustt18 posts big blind 80
Dealt to _SKR [6s 2s]
*** PRE-FLOP *** 
_SKR raises 80 to 160
Vyustt18 raises 564 to 724 and is all-in
_SKR calls 16 and is all-in
*** FLOP *** [7d Jc 8s]
*** TURN *** [7d Jc 8s][9c]
*** RIVER *** [7d Jc 8s 9c][Qs]
*** SHOW DOWN ***
_SKR shows [6s 2s] (High card : Queen)
Vyustt18 shows [7h 7c] (Trips of 7)
Vyustt18 collected 900 from pot
*** SUMMARY ***
Total pot 900 | No rake
Board: [7d Jc 8s 9c Qs]
Seat 2: _SKR (small blind) (button) showed [6s 2s] and lost with High card : Queen
Seat 3: Vyustt18 (big blind) showed [7h 7c] and won 900 with Trips of 7


