Winamax Poker - Tournament "Expresso Nitro" buyIn: 1.86€ + 0.14€ level: 1 - HandId: #2696889434938277889-1-1675102152 - Holdem no limit (10/20) - 2023/01/30 18:09:12 UTC
Table: 'Expresso Nitro(627918503)#0' 3-max (real money) Seat #2 is the button
Seat 1: ivanots (300)
Seat 2: _SKR (300)
Seat 3: kent1_azn (300)
*** ANTE/BLINDS ***
kent1_azn posts small blind 10
ivanots posts big blind 20
Dealt to _SKR [9d Qd]
*** PRE-FLOP *** 
_SKR raises 20 to 40
kent1_azn folds
ivanots raises 260 to 300 and is all-in
_SKR folds
ivanots collected 350 from pot
*** SUMMARY ***
Total pot 350 | No rake
Seat 1: ivanots (big blind) won 350


Winamax Poker - Tournament "Expresso Nitro" buyIn: 1.86€ + 0.14€ level: 1 - HandId: #2696889434938277889-2-1675102169 - Holdem no limit (10/20) - 2023/01/30 18:09:29 UTC
Table: 'Expresso Nitro(627918503)#0' 3-max (real money) Seat #3 is the button
Seat 1: ivanots (350)
Seat 2: _SKR (260)
Seat 3: kent1_azn (290)
*** ANTE/BLINDS ***
ivanots posts small blind 10
_SKR posts big blind 20
Dealt to _SKR [9d 2s]
*** PRE-FLOP *** 
kent1_azn calls 20
ivanots raises 330 to 350 and is all-in
_SKR folds
kent1_azn calls 270 and is all-in
*** FLOP *** [3h Kd 9h]
*** TURN *** [3h Kd 9h][3c]
*** RIVER *** [3h Kd 9h 3c][Js]
*** SHOW DOWN ***
ivanots shows [Ah Th] (One pair : 3)
kent1_azn shows [Td Qd] (Straight King high)
kent1_azn collected 600 from main pot
ivanots collected 60 from side pot 1
*** SUMMARY ***
Total pot 660 | No rake
Board: [3h Kd 9h 3c Js]
Seat 1: ivanots (small blind) showed [Ah Th] and won 60 with One pair : 3
Seat 3: kent1_azn (button) showed [Td Qd] and won 600 with Straight King high


Winamax Poker - Tournament "Expresso Nitro" buyIn: 1.86€ + 0.14€ level: 1 - HandId: #2696889434938277889-3-1675102183 - Holdem no limit (10/20) - 2023/01/30 18:09:43 UTC
Table: 'Expresso Nitro(627918503)#0' 3-max (real money) Seat #1 is the button
Seat 1: ivanots (60)
Seat 2: _SKR (240)
Seat 3: kent1_azn (600)
*** ANTE/BLINDS ***
_SKR posts small blind 10
kent1_azn posts big blind 20
Dealt to _SKR [2c 5d]
*** PRE-FLOP *** 
ivanots raises 40 to 60 and is all-in
_SKR folds
kent1_azn calls 40
*** FLOP *** [Jh 7c Js]
*** TURN *** [Jh 7c Js][3c]
*** RIVER *** [Jh 7c Js 3c][Ad]
*** SHOW DOWN ***
ivanots shows [Qc Tc] (One pair : Jacks)
kent1_azn shows [Ac Ts] (Two pairs : Aces and Jacks)
kent1_azn collected 130 from pot
*** SUMMARY ***
Total pot 130 | No rake
Board: [Jh 7c Js 3c Ad]
Seat 1: ivanots (button) showed [Qc Tc] and lost with One pair : Jacks
Seat 3: kent1_azn (big blind) showed [Ac Ts] and won 130 with Two pairs : Aces and Jacks


Winamax Poker - Tournament "Expresso Nitro" buyIn: 1.86€ + 0.14€ level: 1 - HandId: #2696889434938277889-4-1675102198 - Holdem no limit (10/20) - 2023/01/30 18:09:58 UTC
Table: 'Expresso Nitro(627918503)#0' 3-max (real money) Seat #3 is the button
Seat 2: _SKR (230)
Seat 3: kent1_azn (670)
*** ANTE/BLINDS ***
kent1_azn posts small blind 10
_SKR posts big blind 20
Dealt to _SKR [4h 9c]
*** PRE-FLOP *** 
kent1_azn folds
_SKR collected 30 from pot
*** SUMMARY ***
Total pot 30 | No rake
Seat 2: _SKR (big blind) won 30


Winamax Poker - Tournament "Expresso Nitro" buyIn: 1.86€ + 0.14€ level: 1 - HandId: #2696889434938277889-5-1675102202 - Holdem no limit (10/20) - 2023/01/30 18:10:02 UTC
Table: 'Expresso Nitro(627918503)#0' 3-max (real money) Seat #2 is the button
Seat 2: _SKR (240)
Seat 3: kent1_azn (660)
*** ANTE/BLINDS ***
_SKR posts small blind 10
kent1_azn posts big blind 20
Dealt to _SKR [Qs 9h]
*** PRE-FLOP *** 
_SKR raises 220 to 240 and is all-in
kent1_azn folds
_SKR collected 260 from pot
*** SUMMARY ***
Total pot 260 | No rake
Seat 2: _SKR (small blind) (button) won 260


Winamax Poker - Tournament "Expresso Nitro" buyIn: 1.86€ + 0.14€ level: 2 - HandId: #2696889434938277889-6-1675102208 - Holdem no limit (15/30) - 2023/01/30 18:10:08 UTC
Table: 'Expresso Nitro(627918503)#0' 3-max (real money) Seat #3 is the button
Seat 2: _SKR (260)
Seat 3: kent1_azn (640)
*** ANTE/BLINDS ***
kent1_azn posts small blind 15
_SKR posts big blind 30
Dealt to _SKR [4d Ac]
*** PRE-FLOP *** 
kent1_azn calls 15
_SKR raises 230 to 260 and is all-in
kent1_azn folds
_SKR collected 290 from pot
*** SUMMARY ***
Total pot 290 | No rake
Seat 2: _SKR (big blind) won 290


Winamax Poker - Tournament "Expresso Nitro" buyIn: 1.86€ + 0.14€ level: 2 - HandId: #2696889434938277889-7-1675102216 - Holdem no limit (15/30) - 2023/01/30 18:10:16 UTC
Table: 'Expresso Nitro(627918503)#0' 3-max (real money) Seat #2 is the button
Seat 2: _SKR (290)
Seat 3: kent1_azn (610)
*** ANTE/BLINDS ***
_SKR posts small blind 15
kent1_azn posts big blind 30
Dealt to _SKR [8d 9c]
*** PRE-FLOP *** 
_SKR folds
kent1_azn collected 45 from pot
*** SUMMARY ***
Total pot 45 | No rake
Seat 3: kent1_azn (big blind) won 45


Winamax Poker - Tournament "Expresso Nitro" buyIn: 1.86€ + 0.14€ level: 2 - HandId: #2696889434938277889-8-1675102223 - Holdem no limit (15/30) - 2023/01/30 18:10:23 UTC
Table: 'Expresso Nitro(627918503)#0' 3-max (real money) Seat #3 is the button
Seat 2: _SKR (275)
Seat 3: kent1_azn (625)
*** ANTE/BLINDS ***
kent1_azn posts small blind 15
_SKR posts big blind 30
Dealt to _SKR [Js 6c]
*** PRE-FLOP *** 
kent1_azn folds
_SKR collected 45 from pot
*** SUMMARY ***
Total pot 45 | No rake
Seat 2: _SKR (big blind) won 45


Winamax Poker - Tournament "Expresso Nitro" buyIn: 1.86€ + 0.14€ level: 2 - HandId: #2696889434938277889-9-1675102228 - Holdem no limit (15/30) - 2023/01/30 18:10:28 UTC
Table: 'Expresso Nitro(627918503)#0' 3-max (real money) Seat #2 is the button
Seat 2: _SKR (290)
Seat 3: kent1_azn (610)
*** ANTE/BLINDS ***
_SKR posts small blind 15
kent1_azn posts big blind 30
Dealt to _SKR [2s 7d]
*** PRE-FLOP *** 
_SKR folds
kent1_azn collected 45 from pot
*** SUMMARY ***
Total pot 45 | No rake
Seat 3: kent1_azn (big blind) won 45


Winamax Poker - Tournament "Expresso Nitro" buyIn: 1.86€ + 0.14€ level: 2 - HandId: #2696889434938277889-10-1675102234 - Holdem no limit (15/30) - 2023/01/30 18:10:34 UTC
Table: 'Expresso Nitro(627918503)#0' 3-max (real money) Seat #3 is the button
Seat 2: _SKR (275)
Seat 3: kent1_azn (625)
*** ANTE/BLINDS ***
kent1_azn posts small blind 15
_SKR posts big blind 30
Dealt to _SKR [9d 7h]
*** PRE-FLOP *** 
kent1_azn folds
_SKR collected 45 from pot
*** SUMMARY ***
Total pot 45 | No rake
Seat 2: _SKR (big blind) won 45


Winamax Poker - Tournament "Expresso Nitro" buyIn: 1.86€ + 0.14€ level: 2 - HandId: #2696889434938277889-11-1675102244 - Holdem no limit (15/30) - 2023/01/30 18:10:44 UTC
Table: 'Expresso Nitro(627918503)#0' 3-max (real money) Seat #2 is the button
Seat 2: _SKR (290)
Seat 3: kent1_azn (610)
*** ANTE/BLINDS ***
_SKR posts small blind 15
kent1_azn posts big blind 30
Dealt to _SKR [2h 2s]
*** PRE-FLOP *** 
_SKR raises 260 to 290 and is all-in
kent1_azn folds
_SKR collected 320 from pot
*** SUMMARY ***
Total pot 320 | No rake
Seat 2: _SKR (small blind) (button) won 320


Winamax Poker - Tournament "Expresso Nitro" buyIn: 1.86€ + 0.14€ level: 2 - HandId: #2696889434938277889-12-1675102250 - Holdem no limit (15/30) - 2023/01/30 18:10:50 UTC
Table: 'Expresso Nitro(627918503)#0' 3-max (real money) Seat #3 is the button
Seat 2: _SKR (320)
Seat 3: kent1_azn (580)
*** ANTE/BLINDS ***
kent1_azn posts small blind 15
_SKR posts big blind 30
Dealt to _SKR [Th Tc]
*** PRE-FLOP *** 
kent1_azn calls 15
_SKR raises 290 to 320 and is all-in
kent1_azn calls 290
*** FLOP *** [6c 2s 8c]
*** TURN *** [6c 2s 8c][8d]
*** RIVER *** [6c 2s 8c 8d][5d]
*** SHOW DOWN ***
_SKR shows [Th Tc] (Two pairs : Tens and 8)
kent1_azn shows [6s 6d] (Full of 6 and 8)
kent1_azn collected 640 from pot
*** SUMMARY ***
Total pot 640 | No rake
Board: [6c 2s 8c 8d 5d]
Seat 2: _SKR (big blind) showed [Th Tc] and lost with Two pairs : Tens and 8
Seat 3: kent1_azn (small blind) (button) showed [6s 6d] and won 640 with Full of 6 and 8


