Winamax Poker - Tournament "Expresso Nitro" buyIn: 0.93€ + 0.07€ level: 1 - HandId: #2689773335553769473-1-1674651089 - Holdem no limit (10/20) - 2023/01/25 12:51:29 UTC
Table: 'Expresso Nitro(626261657)#0' 3-max (real money) Seat #1 is the button
Seat 1: Chignolo (300)
Seat 2: _SKR (300)
Seat 3: Gautierauv (300)
*** ANTE/BLINDS ***
_SKR posts small blind 10
Gautierauv posts big blind 20
Dealt to _SKR [2c Qc]
*** PRE-FLOP *** 
Chignolo calls 20
_SKR folds
Gautierauv raises 20 to 40
Chignolo calls 20
*** FLOP *** [4c 8h 6d]
Gautierauv bets 20
Chignolo calls 20
*** TURN *** [4c 8h 6d][Ts]
Gautierauv bets 20
Chignolo raises 170 to 190
Gautierauv raises 50 to 240 and is all-in
Chignolo calls 50 and is all-in
*** RIVER *** [4c 8h 6d Ts][6h]
*** SHOW DOWN ***
Gautierauv shows [Th Ac] (Two pairs : Tens and 6)
Chignolo shows [6s Td] (Full of 6 and Tens)
Chignolo collected 610 from pot
*** SUMMARY ***
Total pot 610 | No rake
Board: [4c 8h 6d Ts 6h]
Seat 1: Chignolo (button) showed [6s Td] and won 610 with Full of 6 and Tens
Seat 3: Gautierauv (big blind) showed [Th Ac] and lost with Two pairs : Tens and 6


Winamax Poker - Tournament "Expresso Nitro" buyIn: 0.93€ + 0.07€ level: 1 - HandId: #2689773335553769473-2-1674651115 - Holdem no limit (10/20) - 2023/01/25 12:51:55 UTC
Table: 'Expresso Nitro(626261657)#0' 3-max (real money) Seat #1 is the button
Seat 1: Chignolo (610)
Seat 2: _SKR (290)
*** ANTE/BLINDS ***
Chignolo posts small blind 10
_SKR posts big blind 20
Dealt to _SKR [Ad Jd]
*** PRE-FLOP *** 
Chignolo calls 10
_SKR raises 270 to 290 and is all-in
Chignolo folds
_SKR collected 310 from pot
*** SUMMARY ***
Total pot 310 | No rake
Seat 2: _SKR (big blind) won 310


Winamax Poker - Tournament "Expresso Nitro" buyIn: 0.93€ + 0.07€ level: 1 - HandId: #2689773335553769473-3-1674651123 - Holdem no limit (10/20) - 2023/01/25 12:52:03 UTC
Table: 'Expresso Nitro(626261657)#0' 3-max (real money) Seat #2 is the button
Seat 1: Chignolo (590)
Seat 2: _SKR (310)
*** ANTE/BLINDS ***
_SKR posts small blind 10
Chignolo posts big blind 20
Dealt to _SKR [Qs 8h]
*** PRE-FLOP *** 
_SKR calls 10
Chignolo checks
*** FLOP *** [Qc Kh Jc]
Chignolo checks
_SKR checks
*** TURN *** [Qc Kh Jc][Qd]
Chignolo checks
_SKR bets 26
Chignolo folds
_SKR collected 66 from pot
*** SUMMARY ***
Total pot 66 | No rake
Board: [Qc Kh Jc Qd]
Seat 2: _SKR (small blind) (button) won 66


Winamax Poker - Tournament "Expresso Nitro" buyIn: 0.93€ + 0.07€ level: 1 - HandId: #2689773335553769473-4-1674651144 - Holdem no limit (10/20) - 2023/01/25 12:52:24 UTC
Table: 'Expresso Nitro(626261657)#0' 3-max (real money) Seat #1 is the button
Seat 1: Chignolo (570)
Seat 2: _SKR (330)
*** ANTE/BLINDS ***
Chignolo posts small blind 10
_SKR posts big blind 20
Dealt to _SKR [Kd 7s]
*** PRE-FLOP *** 
Chignolo folds
_SKR collected 30 from pot
*** SUMMARY ***
Total pot 30 | No rake
Seat 2: _SKR (big blind) won 30


Winamax Poker - Tournament "Expresso Nitro" buyIn: 0.93€ + 0.07€ level: 2 - HandId: #2689773335553769473-5-1674651148 - Holdem no limit (15/30) - 2023/01/25 12:52:28 UTC
Table: 'Expresso Nitro(626261657)#0' 3-max (real money) Seat #2 is the button
Seat 1: Chignolo (560)
Seat 2: _SKR (340)
*** ANTE/BLINDS ***
_SKR posts small blind 15
Chignolo posts big blind 30
Dealt to _SKR [7h Kd]
*** PRE-FLOP *** 
_SKR raises 310 to 340 and is all-in
Chignolo folds
_SKR collected 370 from pot
*** SUMMARY ***
Total pot 370 | No rake
Seat 2: _SKR (small blind) (button) won 370


Winamax Poker - Tournament "Expresso Nitro" buyIn: 0.93€ + 0.07€ level: 2 - HandId: #2689773335553769473-6-1674651155 - Holdem no limit (15/30) - 2023/01/25 12:52:35 UTC
Table: 'Expresso Nitro(626261657)#0' 3-max (real money) Seat #1 is the button
Seat 1: Chignolo (530)
Seat 2: _SKR (370)
*** ANTE/BLINDS ***
Chignolo posts small blind 15
_SKR posts big blind 30
Dealt to _SKR [Th 4s]
*** PRE-FLOP *** 
Chignolo calls 15
_SKR checks
*** FLOP *** [2c 7c 2d]
_SKR checks
Chignolo bets 60
_SKR folds
Chignolo collected 120 from pot
*** SUMMARY ***
Total pot 120 | No rake
Board: [2c 7c 2d]
Seat 1: Chignolo (small blind) (button) won 120


Winamax Poker - Tournament "Expresso Nitro" buyIn: 0.93€ + 0.07€ level: 2 - HandId: #2689773335553769473-7-1674651186 - Holdem no limit (15/30) - 2023/01/25 12:53:06 UTC
Table: 'Expresso Nitro(626261657)#0' 3-max (real money) Seat #2 is the button
Seat 1: Chignolo (560)
Seat 2: _SKR (340)
*** ANTE/BLINDS ***
_SKR posts small blind 15
Chignolo posts big blind 30
Dealt to _SKR [3c Qh]
*** PRE-FLOP *** 
_SKR folds
Chignolo collected 45 from pot
*** SUMMARY ***
Total pot 45 | No rake
Seat 1: Chignolo (big blind) won 45


Winamax Poker - Tournament "Expresso Nitro" buyIn: 0.93€ + 0.07€ level: 2 - HandId: #2689773335553769473-8-1674651190 - Holdem no limit (15/30) - 2023/01/25 12:53:10 UTC
Table: 'Expresso Nitro(626261657)#0' 3-max (real money) Seat #1 is the button
Seat 1: Chignolo (575)
Seat 2: _SKR (325)
*** ANTE/BLINDS ***
Chignolo posts small blind 15
_SKR posts big blind 30
Dealt to _SKR [Jc 4s]
*** PRE-FLOP *** 
Chignolo folds
_SKR collected 45 from pot
*** SUMMARY ***
Total pot 45 | No rake
Seat 2: _SKR (big blind) won 45


Winamax Poker - Tournament "Expresso Nitro" buyIn: 0.93€ + 0.07€ level: 2 - HandId: #2689773335553769473-9-1674651194 - Holdem no limit (15/30) - 2023/01/25 12:53:14 UTC
Table: 'Expresso Nitro(626261657)#0' 3-max (real money) Seat #2 is the button
Seat 1: Chignolo (560)
Seat 2: _SKR (340)
*** ANTE/BLINDS ***
_SKR posts small blind 15
Chignolo posts big blind 30
Dealt to _SKR [Ac 3s]
*** PRE-FLOP *** 
_SKR raises 310 to 340 and is all-in
Chignolo folds
_SKR collected 370 from pot
*** SUMMARY ***
Total pot 370 | No rake
Seat 2: _SKR (small blind) (button) won 370


Winamax Poker - Tournament "Expresso Nitro" buyIn: 0.93€ + 0.07€ level: 2 - HandId: #2689773335553769473-10-1674651199 - Holdem no limit (15/30) - 2023/01/25 12:53:19 UTC
Table: 'Expresso Nitro(626261657)#0' 3-max (real money) Seat #1 is the button
Seat 1: Chignolo (530)
Seat 2: _SKR (370)
*** ANTE/BLINDS ***
Chignolo posts small blind 15
_SKR posts big blind 30
Dealt to _SKR [Tc 5c]
*** PRE-FLOP *** 
Chignolo raises 60 to 90
_SKR folds
Chignolo collected 120 from pot
*** SUMMARY ***
Total pot 120 | No rake
Seat 1: Chignolo (small blind) (button) won 120


Winamax Poker - Tournament "Expresso Nitro" buyIn: 0.93€ + 0.07€ level: 2 - HandId: #2689773335553769473-11-1674651204 - Holdem no limit (15/30) - 2023/01/25 12:53:24 UTC
Table: 'Expresso Nitro(626261657)#0' 3-max (real money) Seat #2 is the button
Seat 1: Chignolo (560)
Seat 2: _SKR (340)
*** ANTE/BLINDS ***
_SKR posts small blind 15
Chignolo posts big blind 30
Dealt to _SKR [4s Jc]
*** PRE-FLOP *** 
_SKR folds
Chignolo collected 45 from pot
*** SUMMARY ***
Total pot 45 | No rake
Seat 1: Chignolo (big blind) won 45


Winamax Poker - Tournament "Expresso Nitro" buyIn: 0.93€ + 0.07€ level: 3 - HandId: #2689773335553769473-12-1674651212 - Holdem no limit (20/40) - 2023/01/25 12:53:32 UTC
Table: 'Expresso Nitro(626261657)#0' 3-max (real money) Seat #1 is the button
Seat 1: Chignolo (575)
Seat 2: _SKR (325)
*** ANTE/BLINDS ***
Chignolo posts small blind 20
_SKR posts big blind 40
Dealt to _SKR [6c 9d]
*** PRE-FLOP *** 
Chignolo raises 80 to 120
_SKR folds
Chignolo collected 160 from pot
*** SUMMARY ***
Total pot 160 | No rake
Seat 1: Chignolo (small blind) (button) won 160


Winamax Poker - Tournament "Expresso Nitro" buyIn: 0.93€ + 0.07€ level: 3 - HandId: #2689773335553769473-13-1674651216 - Holdem no limit (20/40) - 2023/01/25 12:53:36 UTC
Table: 'Expresso Nitro(626261657)#0' 3-max (real money) Seat #2 is the button
Seat 1: Chignolo (615)
Seat 2: _SKR (285)
*** ANTE/BLINDS ***
_SKR posts small blind 20
Chignolo posts big blind 40
Dealt to _SKR [Qh 2c]
*** PRE-FLOP *** 
_SKR folds
Chignolo collected 60 from pot
*** SUMMARY ***
Total pot 60 | No rake
Seat 1: Chignolo (big blind) won 60


Winamax Poker - Tournament "Expresso Nitro" buyIn: 0.93€ + 0.07€ level: 3 - HandId: #2689773335553769473-14-1674651224 - Holdem no limit (20/40) - 2023/01/25 12:53:44 UTC
Table: 'Expresso Nitro(626261657)#0' 3-max (real money) Seat #1 is the button
Seat 1: Chignolo (635)
Seat 2: _SKR (265)
*** ANTE/BLINDS ***
Chignolo posts small blind 20
_SKR posts big blind 40
Dealt to _SKR [Ah 9s]
*** PRE-FLOP *** 
Chignolo calls 20
_SKR raises 225 to 265 and is all-in
Chignolo folds
_SKR collected 305 from pot
*** SUMMARY ***
Total pot 305 | No rake
Seat 2: _SKR (big blind) won 305


Winamax Poker - Tournament "Expresso Nitro" buyIn: 0.93€ + 0.07€ level: 3 - HandId: #2689773335553769473-15-1674651235 - Holdem no limit (20/40) - 2023/01/25 12:53:55 UTC
Table: 'Expresso Nitro(626261657)#0' 3-max (real money) Seat #2 is the button
Seat 1: Chignolo (595)
Seat 2: _SKR (305)
*** ANTE/BLINDS ***
_SKR posts small blind 20
Chignolo posts big blind 40
Dealt to _SKR [Jc Qs]
*** PRE-FLOP *** 
_SKR raises 265 to 305 and is all-in
Chignolo folds
_SKR collected 345 from pot
*** SUMMARY ***
Total pot 345 | No rake
Seat 2: _SKR (small blind) (button) won 345


Winamax Poker - Tournament "Expresso Nitro" buyIn: 0.93€ + 0.07€ level: 3 - HandId: #2689773335553769473-16-1674651243 - Holdem no limit (20/40) - 2023/01/25 12:54:03 UTC
Table: 'Expresso Nitro(626261657)#0' 3-max (real money) Seat #1 is the button
Seat 1: Chignolo (555)
Seat 2: _SKR (345)
*** ANTE/BLINDS ***
Chignolo posts small blind 20
_SKR posts big blind 40
Dealt to _SKR [5h 7c]
*** PRE-FLOP *** 
Chignolo folds
_SKR collected 60 from pot
*** SUMMARY ***
Total pot 60 | No rake
Seat 2: _SKR (big blind) won 60


Winamax Poker - Tournament "Expresso Nitro" buyIn: 0.93€ + 0.07€ level: 3 - HandId: #2689773335553769473-17-1674651247 - Holdem no limit (20/40) - 2023/01/25 12:54:07 UTC
Table: 'Expresso Nitro(626261657)#0' 3-max (real money) Seat #2 is the button
Seat 1: Chignolo (535)
Seat 2: _SKR (365)
*** ANTE/BLINDS ***
_SKR posts small blind 20
Chignolo posts big blind 40
Dealt to _SKR [3c Jc]
*** PRE-FLOP *** 
_SKR folds
Chignolo collected 60 from pot
*** SUMMARY ***
Total pot 60 | No rake
Seat 1: Chignolo (big blind) won 60


Winamax Poker - Tournament "Expresso Nitro" buyIn: 0.93€ + 0.07€ level: 3 - HandId: #2689773335553769473-18-1674651253 - Holdem no limit (20/40) - 2023/01/25 12:54:13 UTC
Table: 'Expresso Nitro(626261657)#0' 3-max (real money) Seat #1 is the button
Seat 1: Chignolo (555)
Seat 2: _SKR (345)
*** ANTE/BLINDS ***
Chignolo posts small blind 20
_SKR posts big blind 40
Dealt to _SKR [2c 7d]
*** PRE-FLOP *** 
Chignolo raises 60 to 100
_SKR folds
Chignolo collected 140 from pot
*** SUMMARY ***
Total pot 140 | No rake
Seat 1: Chignolo (small blind) (button) won 140


Winamax Poker - Tournament "Expresso Nitro" buyIn: 0.93€ + 0.07€ level: 3 - HandId: #2689773335553769473-19-1674651264 - Holdem no limit (20/40) - 2023/01/25 12:54:24 UTC
Table: 'Expresso Nitro(626261657)#0' 3-max (real money) Seat #2 is the button
Seat 1: Chignolo (595)
Seat 2: _SKR (305)
*** ANTE/BLINDS ***
_SKR posts small blind 20
Chignolo posts big blind 40
Dealt to _SKR [Td 5s]
*** PRE-FLOP *** 
_SKR folds
Chignolo collected 60 from pot
*** SUMMARY ***
Total pot 60 | No rake
Seat 1: Chignolo (big blind) won 60


Winamax Poker - Tournament "Expresso Nitro" buyIn: 0.93€ + 0.07€ level: 4 - HandId: #2689773335553769473-20-1674651267 - Holdem no limit (30/60) - 2023/01/25 12:54:27 UTC
Table: 'Expresso Nitro(626261657)#0' 3-max (real money) Seat #1 is the button
Seat 1: Chignolo (615)
Seat 2: _SKR (285)
*** ANTE/BLINDS ***
Chignolo posts small blind 30
_SKR posts big blind 60
Dealt to _SKR [6c 5c]
*** PRE-FLOP *** 
Chignolo folds
_SKR collected 90 from pot
*** SUMMARY ***
Total pot 90 | No rake
Seat 2: _SKR (big blind) won 90


Winamax Poker - Tournament "Expresso Nitro" buyIn: 0.93€ + 0.07€ level: 4 - HandId: #2689773335553769473-21-1674651271 - Holdem no limit (30/60) - 2023/01/25 12:54:31 UTC
Table: 'Expresso Nitro(626261657)#0' 3-max (real money) Seat #2 is the button
Seat 1: Chignolo (585)
Seat 2: _SKR (315)
*** ANTE/BLINDS ***
_SKR posts small blind 30
Chignolo posts big blind 60
Dealt to _SKR [6h 4c]
*** PRE-FLOP *** 
_SKR folds
Chignolo collected 90 from pot
*** SUMMARY ***
Total pot 90 | No rake
Seat 1: Chignolo (big blind) won 90


Winamax Poker - Tournament "Expresso Nitro" buyIn: 0.93€ + 0.07€ level: 4 - HandId: #2689773335553769473-22-1674651275 - Holdem no limit (30/60) - 2023/01/25 12:54:35 UTC
Table: 'Expresso Nitro(626261657)#0' 3-max (real money) Seat #1 is the button
Seat 1: Chignolo (615)
Seat 2: _SKR (285)
*** ANTE/BLINDS ***
Chignolo posts small blind 30
_SKR posts big blind 60
Dealt to _SKR [Ks Ac]
*** PRE-FLOP *** 
Chignolo raises 60 to 120
_SKR raises 165 to 285 and is all-in
Chignolo calls 165
*** FLOP *** [4h Qc Td]
*** TURN *** [4h Qc Td][Ad]
*** RIVER *** [4h Qc Td Ad][Kh]
*** SHOW DOWN ***
Chignolo shows [7s 6s] (High card : Ace)
_SKR shows [Ks Ac] (Two pairs : Aces and Kings)
_SKR collected 570 from pot
*** SUMMARY ***
Total pot 570 | No rake
Board: [4h Qc Td Ad Kh]
Seat 1: Chignolo (small blind) (button) showed [7s 6s] and lost with High card : Ace
Seat 2: _SKR (big blind) showed [Ks Ac] and won 570 with Two pairs : Aces and Kings


Winamax Poker - Tournament "Expresso Nitro" buyIn: 0.93€ + 0.07€ level: 4 - HandId: #2689773335553769473-23-1674651292 - Holdem no limit (30/60) - 2023/01/25 12:54:52 UTC
Table: 'Expresso Nitro(626261657)#0' 3-max (real money) Seat #2 is the button
Seat 1: Chignolo (330)
Seat 2: _SKR (570)
*** ANTE/BLINDS ***
_SKR posts small blind 30
Chignolo posts big blind 60
Dealt to _SKR [4s 5d]
*** PRE-FLOP *** 
_SKR folds
Chignolo collected 90 from pot
*** SUMMARY ***
Total pot 90 | No rake
Seat 1: Chignolo (big blind) won 90


Winamax Poker - Tournament "Expresso Nitro" buyIn: 0.93€ + 0.07€ level: 4 - HandId: #2689773335553769473-24-1674651295 - Holdem no limit (30/60) - 2023/01/25 12:54:55 UTC
Table: 'Expresso Nitro(626261657)#0' 3-max (real money) Seat #1 is the button
Seat 1: Chignolo (360)
Seat 2: _SKR (540)
*** ANTE/BLINDS ***
Chignolo posts small blind 30
_SKR posts big blind 60
Dealt to _SKR [3c 8d]
*** PRE-FLOP *** 
Chignolo folds
_SKR collected 90 from pot
*** SUMMARY ***
Total pot 90 | No rake
Seat 2: _SKR (big blind) won 90


Winamax Poker - Tournament "Expresso Nitro" buyIn: 0.93€ + 0.07€ level: 4 - HandId: #2689773335553769473-25-1674651299 - Holdem no limit (30/60) - 2023/01/25 12:54:59 UTC
Table: 'Expresso Nitro(626261657)#0' 3-max (real money) Seat #2 is the button
Seat 1: Chignolo (330)
Seat 2: _SKR (570)
*** ANTE/BLINDS ***
_SKR posts small blind 30
Chignolo posts big blind 60
Dealt to _SKR [Jc Kc]
*** PRE-FLOP *** 
_SKR raises 510 to 570 and is all-in
Chignolo folds
_SKR collected 630 from pot
*** SUMMARY ***
Total pot 630 | No rake
Seat 2: _SKR (small blind) (button) won 630


Winamax Poker - Tournament "Expresso Nitro" buyIn: 0.93€ + 0.07€ level: 4 - HandId: #2689773335553769473-26-1674651311 - Holdem no limit (30/60) - 2023/01/25 12:55:11 UTC
Table: 'Expresso Nitro(626261657)#0' 3-max (real money) Seat #1 is the button
Seat 1: Chignolo (270)
Seat 2: _SKR (630)
*** ANTE/BLINDS ***
Chignolo posts small blind 30
_SKR posts big blind 60
Dealt to _SKR [Qs 2d]
*** PRE-FLOP *** 
Chignolo raises 210 to 270 and is all-in
_SKR folds
Chignolo collected 330 from pot
*** SUMMARY ***
Total pot 330 | No rake
Seat 1: Chignolo (small blind) (button) won 330


Winamax Poker - Tournament "Expresso Nitro" buyIn: 0.93€ + 0.07€ level: 4 - HandId: #2689773335553769473-27-1674651317 - Holdem no limit (30/60) - 2023/01/25 12:55:17 UTC
Table: 'Expresso Nitro(626261657)#0' 3-max (real money) Seat #2 is the button
Seat 1: Chignolo (330)
Seat 2: _SKR (570)
*** ANTE/BLINDS ***
_SKR posts small blind 30
Chignolo posts big blind 60
Dealt to _SKR [3h 6c]
*** PRE-FLOP *** 
_SKR folds
Chignolo collected 90 from pot
*** SUMMARY ***
Total pot 90 | No rake
Seat 1: Chignolo (big blind) won 90


Winamax Poker - Tournament "Expresso Nitro" buyIn: 0.93€ + 0.07€ level: 4 - HandId: #2689773335553769473-28-1674651322 - Holdem no limit (30/60) - 2023/01/25 12:55:22 UTC
Table: 'Expresso Nitro(626261657)#0' 3-max (real money) Seat #1 is the button
Seat 1: Chignolo (360)
Seat 2: _SKR (540)
*** ANTE/BLINDS ***
Chignolo posts small blind 30
_SKR posts big blind 60
Dealt to _SKR [3d 7s]
*** PRE-FLOP *** 
Chignolo folds
_SKR collected 90 from pot
*** SUMMARY ***
Total pot 90 | No rake
Seat 2: _SKR (big blind) won 90


Winamax Poker - Tournament "Expresso Nitro" buyIn: 0.93€ + 0.07€ level: 5 - HandId: #2689773335553769473-29-1674651325 - Holdem no limit (40/80) - 2023/01/25 12:55:25 UTC
Table: 'Expresso Nitro(626261657)#0' 3-max (real money) Seat #2 is the button
Seat 1: Chignolo (330)
Seat 2: _SKR (570)
*** ANTE/BLINDS ***
_SKR posts small blind 40
Chignolo posts big blind 80
Dealt to _SKR [4d Qs]
*** PRE-FLOP *** 
_SKR raises 490 to 570 and is all-in
Chignolo folds
_SKR collected 650 from pot
*** SUMMARY ***
Total pot 650 | No rake
Seat 2: _SKR (small blind) (button) won 650


Winamax Poker - Tournament "Expresso Nitro" buyIn: 0.93€ + 0.07€ level: 5 - HandId: #2689773335553769473-30-1674651331 - Holdem no limit (40/80) - 2023/01/25 12:55:31 UTC
Table: 'Expresso Nitro(626261657)#0' 3-max (real money) Seat #1 is the button
Seat 1: Chignolo (250)
Seat 2: _SKR (650)
*** ANTE/BLINDS ***
Chignolo posts small blind 40
_SKR posts big blind 80
Dealt to _SKR [3c 7s]
*** PRE-FLOP *** 
Chignolo raises 170 to 250 and is all-in
_SKR folds
Chignolo collected 330 from pot
*** SUMMARY ***
Total pot 330 | No rake
Seat 1: Chignolo (small blind) (button) won 330


Winamax Poker - Tournament "Expresso Nitro" buyIn: 0.93€ + 0.07€ level: 5 - HandId: #2689773335553769473-31-1674651336 - Holdem no limit (40/80) - 2023/01/25 12:55:36 UTC
Table: 'Expresso Nitro(626261657)#0' 3-max (real money) Seat #2 is the button
Seat 1: Chignolo (330)
Seat 2: _SKR (570)
*** ANTE/BLINDS ***
_SKR posts small blind 40
Chignolo posts big blind 80
Dealt to _SKR [Th Kc]
*** PRE-FLOP *** 
_SKR raises 490 to 570 and is all-in
Chignolo folds
_SKR collected 650 from pot
*** SUMMARY ***
Total pot 650 | No rake
Seat 2: _SKR (small blind) (button) won 650


Winamax Poker - Tournament "Expresso Nitro" buyIn: 0.93€ + 0.07€ level: 5 - HandId: #2689773335553769473-32-1674651342 - Holdem no limit (40/80) - 2023/01/25 12:55:42 UTC
Table: 'Expresso Nitro(626261657)#0' 3-max (real money) Seat #1 is the button
Seat 1: Chignolo (250)
Seat 2: _SKR (650)
*** ANTE/BLINDS ***
Chignolo posts small blind 40
_SKR posts big blind 80
Dealt to _SKR [3h 9c]
*** PRE-FLOP *** 
Chignolo raises 170 to 250 and is all-in
_SKR folds
Chignolo collected 330 from pot
*** SUMMARY ***
Total pot 330 | No rake
Seat 1: Chignolo (small blind) (button) won 330


Winamax Poker - Tournament "Expresso Nitro" buyIn: 0.93€ + 0.07€ level: 5 - HandId: #2689773335553769473-33-1674651354 - Holdem no limit (40/80) - 2023/01/25 12:55:54 UTC
Table: 'Expresso Nitro(626261657)#0' 3-max (real money) Seat #2 is the button
Seat 1: Chignolo (330)
Seat 2: _SKR (570)
*** ANTE/BLINDS ***
_SKR posts small blind 40
Chignolo posts big blind 80
Dealt to _SKR [7s 2c]
*** PRE-FLOP *** 
_SKR folds
Chignolo collected 120 from pot
*** SUMMARY ***
Total pot 120 | No rake
Seat 1: Chignolo (big blind) won 120


Winamax Poker - Tournament "Expresso Nitro" buyIn: 0.93€ + 0.07€ level: 5 - HandId: #2689773335553769473-34-1674651364 - Holdem no limit (40/80) - 2023/01/25 12:56:04 UTC
Table: 'Expresso Nitro(626261657)#0' 3-max (real money) Seat #1 is the button
Seat 1: Chignolo (370)
Seat 2: _SKR (530)
*** ANTE/BLINDS ***
Chignolo posts small blind 40
_SKR posts big blind 80
Dealt to _SKR [3c As]
*** PRE-FLOP *** 
Chignolo folds
_SKR collected 120 from pot
*** SUMMARY ***
Total pot 120 | No rake
Seat 2: _SKR (big blind) won 120


Winamax Poker - Tournament "Expresso Nitro" buyIn: 0.93€ + 0.07€ level: 5 - HandId: #2689773335553769473-35-1674651368 - Holdem no limit (40/80) - 2023/01/25 12:56:08 UTC
Table: 'Expresso Nitro(626261657)#0' 3-max (real money) Seat #2 is the button
Seat 1: Chignolo (330)
Seat 2: _SKR (570)
*** ANTE/BLINDS ***
_SKR posts small blind 40
Chignolo posts big blind 80
Dealt to _SKR [4d 3s]
*** PRE-FLOP *** 
_SKR folds
Chignolo collected 120 from pot
*** SUMMARY ***
Total pot 120 | No rake
Seat 1: Chignolo (big blind) won 120


Winamax Poker - Tournament "Expresso Nitro" buyIn: 0.93€ + 0.07€ level: 5 - HandId: #2689773335553769473-36-1674651372 - Holdem no limit (40/80) - 2023/01/25 12:56:12 UTC
Table: 'Expresso Nitro(626261657)#0' 3-max (real money) Seat #1 is the button
Seat 1: Chignolo (370)
Seat 2: _SKR (530)
*** ANTE/BLINDS ***
Chignolo posts small blind 40
_SKR posts big blind 80
Dealt to _SKR [Ah 7c]
*** PRE-FLOP *** 
Chignolo raises 290 to 370 and is all-in
_SKR raises 160 to 530 and is all-in
*** FLOP *** [7s 9h 4c]
*** TURN *** [7s 9h 4c][3h]
*** RIVER *** [7s 9h 4c 3h][7h]
*** SHOW DOWN ***
Chignolo shows [Td As] (One pair : 7)
_SKR shows [Ah 7c] (Trips of 7)
_SKR collected 900 from pot
*** SUMMARY ***
Total pot 900 | No rake
Board: [7s 9h 4c 3h 7h]
Seat 1: Chignolo (small blind) (button) showed [Td As] and lost with One pair : 7
Seat 2: _SKR (big blind) showed [Ah 7c] and won 900 with Trips of 7


