Winamax Poker - Tournament "Expresso Nitro" buyIn: 1.86€ + 0.14€ level: 1 - HandId: #2696861341557194753-1-1675101033 - Holdem no limit (10/20) - 2023/01/30 17:50:33 UTC
Table: 'Expresso Nitro(627911962)#0' 3-max (real money) Seat #2 is the button
Seat 1: macaronee (300)
Seat 2: erickmars131 (300)
Seat 3: _SKR (300)
*** ANTE/BLINDS ***
_SKR posts small blind 10
macaronee posts big blind 20
Dealt to _SKR [Ah 9d]
*** PRE-FLOP *** 
erickmars131 raises 30 to 50
_SKR folds
macaronee calls 30
*** FLOP *** [Qd Js Qs]
macaronee checks
erickmars131 bets 250 and is all-in
macaronee folds
erickmars131 collected 360 from pot
*** SUMMARY ***
Total pot 360 | No rake
Board: [Qd Js Qs]
Seat 2: erickmars131 (button) won 360


Winamax Poker - Tournament "Expresso Nitro" buyIn: 1.86€ + 0.14€ level: 1 - HandId: #2696861341557194753-2-1675101047 - Holdem no limit (10/20) - 2023/01/30 17:50:47 UTC
Table: 'Expresso Nitro(627911962)#0' 3-max (real money) Seat #3 is the button
Seat 1: macaronee (250)
Seat 2: erickmars131 (360)
Seat 3: _SKR (290)
*** ANTE/BLINDS ***
macaronee posts small blind 10
erickmars131 posts big blind 20
Dealt to _SKR [8c 6h]
*** PRE-FLOP *** 
_SKR folds
macaronee raises 20 to 40
erickmars131 raises 320 to 360 and is all-in
macaronee folds
erickmars131 collected 400 from pot
*** SUMMARY ***
Total pot 400 | No rake
Seat 2: erickmars131 (big blind) won 400


Winamax Poker - Tournament "Expresso Nitro" buyIn: 1.86€ + 0.14€ level: 1 - HandId: #2696861341557194753-3-1675101058 - Holdem no limit (10/20) - 2023/01/30 17:50:58 UTC
Table: 'Expresso Nitro(627911962)#0' 3-max (real money) Seat #1 is the button
Seat 1: macaronee (210)
Seat 2: erickmars131 (400)
Seat 3: _SKR (290)
*** ANTE/BLINDS ***
erickmars131 posts small blind 10
_SKR posts big blind 20
Dealt to _SKR [Jd 6c]
*** PRE-FLOP *** 
macaronee raises 190 to 210 and is all-in
erickmars131 folds
_SKR folds
macaronee collected 240 from pot
*** SUMMARY ***
Total pot 240 | No rake
Seat 1: macaronee (button) won 240


Winamax Poker - Tournament "Expresso Nitro" buyIn: 1.86€ + 0.14€ level: 1 - HandId: #2696861341557194753-4-1675101070 - Holdem no limit (10/20) - 2023/01/30 17:51:10 UTC
Table: 'Expresso Nitro(627911962)#0' 3-max (real money) Seat #2 is the button
Seat 1: macaronee (240)
Seat 2: erickmars131 (390)
Seat 3: _SKR (270)
*** ANTE/BLINDS ***
_SKR posts small blind 10
macaronee posts big blind 20
Dealt to _SKR [2s 7c]
*** PRE-FLOP *** 
erickmars131 raises 30 to 50
_SKR folds
macaronee folds
erickmars131 collected 80 from pot
*** SUMMARY ***
Total pot 80 | No rake
Seat 2: erickmars131 (button) won 80


Winamax Poker - Tournament "Expresso Nitro" buyIn: 1.86€ + 0.14€ level: 1 - HandId: #2696861341557194753-5-1675101080 - Holdem no limit (10/20) - 2023/01/30 17:51:20 UTC
Table: 'Expresso Nitro(627911962)#0' 3-max (real money) Seat #3 is the button
Seat 1: macaronee (220)
Seat 2: erickmars131 (420)
Seat 3: _SKR (260)
*** ANTE/BLINDS ***
macaronee posts small blind 10
erickmars131 posts big blind 20
Dealt to _SKR [5s 6d]
*** PRE-FLOP *** 
_SKR folds
macaronee raises 200 to 220 and is all-in
erickmars131 folds
macaronee collected 240 from pot
*** SUMMARY ***
Total pot 240 | No rake
Seat 1: macaronee (small blind) won 240


Winamax Poker - Tournament "Expresso Nitro" buyIn: 1.86€ + 0.14€ level: 2 - HandId: #2696861341557194753-6-1675101090 - Holdem no limit (15/30) - 2023/01/30 17:51:30 UTC
Table: 'Expresso Nitro(627911962)#0' 3-max (real money) Seat #1 is the button
Seat 1: macaronee (240)
Seat 2: erickmars131 (400)
Seat 3: _SKR (260)
*** ANTE/BLINDS ***
erickmars131 posts small blind 15
_SKR posts big blind 30
Dealt to _SKR [Kd 5s]
*** PRE-FLOP *** 
macaronee raises 210 to 240 and is all-in
erickmars131 folds
_SKR folds
macaronee collected 285 from pot
*** SUMMARY ***
Total pot 285 | No rake
Seat 1: macaronee (button) won 285


Winamax Poker - Tournament "Expresso Nitro" buyIn: 1.86€ + 0.14€ level: 2 - HandId: #2696861341557194753-7-1675101098 - Holdem no limit (15/30) - 2023/01/30 17:51:38 UTC
Table: 'Expresso Nitro(627911962)#0' 3-max (real money) Seat #2 is the button
Seat 1: macaronee (285)
Seat 2: erickmars131 (385)
Seat 3: _SKR (230)
*** ANTE/BLINDS ***
_SKR posts small blind 15
macaronee posts big blind 30
Dealt to _SKR [6h 7h]
*** PRE-FLOP *** 
erickmars131 raises 45 to 75
_SKR folds
macaronee raises 210 to 285 and is all-in
erickmars131 calls 210
*** FLOP *** [7d 8c Ac]
*** TURN *** [7d 8c Ac][Td]
*** RIVER *** [7d 8c Ac Td][Ks]
*** SHOW DOWN ***
macaronee shows [4d 4c] (One pair : 4)
erickmars131 shows [Qh Kh] (One pair : Kings)
erickmars131 collected 585 from pot
*** SUMMARY ***
Total pot 585 | No rake
Board: [7d 8c Ac Td Ks]
Seat 1: macaronee (big blind) showed [4d 4c] and lost with One pair : 4
Seat 2: erickmars131 (button) showed [Qh Kh] and won 585 with One pair : Kings


Winamax Poker - Tournament "Expresso Nitro" buyIn: 1.86€ + 0.14€ level: 2 - HandId: #2696861341557194753-8-1675101121 - Holdem no limit (15/30) - 2023/01/30 17:52:01 UTC
Table: 'Expresso Nitro(627911962)#0' 3-max (real money) Seat #2 is the button
Seat 2: erickmars131 (685)
Seat 3: _SKR (215)
*** ANTE/BLINDS ***
erickmars131 posts small blind 15
_SKR posts big blind 30
Dealt to _SKR [Td 5s]
*** PRE-FLOP *** 
erickmars131 raises 30 to 60
_SKR folds
erickmars131 collected 90 from pot
*** SUMMARY ***
Total pot 90 | No rake
Seat 2: erickmars131 (small blind) (button) won 90


Winamax Poker - Tournament "Expresso Nitro" buyIn: 1.86€ + 0.14€ level: 2 - HandId: #2696861341557194753-9-1675101128 - Holdem no limit (15/30) - 2023/01/30 17:52:08 UTC
Table: 'Expresso Nitro(627911962)#0' 3-max (real money) Seat #3 is the button
Seat 2: erickmars131 (715)
Seat 3: _SKR (185)
*** ANTE/BLINDS ***
_SKR posts small blind 15
erickmars131 posts big blind 30
Dealt to _SKR [9d Kc]
*** PRE-FLOP *** 
_SKR raises 155 to 185 and is all-in
erickmars131 folds
_SKR collected 215 from pot
*** SUMMARY ***
Total pot 215 | No rake
Seat 3: _SKR (small blind) (button) won 215


Winamax Poker - Tournament "Expresso Nitro" buyIn: 1.86€ + 0.14€ level: 2 - HandId: #2696861341557194753-10-1675101133 - Holdem no limit (15/30) - 2023/01/30 17:52:13 UTC
Table: 'Expresso Nitro(627911962)#0' 3-max (real money) Seat #2 is the button
Seat 2: erickmars131 (685)
Seat 3: _SKR (215)
*** ANTE/BLINDS ***
erickmars131 posts small blind 15
_SKR posts big blind 30
Dealt to _SKR [5h Jd]
*** PRE-FLOP *** 
erickmars131 raises 655 to 685 and is all-in
_SKR folds
erickmars131 collected 715 from pot
*** SUMMARY ***
Total pot 715 | No rake
Seat 2: erickmars131 (small blind) (button) won 715


Winamax Poker - Tournament "Expresso Nitro" buyIn: 1.86€ + 0.14€ level: 2 - HandId: #2696861341557194753-11-1675101141 - Holdem no limit (15/30) - 2023/01/30 17:52:21 UTC
Table: 'Expresso Nitro(627911962)#0' 3-max (real money) Seat #3 is the button
Seat 2: erickmars131 (715)
Seat 3: _SKR (185)
*** ANTE/BLINDS ***
_SKR posts small blind 15
erickmars131 posts big blind 30
Dealt to _SKR [3s As]
*** PRE-FLOP *** 
_SKR raises 155 to 185 and is all-in
erickmars131 folds
_SKR collected 215 from pot
*** SUMMARY ***
Total pot 215 | No rake
Seat 3: _SKR (small blind) (button) won 215


Winamax Poker - Tournament "Expresso Nitro" buyIn: 1.86€ + 0.14€ level: 2 - HandId: #2696861341557194753-12-1675101146 - Holdem no limit (15/30) - 2023/01/30 17:52:26 UTC
Table: 'Expresso Nitro(627911962)#0' 3-max (real money) Seat #2 is the button
Seat 2: erickmars131 (685)
Seat 3: _SKR (215)
*** ANTE/BLINDS ***
erickmars131 posts small blind 15
_SKR posts big blind 30
Dealt to _SKR [Qc Td]
*** PRE-FLOP *** 
erickmars131 raises 45 to 75
_SKR folds
erickmars131 collected 105 from pot
*** SUMMARY ***
Total pot 105 | No rake
Seat 2: erickmars131 (small blind) (button) won 105


Winamax Poker - Tournament "Expresso Nitro" buyIn: 1.86€ + 0.14€ level: 3 - HandId: #2696861341557194753-13-1675101155 - Holdem no limit (20/40) - 2023/01/30 17:52:35 UTC
Table: 'Expresso Nitro(627911962)#0' 3-max (real money) Seat #3 is the button
Seat 2: erickmars131 (715)
Seat 3: _SKR (185)
*** ANTE/BLINDS ***
_SKR posts small blind 20
erickmars131 posts big blind 40
Dealt to _SKR [7d Ks]
*** PRE-FLOP *** 
_SKR raises 145 to 185 and is all-in
erickmars131 folds
_SKR collected 225 from pot
*** SUMMARY ***
Total pot 225 | No rake
Seat 3: _SKR (small blind) (button) won 225


Winamax Poker - Tournament "Expresso Nitro" buyIn: 1.86€ + 0.14€ level: 3 - HandId: #2696861341557194753-14-1675101161 - Holdem no limit (20/40) - 2023/01/30 17:52:41 UTC
Table: 'Expresso Nitro(627911962)#0' 3-max (real money) Seat #2 is the button
Seat 2: erickmars131 (675)
Seat 3: _SKR (225)
*** ANTE/BLINDS ***
erickmars131 posts small blind 20
_SKR posts big blind 40
Dealt to _SKR [4s 8h]
*** PRE-FLOP *** 
erickmars131 raises 635 to 675 and is all-in
_SKR folds
erickmars131 collected 715 from pot
*** SUMMARY ***
Total pot 715 | No rake
Seat 2: erickmars131 (small blind) (button) won 715


Winamax Poker - Tournament "Expresso Nitro" buyIn: 1.86€ + 0.14€ level: 3 - HandId: #2696861341557194753-15-1675101166 - Holdem no limit (20/40) - 2023/01/30 17:52:46 UTC
Table: 'Expresso Nitro(627911962)#0' 3-max (real money) Seat #3 is the button
Seat 2: erickmars131 (715)
Seat 3: _SKR (185)
*** ANTE/BLINDS ***
_SKR posts small blind 20
erickmars131 posts big blind 40
Dealt to _SKR [6d Kd]
*** PRE-FLOP *** 
_SKR raises 145 to 185 and is all-in
erickmars131 calls 145
*** FLOP *** [Kc Th 2c]
*** TURN *** [Kc Th 2c][5d]
*** RIVER *** [Kc Th 2c 5d][Tc]
*** SHOW DOWN ***
erickmars131 shows [Ac Qs] (One pair : Tens)
_SKR shows [6d Kd] (Two pairs : Kings and Tens)
_SKR collected 370 from pot
*** SUMMARY ***
Total pot 370 | No rake
Board: [Kc Th 2c 5d Tc]
Seat 2: erickmars131 (big blind) showed [Ac Qs] and lost with One pair : Tens
Seat 3: _SKR (small blind) (button) showed [6d Kd] and won 370 with Two pairs : Kings and Tens


Winamax Poker - Tournament "Expresso Nitro" buyIn: 1.86€ + 0.14€ level: 3 - HandId: #2696861341557194753-16-1675101180 - Holdem no limit (20/40) - 2023/01/30 17:53:00 UTC
Table: 'Expresso Nitro(627911962)#0' 3-max (real money) Seat #2 is the button
Seat 2: erickmars131 (530)
Seat 3: _SKR (370)
*** ANTE/BLINDS ***
erickmars131 posts small blind 20
_SKR posts big blind 40
Dealt to _SKR [7c 3c]
*** PRE-FLOP *** 
erickmars131 calls 20
_SKR checks
*** FLOP *** [Tc 3d 2c]
_SKR checks
erickmars131 checks
*** TURN *** [Tc 3d 2c][Js]
_SKR bets 52
erickmars131 calls 52
*** RIVER *** [Tc 3d 2c Js][7d]
_SKR checks
erickmars131 checks
*** SHOW DOWN ***
erickmars131 shows [6s Ts] (One pair : Tens)
_SKR shows [7c 3c] (Two pairs : 7 and 3)
_SKR collected 184 from pot
*** SUMMARY ***
Total pot 184 | No rake
Board: [Tc 3d 2c Js 7d]
Seat 2: erickmars131 (small blind) (button) showed [6s Ts] and lost with One pair : Tens
Seat 3: _SKR (big blind) showed [7c 3c] and won 184 with Two pairs : 7 and 3


Winamax Poker - Tournament "Expresso Nitro" buyIn: 1.86€ + 0.14€ level: 3 - HandId: #2696861341557194753-17-1675101201 - Holdem no limit (20/40) - 2023/01/30 17:53:21 UTC
Table: 'Expresso Nitro(627911962)#0' 3-max (real money) Seat #3 is the button
Seat 2: erickmars131 (438)
Seat 3: _SKR (462)
*** ANTE/BLINDS ***
_SKR posts small blind 20
erickmars131 posts big blind 40
Dealt to _SKR [2c 7s]
*** PRE-FLOP *** 
_SKR folds
erickmars131 collected 60 from pot
*** SUMMARY ***
Total pot 60 | No rake
Seat 2: erickmars131 (big blind) won 60


Winamax Poker - Tournament "Expresso Nitro" buyIn: 1.86€ + 0.14€ level: 3 - HandId: #2696861341557194753-18-1675101205 - Holdem no limit (20/40) - 2023/01/30 17:53:25 UTC
Table: 'Expresso Nitro(627911962)#0' 3-max (real money) Seat #2 is the button
Seat 2: erickmars131 (458)
Seat 3: _SKR (442)
*** ANTE/BLINDS ***
erickmars131 posts small blind 20
_SKR posts big blind 40
Dealt to _SKR [Ks 4s]
*** PRE-FLOP *** 
erickmars131 raises 60 to 100
_SKR folds
erickmars131 collected 140 from pot
*** SUMMARY ***
Total pot 140 | No rake
Seat 2: erickmars131 (small blind) (button) won 140


Winamax Poker - Tournament "Expresso Nitro" buyIn: 1.86€ + 0.14€ level: 4 - HandId: #2696861341557194753-19-1675101212 - Holdem no limit (30/60) - 2023/01/30 17:53:32 UTC
Table: 'Expresso Nitro(627911962)#0' 3-max (real money) Seat #3 is the button
Seat 2: erickmars131 (498)
Seat 3: _SKR (402)
*** ANTE/BLINDS ***
_SKR posts small blind 30
erickmars131 posts big blind 60
Dealt to _SKR [Qd 9h]
*** PRE-FLOP *** 
_SKR raises 342 to 402 and is all-in
erickmars131 calls 342
*** FLOP *** [5s 7h 8h]
*** TURN *** [5s 7h 8h][Jc]
*** RIVER *** [5s 7h 8h Jc][2h]
*** SHOW DOWN ***
_SKR shows [Qd 9h] (High card : Queen)
erickmars131 shows [Jd Ks] (One pair : Jacks)
erickmars131 collected 804 from pot
*** SUMMARY ***
Total pot 804 | No rake
Board: [5s 7h 8h Jc 2h]
Seat 2: erickmars131 (big blind) showed [Jd Ks] and won 804 with One pair : Jacks
Seat 3: _SKR (small blind) (button) showed [Qd 9h] and lost with High card : Queen


