Winamax Poker - Tournament "Expresso Nitro" buyIn: 0.93€ + 0.07€ level: 1 - HandId: #2689758320348102657-1-1674650095 - Holdem no limit (10/20) - 2023/01/25 12:34:55 UTC
Table: 'Expresso Nitro(626258161)#0' 3-max (real money) Seat #2 is the button
Seat 1: _SKR (300)
Seat 2: ZuCeviche (300)
Seat 3: Zokill11 (300)
*** ANTE/BLINDS ***
Zokill11 posts small blind 10
_SKR posts big blind 20
Dealt to _SKR [6s 2c]
*** PRE-FLOP *** 
ZuCeviche folds
Zokill11 calls 10
_SKR checks
*** FLOP *** [Jd Ks 2d]
Zokill11 checks
_SKR checks
*** TURN *** [Jd Ks 2d][Kd]
Zokill11 bets 20
_SKR calls 20
*** RIVER *** [Jd Ks 2d Kd][Ts]
Zokill11 bets 20
_SKR folds
Zokill11 collected 100 from pot
*** SUMMARY ***
Total pot 100 | No rake
Board: [Jd Ks 2d Kd Ts]
Seat 3: Zokill11 (small blind) won 100


Winamax Poker - Tournament "Expresso Nitro" buyIn: 0.93€ + 0.07€ level: 1 - HandId: #2689758320348102657-2-1674650125 - Holdem no limit (10/20) - 2023/01/25 12:35:25 UTC
Table: 'Expresso Nitro(626258161)#0' 3-max (real money) Seat #3 is the button
Seat 1: _SKR (260)
Seat 2: ZuCeviche (300)
Seat 3: Zokill11 (340)
*** ANTE/BLINDS ***
_SKR posts small blind 10
ZuCeviche posts big blind 20
Dealt to _SKR [Qd Jd]
*** PRE-FLOP *** 
Zokill11 calls 20
_SKR raises 240 to 260 and is all-in
ZuCeviche calls 240
Zokill11 folds
*** FLOP *** [Ah Ks 6d]
*** TURN *** [Ah Ks 6d][9d]
*** RIVER *** [Ah Ks 6d 9d][7d]
*** SHOW DOWN ***
ZuCeviche shows [3c Ad] (One pair : Aces)
_SKR shows [Qd Jd] (Flush Queen high)
_SKR collected 540 from pot
*** SUMMARY ***
Total pot 540 | No rake
Board: [Ah Ks 6d 9d 7d]
Seat 1: _SKR (small blind) showed [Qd Jd] and won 540 with Flush Queen high
Seat 2: ZuCeviche (big blind) showed [3c Ad] and lost with One pair : Aces


Winamax Poker - Tournament "Expresso Nitro" buyIn: 0.93€ + 0.07€ level: 1 - HandId: #2689758320348102657-3-1674650143 - Holdem no limit (10/20) - 2023/01/25 12:35:43 UTC
Table: 'Expresso Nitro(626258161)#0' 3-max (real money) Seat #1 is the button
Seat 1: _SKR (540)
Seat 2: ZuCeviche (40)
Seat 3: Zokill11 (320)
*** ANTE/BLINDS ***
ZuCeviche posts small blind 10
Zokill11 posts big blind 20
Dealt to _SKR [7s 2s]
*** PRE-FLOP *** 
_SKR folds
ZuCeviche raises 20 to 40 and is all-in
Zokill11 calls 20
*** FLOP *** [2d 6s Qd]
*** TURN *** [2d 6s Qd][Ks]
*** RIVER *** [2d 6s Qd Ks][Kh]
*** SHOW DOWN ***
Zokill11 shows [8d 7d] (One pair : Kings)
ZuCeviche shows [9d 8h] (One pair : Kings)
ZuCeviche collected 80 from pot
*** SUMMARY ***
Total pot 80 | No rake
Board: [2d 6s Qd Ks Kh]
Seat 2: ZuCeviche (small blind) showed [9d 8h] and won 80 with One pair : Kings
Seat 3: Zokill11 (big blind) showed [8d 7d] and lost with One pair : Kings


Winamax Poker - Tournament "Expresso Nitro" buyIn: 0.93€ + 0.07€ level: 2 - HandId: #2689758320348102657-4-1674650163 - Holdem no limit (15/30) - 2023/01/25 12:36:03 UTC
Table: 'Expresso Nitro(626258161)#0' 3-max (real money) Seat #2 is the button
Seat 1: _SKR (540)
Seat 2: ZuCeviche (80)
Seat 3: Zokill11 (280)
*** ANTE/BLINDS ***
Zokill11 posts small blind 15
_SKR posts big blind 30
Dealt to _SKR [2c Jh]
*** PRE-FLOP *** 
ZuCeviche raises 50 to 80 and is all-in
Zokill11 calls 65
_SKR folds
*** FLOP *** [6d 5c 4c]
*** TURN *** [6d 5c 4c][9d]
*** RIVER *** [6d 5c 4c 9d][9c]
*** SHOW DOWN ***
ZuCeviche shows [Kh 9s] (Trips of 9)
Zokill11 shows [7c Qc] (Flush Queen high)
Zokill11 collected 190 from pot
*** SUMMARY ***
Total pot 190 | No rake
Board: [6d 5c 4c 9d 9c]
Seat 2: ZuCeviche (button) showed [Kh 9s] and lost with Trips of 9
Seat 3: Zokill11 (small blind) showed [7c Qc] and won 190 with Flush Queen high


Winamax Poker - Tournament "Expresso Nitro" buyIn: 0.93€ + 0.07€ level: 2 - HandId: #2689758320348102657-5-1674650188 - Holdem no limit (15/30) - 2023/01/25 12:36:28 UTC
Table: 'Expresso Nitro(626258161)#0' 3-max (real money) Seat #1 is the button
Seat 1: _SKR (510)
Seat 3: Zokill11 (390)
*** ANTE/BLINDS ***
_SKR posts small blind 15
Zokill11 posts big blind 30
Dealt to _SKR [4s 9h]
*** PRE-FLOP *** 
_SKR folds
Zokill11 collected 45 from pot
*** SUMMARY ***
Total pot 45 | No rake
Seat 3: Zokill11 (big blind) won 45


Winamax Poker - Tournament "Expresso Nitro" buyIn: 0.93€ + 0.07€ level: 2 - HandId: #2689758320348102657-6-1674650194 - Holdem no limit (15/30) - 2023/01/25 12:36:34 UTC
Table: 'Expresso Nitro(626258161)#0' 3-max (real money) Seat #3 is the button
Seat 1: _SKR (495)
Seat 3: Zokill11 (405)
*** ANTE/BLINDS ***
Zokill11 posts small blind 15
_SKR posts big blind 30
Dealt to _SKR [6s 4d]
*** PRE-FLOP *** 
Zokill11 calls 15
_SKR checks
*** FLOP *** [2s 9c Js]
_SKR checks
Zokill11 checks
*** TURN *** [2s 9c Js][8c]
_SKR checks
Zokill11 checks
*** RIVER *** [2s 9c Js 8c][8d]
_SKR checks
Zokill11 checks
*** SHOW DOWN ***
_SKR shows [6s 4d] (One pair : 8)
Zokill11 shows [3s Th] (One pair : 8)
Zokill11 collected 60 from pot
*** SUMMARY ***
Total pot 60 | No rake
Board: [2s 9c Js 8c 8d]
Seat 1: _SKR (big blind) showed [6s 4d] and lost with One pair : 8
Seat 3: Zokill11 (small blind) (button) showed [3s Th] and won 60 with One pair : 8


Winamax Poker - Tournament "Expresso Nitro" buyIn: 0.93€ + 0.07€ level: 3 - HandId: #2689758320348102657-7-1674650238 - Holdem no limit (20/40) - 2023/01/25 12:37:18 UTC
Table: 'Expresso Nitro(626258161)#0' 3-max (real money) Seat #1 is the button
Seat 1: _SKR (465)
Seat 3: Zokill11 (435)
*** ANTE/BLINDS ***
_SKR posts small blind 20
Zokill11 posts big blind 40
Dealt to _SKR [Td 9h]
*** PRE-FLOP *** 
_SKR folds
Zokill11 collected 60 from pot
*** SUMMARY ***
Total pot 60 | No rake
Seat 3: Zokill11 (big blind) won 60


Winamax Poker - Tournament "Expresso Nitro" buyIn: 0.93€ + 0.07€ level: 3 - HandId: #2689758320348102657-8-1674650251 - Holdem no limit (20/40) - 2023/01/25 12:37:31 UTC
Table: 'Expresso Nitro(626258161)#0' 3-max (real money) Seat #3 is the button
Seat 1: _SKR (445)
Seat 3: Zokill11 (455)
*** ANTE/BLINDS ***
Zokill11 posts small blind 20
_SKR posts big blind 40
Dealt to _SKR [Ks 9d]
*** PRE-FLOP *** 
Zokill11 folds
_SKR collected 60 from pot
*** SUMMARY ***
Total pot 60 | No rake
Seat 1: _SKR (big blind) won 60


Winamax Poker - Tournament "Expresso Nitro" buyIn: 0.93€ + 0.07€ level: 3 - HandId: #2689758320348102657-9-1674650255 - Holdem no limit (20/40) - 2023/01/25 12:37:35 UTC
Table: 'Expresso Nitro(626258161)#0' 3-max (real money) Seat #1 is the button
Seat 1: _SKR (465)
Seat 3: Zokill11 (435)
*** ANTE/BLINDS ***
_SKR posts small blind 20
Zokill11 posts big blind 40
Dealt to _SKR [7d 7h]
*** PRE-FLOP *** 
_SKR raises 425 to 465 and is all-in
Zokill11 folds
_SKR collected 505 from pot
*** SUMMARY ***
Total pot 505 | No rake
Seat 1: _SKR (small blind) (button) won 505


Winamax Poker - Tournament "Expresso Nitro" buyIn: 0.93€ + 0.07€ level: 3 - HandId: #2689758320348102657-10-1674650260 - Holdem no limit (20/40) - 2023/01/25 12:37:40 UTC
Table: 'Expresso Nitro(626258161)#0' 3-max (real money) Seat #3 is the button
Seat 1: _SKR (505)
Seat 3: Zokill11 (395)
*** ANTE/BLINDS ***
Zokill11 posts small blind 20
_SKR posts big blind 40
Dealt to _SKR [7h Jd]
*** PRE-FLOP *** 
Zokill11 calls 20
_SKR checks
*** FLOP *** [6h Tc Ks]
_SKR checks
Zokill11 bets 40
_SKR folds
Zokill11 collected 120 from pot
*** SUMMARY ***
Total pot 120 | No rake
Board: [6h Tc Ks]
Seat 3: Zokill11 (small blind) (button) won 120


Winamax Poker - Tournament "Expresso Nitro" buyIn: 0.93€ + 0.07€ level: 4 - HandId: #2689758320348102657-11-1674650283 - Holdem no limit (30/60) - 2023/01/25 12:38:03 UTC
Table: 'Expresso Nitro(626258161)#0' 3-max (real money) Seat #1 is the button
Seat 1: _SKR (465)
Seat 3: Zokill11 (435)
*** ANTE/BLINDS ***
_SKR posts small blind 30
Zokill11 posts big blind 60
Dealt to _SKR [4h 5c]
*** PRE-FLOP *** 
_SKR folds
Zokill11 collected 90 from pot
*** SUMMARY ***
Total pot 90 | No rake
Seat 3: Zokill11 (big blind) won 90


Winamax Poker - Tournament "Expresso Nitro" buyIn: 0.93€ + 0.07€ level: 4 - HandId: #2689758320348102657-12-1674650290 - Holdem no limit (30/60) - 2023/01/25 12:38:10 UTC
Table: 'Expresso Nitro(626258161)#0' 3-max (real money) Seat #3 is the button
Seat 1: _SKR (435)
Seat 3: Zokill11 (465)
*** ANTE/BLINDS ***
Zokill11 posts small blind 30
_SKR posts big blind 60
Dealt to _SKR [Jc 3c]
*** PRE-FLOP *** 
Zokill11 calls 30
_SKR checks
*** FLOP *** [9d Jh Kh]
_SKR checks
Zokill11 checks
*** TURN *** [9d Jh Kh][4s]
_SKR checks
Zokill11 checks
*** RIVER *** [9d Jh Kh 4s][Tc]
_SKR bets 60
Zokill11 folds
_SKR collected 180 from pot
*** SUMMARY ***
Total pot 180 | No rake
Board: [9d Jh Kh 4s Tc]
Seat 1: _SKR (big blind) won 180


Winamax Poker - Tournament "Expresso Nitro" buyIn: 0.93€ + 0.07€ level: 4 - HandId: #2689758320348102657-13-1674650308 - Holdem no limit (30/60) - 2023/01/25 12:38:28 UTC
Table: 'Expresso Nitro(626258161)#0' 3-max (real money) Seat #1 is the button
Seat 1: _SKR (495)
Seat 3: Zokill11 (405)
*** ANTE/BLINDS ***
_SKR posts small blind 30
Zokill11 posts big blind 60
Dealt to _SKR [4c 8c]
*** PRE-FLOP *** 
_SKR folds
Zokill11 collected 90 from pot
*** SUMMARY ***
Total pot 90 | No rake
Seat 3: Zokill11 (big blind) won 90


Winamax Poker - Tournament "Expresso Nitro" buyIn: 0.93€ + 0.07€ level: 4 - HandId: #2689758320348102657-14-1674650315 - Holdem no limit (30/60) - 2023/01/25 12:38:35 UTC
Table: 'Expresso Nitro(626258161)#0' 3-max (real money) Seat #3 is the button
Seat 1: _SKR (465)
Seat 3: Zokill11 (435)
*** ANTE/BLINDS ***
Zokill11 posts small blind 30
_SKR posts big blind 60
Dealt to _SKR [Jd Ac]
*** PRE-FLOP *** 
Zokill11 calls 30
_SKR raises 405 to 465 and is all-in
Zokill11 calls 375 and is all-in
*** FLOP *** [3c 4s 2s]
*** TURN *** [3c 4s 2s][6h]
*** RIVER *** [3c 4s 2s 6h][Ks]
*** SHOW DOWN ***
Zokill11 shows [Th Qc] (High card : King)
_SKR shows [Jd Ac] (High card : Ace)
_SKR collected 900 from pot
*** SUMMARY ***
Total pot 900 | No rake
Board: [3c 4s 2s 6h Ks]
Seat 1: _SKR (big blind) showed [Jd Ac] and won 900 with High card : Ace
Seat 3: Zokill11 (small blind) (button) showed [Th Qc] and lost with High card : King


