Winamax Poker - Tournament "Expresso Nitro" buyIn: 1.86€ + 0.14€ level: 1 - HandId: #2696599400091746305-1-1675089178 - Holdem no limit (10/20) - 2023/01/30 14:32:58 UTC
Table: 'Expresso Nitro(627850974)#0' 3-max (real money) Seat #3 is the button
Seat 1: _SKR (300)
Seat 2: Mehdiwaraa (300)
Seat 3: Acarien-7867 (300)
*** ANTE/BLINDS ***
_SKR posts small blind 10
Mehdiwaraa posts big blind 20
Dealt to _SKR [Ac 4s]
*** PRE-FLOP *** 
Acarien-7867 calls 20
_SKR raises 280 to 300 and is all-in
Mehdiwaraa folds
Acarien-7867 folds
_SKR collected 340 from pot
*** SUMMARY ***
Total pot 340 | No rake
Seat 1: _SKR (small blind) won 340


Winamax Poker - Tournament "Expresso Nitro" buyIn: 1.86€ + 0.14€ level: 1 - HandId: #2696599400091746305-2-1675089187 - Holdem no limit (10/20) - 2023/01/30 14:33:07 UTC
Table: 'Expresso Nitro(627850974)#0' 3-max (real money) Seat #1 is the button
Seat 1: _SKR (340)
Seat 2: Mehdiwaraa (280)
Seat 3: Acarien-7867 (280)
*** ANTE/BLINDS ***
Mehdiwaraa posts small blind 10
Acarien-7867 posts big blind 20
Dealt to _SKR [4d 4s]
*** PRE-FLOP *** 
_SKR raises 320 to 340 and is all-in
Mehdiwaraa folds
Acarien-7867 folds
_SKR collected 370 from pot
*** SUMMARY ***
Total pot 370 | No rake
Seat 1: _SKR (button) won 370


Winamax Poker - Tournament "Expresso Nitro" buyIn: 1.86€ + 0.14€ level: 1 - HandId: #2696599400091746305-3-1675089193 - Holdem no limit (10/20) - 2023/01/30 14:33:13 UTC
Table: 'Expresso Nitro(627850974)#0' 3-max (real money) Seat #2 is the button
Seat 1: _SKR (370)
Seat 2: Mehdiwaraa (270)
Seat 3: Acarien-7867 (260)
*** ANTE/BLINDS ***
Acarien-7867 posts small blind 10
_SKR posts big blind 20
Dealt to _SKR [8d 7c]
*** PRE-FLOP *** 
Mehdiwaraa folds
Acarien-7867 calls 10
_SKR checks
*** FLOP *** [7h 8h Jc]
Acarien-7867 checks
_SKR bets 26
Acarien-7867 folds
_SKR collected 66 from pot
*** SUMMARY ***
Total pot 66 | No rake
Board: [7h 8h Jc]
Seat 1: _SKR (big blind) won 66


Winamax Poker - Tournament "Expresso Nitro" buyIn: 1.86€ + 0.14€ level: 1 - HandId: #2696599400091746305-4-1675089210 - Holdem no limit (10/20) - 2023/01/30 14:33:30 UTC
Table: 'Expresso Nitro(627850974)#0' 3-max (real money) Seat #3 is the button
Seat 1: _SKR (390)
Seat 2: Mehdiwaraa (270)
Seat 3: Acarien-7867 (240)
*** ANTE/BLINDS ***
_SKR posts small blind 10
Mehdiwaraa posts big blind 20
Dealt to _SKR [Qc Ts]
*** PRE-FLOP *** 
Acarien-7867 folds
_SKR raises 20 to 40
Mehdiwaraa raises 230 to 270 and is all-in
_SKR folds
Mehdiwaraa collected 310 from pot
*** SUMMARY ***
Total pot 310 | No rake
Seat 2: Mehdiwaraa (big blind) won 310


Winamax Poker - Tournament "Expresso Nitro" buyIn: 1.86€ + 0.14€ level: 1 - HandId: #2696599400091746305-5-1675089219 - Holdem no limit (10/20) - 2023/01/30 14:33:39 UTC
Table: 'Expresso Nitro(627850974)#0' 3-max (real money) Seat #1 is the button
Seat 1: _SKR (350)
Seat 2: Mehdiwaraa (310)
Seat 3: Acarien-7867 (240)
*** ANTE/BLINDS ***
Mehdiwaraa posts small blind 10
Acarien-7867 posts big blind 20
Dealt to _SKR [5s 2s]
*** PRE-FLOP *** 
_SKR folds
Mehdiwaraa folds
Acarien-7867 collected 30 from pot
*** SUMMARY ***
Total pot 30 | No rake
Seat 3: Acarien-7867 (big blind) won 30


Winamax Poker - Tournament "Expresso Nitro" buyIn: 1.86€ + 0.14€ level: 1 - HandId: #2696599400091746305-6-1675089223 - Holdem no limit (10/20) - 2023/01/30 14:33:43 UTC
Table: 'Expresso Nitro(627850974)#0' 3-max (real money) Seat #2 is the button
Seat 1: _SKR (350)
Seat 2: Mehdiwaraa (300)
Seat 3: Acarien-7867 (250)
*** ANTE/BLINDS ***
Acarien-7867 posts small blind 10
_SKR posts big blind 20
Dealt to _SKR [5d 4d]
*** PRE-FLOP *** 
Mehdiwaraa raises 50 to 70
Acarien-7867 folds
_SKR folds
Mehdiwaraa collected 100 from pot
*** SUMMARY ***
Total pot 100 | No rake
Seat 2: Mehdiwaraa (button) won 100


Winamax Poker - Tournament "Expresso Nitro" buyIn: 1.86€ + 0.14€ level: 1 - HandId: #2696599400091746305-7-1675089232 - Holdem no limit (10/20) - 2023/01/30 14:33:52 UTC
Table: 'Expresso Nitro(627850974)#0' 3-max (real money) Seat #3 is the button
Seat 1: _SKR (330)
Seat 2: Mehdiwaraa (330)
Seat 3: Acarien-7867 (240)
*** ANTE/BLINDS ***
_SKR posts small blind 10
Mehdiwaraa posts big blind 20
Dealt to _SKR [6h 9c]
*** PRE-FLOP *** 
Acarien-7867 folds
_SKR folds
Mehdiwaraa collected 30 from pot
*** SUMMARY ***
Total pot 30 | No rake
Seat 2: Mehdiwaraa (big blind) won 30


Winamax Poker - Tournament "Expresso Nitro" buyIn: 1.86€ + 0.14€ level: 2 - HandId: #2696599400091746305-8-1675089238 - Holdem no limit (15/30) - 2023/01/30 14:33:58 UTC
Table: 'Expresso Nitro(627850974)#0' 3-max (real money) Seat #1 is the button
Seat 1: _SKR (320)
Seat 2: Mehdiwaraa (340)
Seat 3: Acarien-7867 (240)
*** ANTE/BLINDS ***
Mehdiwaraa posts small blind 15
Acarien-7867 posts big blind 30
Dealt to _SKR [5d Ad]
*** PRE-FLOP *** 
_SKR raises 290 to 320 and is all-in
Mehdiwaraa folds
Acarien-7867 calls 210 and is all-in
*** FLOP *** [6c Ac 4s]
*** TURN *** [6c Ac 4s][2c]
*** RIVER *** [6c Ac 4s 2c][Jc]
*** SHOW DOWN ***
Acarien-7867 shows [Kd Th] (High card : Ace)
_SKR shows [5d Ad] (One pair : Aces)
_SKR collected 575 from pot
*** SUMMARY ***
Total pot 575 | No rake
Board: [6c Ac 4s 2c Jc]
Seat 1: _SKR (button) showed [5d Ad] and won 575 with One pair : Aces
Seat 3: Acarien-7867 (big blind) showed [Kd Th] and lost with High card : Ace


Winamax Poker - Tournament "Expresso Nitro" buyIn: 1.86€ + 0.14€ level: 2 - HandId: #2696599400091746305-9-1675089252 - Holdem no limit (15/30) - 2023/01/30 14:34:12 UTC
Table: 'Expresso Nitro(627850974)#0' 3-max (real money) Seat #1 is the button
Seat 1: _SKR (575)
Seat 2: Mehdiwaraa (325)
*** ANTE/BLINDS ***
_SKR posts small blind 15
Mehdiwaraa posts big blind 30
Dealt to _SKR [7s Jd]
*** PRE-FLOP *** 
_SKR raises 545 to 575 and is all-in
Mehdiwaraa calls 295 and is all-in
*** FLOP *** [Ah Td 2d]
*** TURN *** [Ah Td 2d][9s]
*** RIVER *** [Ah Td 2d 9s][Ad]
*** SHOW DOWN ***
_SKR shows [7s Jd] (One pair : Aces)
Mehdiwaraa shows [2s As] (Full of Aces and 2)
Mehdiwaraa collected 650 from main pot
_SKR collected 250 from side pot 1
*** SUMMARY ***
Total pot 900 | No rake
Board: [Ah Td 2d 9s Ad]
Seat 1: _SKR (small blind) (button) showed [7s Jd] and won 250 with One pair : Aces
Seat 2: Mehdiwaraa (big blind) showed [2s As] and won 650 with Full of Aces and 2


Winamax Poker - Tournament "Expresso Nitro" buyIn: 1.86€ + 0.14€ level: 2 - HandId: #2696599400091746305-10-1675089264 - Holdem no limit (15/30) - 2023/01/30 14:34:24 UTC
Table: 'Expresso Nitro(627850974)#0' 3-max (real money) Seat #2 is the button
Seat 1: _SKR (250)
Seat 2: Mehdiwaraa (650)
*** ANTE/BLINDS ***
Mehdiwaraa posts small blind 15
_SKR posts big blind 30
Dealt to _SKR [Tc Kc]
*** PRE-FLOP *** 
Mehdiwaraa folds
_SKR collected 45 from pot
*** SUMMARY ***
Total pot 45 | No rake
Seat 1: _SKR (big blind) won 45


Winamax Poker - Tournament "Expresso Nitro" buyIn: 1.86€ + 0.14€ level: 2 - HandId: #2696599400091746305-11-1675089267 - Holdem no limit (15/30) - 2023/01/30 14:34:27 UTC
Table: 'Expresso Nitro(627850974)#0' 3-max (real money) Seat #1 is the button
Seat 1: _SKR (265)
Seat 2: Mehdiwaraa (635)
*** ANTE/BLINDS ***
_SKR posts small blind 15
Mehdiwaraa posts big blind 30
Dealt to _SKR [3s 6h]
*** PRE-FLOP *** 
_SKR folds
Mehdiwaraa collected 45 from pot
*** SUMMARY ***
Total pot 45 | No rake
Seat 2: Mehdiwaraa (big blind) won 45


Winamax Poker - Tournament "Expresso Nitro" buyIn: 1.86€ + 0.14€ level: 2 - HandId: #2696599400091746305-12-1675089270 - Holdem no limit (15/30) - 2023/01/30 14:34:30 UTC
Table: 'Expresso Nitro(627850974)#0' 3-max (real money) Seat #2 is the button
Seat 1: _SKR (250)
Seat 2: Mehdiwaraa (650)
*** ANTE/BLINDS ***
Mehdiwaraa posts small blind 15
_SKR posts big blind 30
Dealt to _SKR [Kh Ah]
*** PRE-FLOP *** 
Mehdiwaraa raises 620 to 650 and is all-in
_SKR calls 220 and is all-in
*** FLOP *** [3h 3d 8s]
*** TURN *** [3h 3d 8s][Ac]
*** RIVER *** [3h 3d 8s Ac][4d]
*** SHOW DOWN ***
_SKR shows [Kh Ah] (Two pairs : Aces and 3)
Mehdiwaraa shows [7h 7c] (Two pairs : 7 and 3)
Mehdiwaraa collected 400 from side pot 1
_SKR collected 500 from main pot
*** SUMMARY ***
Total pot 900 | No rake
Board: [3h 3d 8s Ac 4d]
Seat 1: _SKR (big blind) showed [Kh Ah] and won 500 with Two pairs : Aces and 3
Seat 2: Mehdiwaraa (small blind) (button) showed [7h 7c] and won 400 with Two pairs : 7 and 3


Winamax Poker - Tournament "Expresso Nitro" buyIn: 1.86€ + 0.14€ level: 2 - HandId: #2696599400091746305-13-1675089286 - Holdem no limit (15/30) - 2023/01/30 14:34:46 UTC
Table: 'Expresso Nitro(627850974)#0' 3-max (real money) Seat #1 is the button
Seat 1: _SKR (500)
Seat 2: Mehdiwaraa (400)
*** ANTE/BLINDS ***
_SKR posts small blind 15
Mehdiwaraa posts big blind 30
Dealt to _SKR [Kh Ad]
*** PRE-FLOP *** 
_SKR raises 470 to 500 and is all-in
Mehdiwaraa calls 370 and is all-in
*** FLOP *** [3h 3d 7c]
*** TURN *** [3h 3d 7c][2c]
*** RIVER *** [3h 3d 7c 2c][9h]
*** SHOW DOWN ***
_SKR shows [Kh Ad] (One pair : 3)
Mehdiwaraa shows [Qs Qd] (Two pairs : Queens and 3)
Mehdiwaraa collected 800 from main pot
_SKR collected 100 from side pot 1
*** SUMMARY ***
Total pot 900 | No rake
Board: [3h 3d 7c 2c 9h]
Seat 1: _SKR (small blind) (button) showed [Kh Ad] and won 100 with One pair : 3
Seat 2: Mehdiwaraa (big blind) showed [Qs Qd] and won 800 with Two pairs : Queens and 3


Winamax Poker - Tournament "Expresso Nitro" buyIn: 1.86€ + 0.14€ level: 3 - HandId: #2696599400091746305-14-1675089299 - Holdem no limit (20/40) - 2023/01/30 14:34:59 UTC
Table: 'Expresso Nitro(627850974)#0' 3-max (real money) Seat #2 is the button
Seat 1: _SKR (100)
Seat 2: Mehdiwaraa (800)
*** ANTE/BLINDS ***
Mehdiwaraa posts small blind 20
_SKR posts big blind 40
Dealt to _SKR [7d 6d]
*** PRE-FLOP *** 
Mehdiwaraa raises 760 to 800 and is all-in
_SKR calls 60 and is all-in
*** FLOP *** [4d 4h 6s]
*** TURN *** [4d 4h 6s][9h]
*** RIVER *** [4d 4h 6s 9h][2d]
*** SHOW DOWN ***
_SKR shows [7d 6d] (Two pairs : 6 and 4)
Mehdiwaraa shows [9s Qc] (Two pairs : 9 and 4)
Mehdiwaraa collected 900 from pot
*** SUMMARY ***
Total pot 900 | No rake
Board: [4d 4h 6s 9h 2d]
Seat 1: _SKR (big blind) showed [7d 6d] and lost with Two pairs : 6 and 4
Seat 2: Mehdiwaraa (small blind) (button) showed [9s Qc] and won 900 with Two pairs : 9 and 4


