Winamax Poker - Tournament "Expresso Nitro" buyIn: 0.93€ + 0.07€ level: 1 - HandId: #2730568124637118465-1-1676986041 - Holdem no limit (10/20) - 2023/02/21 13:27:21 UTC
Table: 'Expresso Nitro(635759934)#0' 3-max (real money) Seat #1 is the button
Seat 1: _SKR (300)
Seat 2: DadWu (300)
Seat 3: FISHONN (300)
*** ANTE/BLINDS ***
DadWu posts small blind 10
FISHONN posts big blind 20
Dealt to _SKR [2s 9d]
*** PRE-FLOP *** 
_SKR folds
DadWu raises 20 to 40
FISHONN folds
DadWu collected 60 from pot
*** SUMMARY ***
Total pot 60 | No rake
Seat 2: DadWu (small blind) won 60


Winamax Poker - Tournament "Expresso Nitro" buyIn: 0.93€ + 0.07€ level: 1 - HandId: #2730568124637118465-2-1676986048 - Holdem no limit (10/20) - 2023/02/21 13:27:28 UTC
Table: 'Expresso Nitro(635759934)#0' 3-max (real money) Seat #2 is the button
Seat 1: _SKR (300)
Seat 2: DadWu (320)
Seat 3: FISHONN (280)
*** ANTE/BLINDS ***
FISHONN posts small blind 10
_SKR posts big blind 20
Dealt to _SKR [Kh 5c]
*** PRE-FLOP *** 
DadWu calls 20
FISHONN calls 10
_SKR checks
*** FLOP *** [Th Jc 2d]
FISHONN checks
_SKR checks
DadWu bets 48
FISHONN folds
_SKR folds
DadWu collected 108 from pot
*** SUMMARY ***
Total pot 108 | No rake
Board: [Th Jc 2d]
Seat 2: DadWu (button) won 108


Winamax Poker - Tournament "Expresso Nitro" buyIn: 0.93€ + 0.07€ level: 1 - HandId: #2730568124637118465-3-1676986072 - Holdem no limit (10/20) - 2023/02/21 13:27:52 UTC
Table: 'Expresso Nitro(635759934)#0' 3-max (real money) Seat #3 is the button
Seat 1: _SKR (280)
Seat 2: DadWu (360)
Seat 3: FISHONN (260)
*** ANTE/BLINDS ***
_SKR posts small blind 10
DadWu posts big blind 20
Dealt to _SKR [As 7d]
*** PRE-FLOP *** 
FISHONN folds
_SKR raises 260 to 280 and is all-in
DadWu folds
_SKR collected 300 from pot
*** SUMMARY ***
Total pot 300 | No rake
Seat 1: _SKR (small blind) won 300


Winamax Poker - Tournament "Expresso Nitro" buyIn: 0.93€ + 0.07€ level: 1 - HandId: #2730568124637118465-4-1676986085 - Holdem no limit (10/20) - 2023/02/21 13:28:05 UTC
Table: 'Expresso Nitro(635759934)#0' 3-max (real money) Seat #1 is the button
Seat 1: _SKR (300)
Seat 2: DadWu (340)
Seat 3: FISHONN (260)
*** ANTE/BLINDS ***
DadWu posts small blind 10
FISHONN posts big blind 20
Dealt to _SKR [8d 6h]
*** PRE-FLOP *** 
_SKR folds
DadWu folds
FISHONN collected 30 from pot
*** SUMMARY ***
Total pot 30 | No rake
Seat 3: FISHONN (big blind) won 30


Winamax Poker - Tournament "Expresso Nitro" buyIn: 0.93€ + 0.07€ level: 1 - HandId: #2730568124637118465-5-1676986094 - Holdem no limit (10/20) - 2023/02/21 13:28:14 UTC
Table: 'Expresso Nitro(635759934)#0' 3-max (real money) Seat #2 is the button
Seat 1: _SKR (300)
Seat 2: DadWu (330)
Seat 3: FISHONN (270)
*** ANTE/BLINDS ***
FISHONN posts small blind 10
_SKR posts big blind 20
Dealt to _SKR [Qh 5s]
*** PRE-FLOP *** 
DadWu calls 20
FISHONN raises 250 to 270 and is all-in
_SKR folds
DadWu folds
FISHONN collected 310 from pot
*** SUMMARY ***
Total pot 310 | No rake
Seat 3: FISHONN (small blind) won 310


Winamax Poker - Tournament "Expresso Nitro" buyIn: 0.93€ + 0.07€ level: 2 - HandId: #2730568124637118465-6-1676986113 - Holdem no limit (15/30) - 2023/02/21 13:28:33 UTC
Table: 'Expresso Nitro(635759934)#0' 3-max (real money) Seat #3 is the button
Seat 1: _SKR (280)
Seat 2: DadWu (310)
Seat 3: FISHONN (310)
*** ANTE/BLINDS ***
_SKR posts small blind 15
DadWu posts big blind 30
Dealt to _SKR [7h 3h]
*** PRE-FLOP *** 
FISHONN raises 280 to 310 and is all-in
_SKR folds
DadWu folds
FISHONN collected 355 from pot
*** SUMMARY ***
Total pot 355 | No rake
Seat 3: FISHONN (button) won 355


Winamax Poker - Tournament "Expresso Nitro" buyIn: 0.93€ + 0.07€ level: 2 - HandId: #2730568124637118465-7-1676986123 - Holdem no limit (15/30) - 2023/02/21 13:28:43 UTC
Table: 'Expresso Nitro(635759934)#0' 3-max (real money) Seat #1 is the button
Seat 1: _SKR (265)
Seat 2: DadWu (280)
Seat 3: FISHONN (355)
*** ANTE/BLINDS ***
DadWu posts small blind 15
FISHONN posts big blind 30
Dealt to _SKR [3d Kc]
*** PRE-FLOP *** 
_SKR folds
DadWu folds
FISHONN collected 45 from pot
*** SUMMARY ***
Total pot 45 | No rake
Seat 3: FISHONN (big blind) won 45


Winamax Poker - Tournament "Expresso Nitro" buyIn: 0.93€ + 0.07€ level: 2 - HandId: #2730568124637118465-8-1676986129 - Holdem no limit (15/30) - 2023/02/21 13:28:49 UTC
Table: 'Expresso Nitro(635759934)#0' 3-max (real money) Seat #2 is the button
Seat 1: _SKR (265)
Seat 2: DadWu (265)
Seat 3: FISHONN (370)
*** ANTE/BLINDS ***
FISHONN posts small blind 15
_SKR posts big blind 30
Dealt to _SKR [Jh Ks]
*** PRE-FLOP *** 
DadWu raises 30 to 60
FISHONN folds
_SKR raises 205 to 265 and is all-in
DadWu folds
_SKR collected 340 from pot
*** SUMMARY ***
Total pot 340 | No rake
Seat 1: _SKR (big blind) won 340


Winamax Poker - Tournament "Expresso Nitro" buyIn: 0.93€ + 0.07€ level: 2 - HandId: #2730568124637118465-9-1676986153 - Holdem no limit (15/30) - 2023/02/21 13:29:13 UTC
Table: 'Expresso Nitro(635759934)#0' 3-max (real money) Seat #3 is the button
Seat 1: _SKR (340)
Seat 2: DadWu (205)
Seat 3: FISHONN (355)
*** ANTE/BLINDS ***
_SKR posts small blind 15
DadWu posts big blind 30
Dealt to _SKR [7c 2c]
*** PRE-FLOP *** 
FISHONN folds
_SKR folds
DadWu collected 45 from pot
*** SUMMARY ***
Total pot 45 | No rake
Seat 2: DadWu (big blind) won 45


Winamax Poker - Tournament "Expresso Nitro" buyIn: 0.93€ + 0.07€ level: 3 - HandId: #2730568124637118465-10-1676986160 - Holdem no limit (20/40) - 2023/02/21 13:29:20 UTC
Table: 'Expresso Nitro(635759934)#0' 3-max (real money) Seat #1 is the button
Seat 1: _SKR (325)
Seat 2: DadWu (220)
Seat 3: FISHONN (355)
*** ANTE/BLINDS ***
DadWu posts small blind 20
FISHONN posts big blind 40
Dealt to _SKR [Td 8h]
*** PRE-FLOP *** 
_SKR folds
DadWu folds
FISHONN collected 60 from pot
*** SUMMARY ***
Total pot 60 | No rake
Seat 3: FISHONN (big blind) won 60


Winamax Poker - Tournament "Expresso Nitro" buyIn: 0.93€ + 0.07€ level: 3 - HandId: #2730568124637118465-11-1676986169 - Holdem no limit (20/40) - 2023/02/21 13:29:29 UTC
Table: 'Expresso Nitro(635759934)#0' 3-max (real money) Seat #2 is the button
Seat 1: _SKR (325)
Seat 2: DadWu (200)
Seat 3: FISHONN (375)
*** ANTE/BLINDS ***
FISHONN posts small blind 20
_SKR posts big blind 40
Dealt to _SKR [3c As]
*** PRE-FLOP *** 
DadWu raises 100 to 140
FISHONN folds
_SKR raises 185 to 325 and is all-in
DadWu calls 60 and is all-in
*** FLOP *** [7c Ac 9c]
*** TURN *** [7c Ac 9c][6h]
*** RIVER *** [7c Ac 9c 6h][8d]
*** SHOW DOWN ***
DadWu shows [Ks 6s] (One pair : 6)
_SKR shows [3c As] (One pair : Aces)
_SKR collected 545 from pot
*** SUMMARY ***
Total pot 545 | No rake
Board: [7c Ac 9c 6h 8d]
Seat 1: _SKR (big blind) showed [3c As] and won 545 with One pair : Aces
Seat 2: DadWu (button) showed [Ks 6s] and lost with One pair : 6


Winamax Poker - Tournament "Expresso Nitro" buyIn: 0.93€ + 0.07€ level: 3 - HandId: #2730568124637118465-12-1676986192 - Holdem no limit (20/40) - 2023/02/21 13:29:52 UTC
Table: 'Expresso Nitro(635759934)#0' 3-max (real money) Seat #1 is the button
Seat 1: _SKR (545)
Seat 3: FISHONN (355)
*** ANTE/BLINDS ***
_SKR posts small blind 20
FISHONN posts big blind 40
Dealt to _SKR [2c 3d]
*** PRE-FLOP *** 
_SKR folds
FISHONN collected 60 from pot
*** SUMMARY ***
Total pot 60 | No rake
Seat 3: FISHONN (big blind) won 60


Winamax Poker - Tournament "Expresso Nitro" buyIn: 0.93€ + 0.07€ level: 3 - HandId: #2730568124637118465-13-1676986197 - Holdem no limit (20/40) - 2023/02/21 13:29:57 UTC
Table: 'Expresso Nitro(635759934)#0' 3-max (real money) Seat #3 is the button
Seat 1: _SKR (525)
Seat 3: FISHONN (375)
*** ANTE/BLINDS ***
FISHONN posts small blind 20
_SKR posts big blind 40
Dealt to _SKR [4c Ac]
*** PRE-FLOP *** 
FISHONN folds
_SKR collected 60 from pot
*** SUMMARY ***
Total pot 60 | No rake
Seat 1: _SKR (big blind) won 60


Winamax Poker - Tournament "Expresso Nitro" buyIn: 0.93€ + 0.07€ level: 3 - HandId: #2730568124637118465-14-1676986201 - Holdem no limit (20/40) - 2023/02/21 13:30:01 UTC
Table: 'Expresso Nitro(635759934)#0' 3-max (real money) Seat #1 is the button
Seat 1: _SKR (545)
Seat 3: FISHONN (355)
*** ANTE/BLINDS ***
_SKR posts small blind 20
FISHONN posts big blind 40
Dealt to _SKR [5c 9c]
*** PRE-FLOP *** 
_SKR calls 20
FISHONN raises 80 to 120
_SKR folds
FISHONN collected 160 from pot
*** SUMMARY ***
Total pot 160 | No rake
Seat 3: FISHONN (big blind) won 160


Winamax Poker - Tournament "Expresso Nitro" buyIn: 0.93€ + 0.07€ level: 3 - HandId: #2730568124637118465-15-1676986209 - Holdem no limit (20/40) - 2023/02/21 13:30:09 UTC
Table: 'Expresso Nitro(635759934)#0' 3-max (real money) Seat #3 is the button
Seat 1: _SKR (505)
Seat 3: FISHONN (395)
*** ANTE/BLINDS ***
FISHONN posts small blind 20
_SKR posts big blind 40
Dealt to _SKR [Th Ks]
*** PRE-FLOP *** 
FISHONN raises 355 to 395 and is all-in
_SKR folds
FISHONN collected 435 from pot
*** SUMMARY ***
Total pot 435 | No rake
Seat 3: FISHONN (small blind) (button) won 435


Winamax Poker - Tournament "Expresso Nitro" buyIn: 0.93€ + 0.07€ level: 3 - HandId: #2730568124637118465-16-1676986216 - Holdem no limit (20/40) - 2023/02/21 13:30:16 UTC
Table: 'Expresso Nitro(635759934)#0' 3-max (real money) Seat #1 is the button
Seat 1: _SKR (465)
Seat 3: FISHONN (435)
*** ANTE/BLINDS ***
_SKR posts small blind 20
FISHONN posts big blind 40
Dealt to _SKR [Kc 7d]
*** PRE-FLOP *** 
_SKR raises 425 to 465 and is all-in
FISHONN calls 395 and is all-in
*** FLOP *** [6h 7c Th]
*** TURN *** [6h 7c Th][6d]
*** RIVER *** [6h 7c Th 6d][Ac]
*** SHOW DOWN ***
_SKR shows [Kc 7d] (Two pairs : 7 and 6)
FISHONN shows [Qc Tc] (Two pairs : Tens and 6)
FISHONN collected 870 from main pot
_SKR collected 30 from side pot 1
*** SUMMARY ***
Total pot 900 | No rake
Board: [6h 7c Th 6d Ac]
Seat 1: _SKR (small blind) (button) showed [Kc 7d] and won 30 with Two pairs : 7 and 6
Seat 3: FISHONN (big blind) showed [Qc Tc] and won 870 with Two pairs : Tens and 6


Winamax Poker - Tournament "Expresso Nitro" buyIn: 0.93€ + 0.07€ level: 4 - HandId: #2730568124637118465-17-1676986228 - Holdem no limit (30/60) - 2023/02/21 13:30:28 UTC
Table: 'Expresso Nitro(635759934)#0' 3-max (real money) Seat #3 is the button
Seat 1: _SKR (30)
Seat 3: FISHONN (870)
*** ANTE/BLINDS ***
FISHONN posts small blind 30
_SKR posts big blind 30 and is all-in
Dealt to _SKR [Kh 9s]
*** PRE-FLOP *** 
*** FLOP *** [Qh 8d Ah]
*** TURN *** [Qh 8d Ah][5d]
*** RIVER *** [Qh 8d Ah 5d][3h]
*** SHOW DOWN ***
_SKR shows [Kh 9s] (High card : Ace)
FISHONN shows [6h 8c] (One pair : 8)
FISHONN collected 60 from pot
*** SUMMARY ***
Total pot 60 | No rake
Board: [Qh 8d Ah 5d 3h]
Seat 1: _SKR (big blind) showed [Kh 9s] and lost with High card : Ace
Seat 3: FISHONN (small blind) (button) showed [6h 8c] and won 60 with One pair : 8


