Winamax Poker - Tournament "Expresso Nitro" buyIn: 1.86€ + 0.14€ level: 1 - HandId: #2696904716431917057-1-1675102786 - Holdem no limit (10/20) - 2023/01/30 18:19:46 UTC
Table: 'Expresso Nitro(627922061)#0' 3-max (real money) Seat #1 is the button
Seat 1: _SKR (300)
Seat 2: EsCaN0or (300)
Seat 3: tpios (300)
*** ANTE/BLINDS ***
EsCaN0or posts small blind 10
tpios posts big blind 20
Dealt to _SKR [7s 6h]
*** PRE-FLOP *** 
_SKR folds
EsCaN0or folds
tpios collected 30 from pot
*** SUMMARY ***
Total pot 30 | No rake
Seat 3: tpios (big blind) won 30


Winamax Poker - Tournament "Expresso Nitro" buyIn: 1.86€ + 0.14€ level: 1 - HandId: #2696904716431917057-2-1675102795 - Holdem no limit (10/20) - 2023/01/30 18:19:55 UTC
Table: 'Expresso Nitro(627922061)#0' 3-max (real money) Seat #2 is the button
Seat 1: _SKR (300)
Seat 2: EsCaN0or (290)
Seat 3: tpios (310)
*** ANTE/BLINDS ***
tpios posts small blind 10
_SKR posts big blind 20
Dealt to _SKR [Ah 6s]
*** PRE-FLOP *** 
EsCaN0or folds
tpios raises 40 to 60
_SKR folds
tpios collected 80 from pot
*** SUMMARY ***
Total pot 80 | No rake
Seat 3: tpios (small blind) won 80


Winamax Poker - Tournament "Expresso Nitro" buyIn: 1.86€ + 0.14€ level: 1 - HandId: #2696904716431917057-3-1675102805 - Holdem no limit (10/20) - 2023/01/30 18:20:05 UTC
Table: 'Expresso Nitro(627922061)#0' 3-max (real money) Seat #3 is the button
Seat 1: _SKR (280)
Seat 2: EsCaN0or (290)
Seat 3: tpios (330)
*** ANTE/BLINDS ***
_SKR posts small blind 10
EsCaN0or posts big blind 20
Dealt to _SKR [2s As]
*** PRE-FLOP *** 
tpios folds
_SKR raises 260 to 280 and is all-in
EsCaN0or folds
_SKR collected 300 from pot
*** SUMMARY ***
Total pot 300 | No rake
Seat 1: _SKR (small blind) won 300


Winamax Poker - Tournament "Expresso Nitro" buyIn: 1.86€ + 0.14€ level: 1 - HandId: #2696904716431917057-4-1675102826 - Holdem no limit (10/20) - 2023/01/30 18:20:26 UTC
Table: 'Expresso Nitro(627922061)#0' 3-max (real money) Seat #1 is the button
Seat 1: _SKR (300)
Seat 2: EsCaN0or (270)
Seat 3: tpios (330)
*** ANTE/BLINDS ***
EsCaN0or posts small blind 10
tpios posts big blind 20
Dealt to _SKR [9d 4h]
*** PRE-FLOP *** 
_SKR folds
EsCaN0or folds
tpios collected 30 from pot
*** SUMMARY ***
Total pot 30 | No rake
Seat 3: tpios (big blind) won 30


Winamax Poker - Tournament "Expresso Nitro" buyIn: 1.86€ + 0.14€ level: 2 - HandId: #2696904716431917057-5-1675102853 - Holdem no limit (15/30) - 2023/01/30 18:20:53 UTC
Table: 'Expresso Nitro(627922061)#0' 3-max (real money) Seat #2 is the button
Seat 1: _SKR (300)
Seat 2: EsCaN0or (260)
Seat 3: tpios (340)
*** ANTE/BLINDS ***
tpios posts small blind 15
_SKR posts big blind 30
Dealt to _SKR [Ks 9h]
*** PRE-FLOP *** 
EsCaN0or folds
tpios calls 15
_SKR raises 270 to 300 and is all-in
tpios folds
_SKR collected 330 from pot
*** SUMMARY ***
Total pot 330 | No rake
Seat 1: _SKR (big blind) won 330


Winamax Poker - Tournament "Expresso Nitro" buyIn: 1.86€ + 0.14€ level: 2 - HandId: #2696904716431917057-6-1675102865 - Holdem no limit (15/30) - 2023/01/30 18:21:05 UTC
Table: 'Expresso Nitro(627922061)#0' 3-max (real money) Seat #3 is the button
Seat 1: _SKR (330)
Seat 2: EsCaN0or (260)
Seat 3: tpios (310)
*** ANTE/BLINDS ***
_SKR posts small blind 15
EsCaN0or posts big blind 30
Dealt to _SKR [Ad 8d]
*** PRE-FLOP *** 
tpios folds
_SKR raises 300 to 330 and is all-in
EsCaN0or folds
_SKR collected 360 from pot
*** SUMMARY ***
Total pot 360 | No rake
Seat 1: _SKR (small blind) won 360


Winamax Poker - Tournament "Expresso Nitro" buyIn: 1.86€ + 0.14€ level: 2 - HandId: #2696904716431917057-7-1675102878 - Holdem no limit (15/30) - 2023/01/30 18:21:18 UTC
Table: 'Expresso Nitro(627922061)#0' 3-max (real money) Seat #1 is the button
Seat 1: _SKR (360)
Seat 2: EsCaN0or (230)
Seat 3: tpios (310)
*** ANTE/BLINDS ***
EsCaN0or posts small blind 15
tpios posts big blind 30
Dealt to _SKR [5d Ah]
*** PRE-FLOP *** 
_SKR raises 330 to 360 and is all-in
EsCaN0or folds
tpios folds
_SKR collected 405 from pot
*** SUMMARY ***
Total pot 405 | No rake
Seat 1: _SKR (button) won 405


Winamax Poker - Tournament "Expresso Nitro" buyIn: 1.86€ + 0.14€ level: 2 - HandId: #2696904716431917057-8-1675102890 - Holdem no limit (15/30) - 2023/01/30 18:21:30 UTC
Table: 'Expresso Nitro(627922061)#0' 3-max (real money) Seat #2 is the button
Seat 1: _SKR (405)
Seat 2: EsCaN0or (215)
Seat 3: tpios (280)
*** ANTE/BLINDS ***
tpios posts small blind 15
_SKR posts big blind 30
Dealt to _SKR [3c 3d]
*** PRE-FLOP *** 
EsCaN0or folds
tpios folds
_SKR collected 45 from pot
*** SUMMARY ***
Total pot 45 | No rake
Seat 1: _SKR (big blind) won 45


Winamax Poker - Tournament "Expresso Nitro" buyIn: 1.86€ + 0.14€ level: 2 - HandId: #2696904716431917057-9-1675102898 - Holdem no limit (15/30) - 2023/01/30 18:21:38 UTC
Table: 'Expresso Nitro(627922061)#0' 3-max (real money) Seat #3 is the button
Seat 1: _SKR (420)
Seat 2: EsCaN0or (215)
Seat 3: tpios (265)
*** ANTE/BLINDS ***
_SKR posts small blind 15
EsCaN0or posts big blind 30
Dealt to _SKR [Qc Kd]
*** PRE-FLOP *** 
tpios raises 235 to 265 and is all-in
_SKR raises 155 to 420 and is all-in
EsCaN0or calls 185 and is all-in
*** FLOP *** [Qd Ad Ks]
*** TURN *** [Qd Ad Ks][7c]
*** RIVER *** [Qd Ad Ks 7c][2d]
*** SHOW DOWN ***
EsCaN0or shows [Ac 8h] (One pair : Aces)
tpios shows [8s 7s] (One pair : 7)
_SKR shows [Qc Kd] (Two pairs : Kings and Queens)
_SKR collected 900 from pot
*** SUMMARY ***
Total pot 900 | No rake
Board: [Qd Ad Ks 7c 2d]
Seat 1: _SKR (small blind) showed [Qc Kd] and won 900 with Two pairs : Kings and Queens
Seat 2: EsCaN0or (big blind) showed [Ac 8h] and lost with One pair : Aces
Seat 3: tpios (button) showed [8s 7s] and lost with One pair : 7


