Winamax Poker - Tournament "Expresso Nitro" buyIn: 0.93€ + 0.07€ level: 1 - HandId: #2717926983618002945-1-1676240155 - Holdem no limit (10/20) - 2023/02/12 22:15:55 UTC
Table: 'Expresso Nitro(632816689)#0' 3-max (real money) Seat #3 is the button
Seat 1: UltrechRS (300)
Seat 2: _SKR (300)
Seat 3: mimile2306 (300)
*** ANTE/BLINDS ***
UltrechRS posts small blind 10
_SKR posts big blind 20
Dealt to _SKR [Th Qh]
*** PRE-FLOP *** 
mimile2306 calls 20
UltrechRS raises 80 to 100
_SKR folds
mimile2306 folds
UltrechRS collected 140 from pot
*** SUMMARY ***
Total pot 140 | No rake
Seat 1: UltrechRS (small blind) won 140


Winamax Poker - Tournament "Expresso Nitro" buyIn: 0.93€ + 0.07€ level: 1 - HandId: #2717926983618002945-2-1676240170 - Holdem no limit (10/20) - 2023/02/12 22:16:10 UTC
Table: 'Expresso Nitro(632816689)#0' 3-max (real money) Seat #1 is the button
Seat 1: UltrechRS (340)
Seat 2: _SKR (280)
Seat 3: mimile2306 (280)
*** ANTE/BLINDS ***
_SKR posts small blind 10
mimile2306 posts big blind 20
Dealt to _SKR [3d Ts]
*** PRE-FLOP *** 
UltrechRS raises 80 to 100
_SKR folds
mimile2306 folds
UltrechRS collected 130 from pot
*** SUMMARY ***
Total pot 130 | No rake
Seat 1: UltrechRS (button) won 130


Winamax Poker - Tournament "Expresso Nitro" buyIn: 0.93€ + 0.07€ level: 1 - HandId: #2717926983618002945-3-1676240184 - Holdem no limit (10/20) - 2023/02/12 22:16:24 UTC
Table: 'Expresso Nitro(632816689)#0' 3-max (real money) Seat #2 is the button
Seat 1: UltrechRS (370)
Seat 2: _SKR (270)
Seat 3: mimile2306 (260)
*** ANTE/BLINDS ***
mimile2306 posts small blind 10
UltrechRS posts big blind 20
Dealt to _SKR [7d 6h]
*** PRE-FLOP *** 
_SKR folds
mimile2306 calls 10
UltrechRS checks
*** FLOP *** [9h Kd 5d]
mimile2306 bets 26
UltrechRS raises 92 to 118
mimile2306 raises 122 to 240 and is all-in
UltrechRS calls 122
*** TURN *** [9h Kd 5d][8d]
*** RIVER *** [9h Kd 5d 8d][Tc]
*** SHOW DOWN ***
mimile2306 shows [3h 9d] (One pair : 9)
UltrechRS shows [Ks 7s] (One pair : Kings)
UltrechRS collected 520 from pot
*** SUMMARY ***
Total pot 520 | No rake
Board: [9h Kd 5d 8d Tc]
Seat 1: UltrechRS (big blind) showed [Ks 7s] and won 520 with One pair : Kings
Seat 3: mimile2306 (small blind) showed [3h 9d] and lost with One pair : 9


Winamax Poker - Tournament "Expresso Nitro" buyIn: 0.93€ + 0.07€ level: 1 - HandId: #2717926983618002945-4-1676240206 - Holdem no limit (10/20) - 2023/02/12 22:16:46 UTC
Table: 'Expresso Nitro(632816689)#0' 3-max (real money) Seat #1 is the button
Seat 1: UltrechRS (630)
Seat 2: _SKR (270)
*** ANTE/BLINDS ***
UltrechRS posts small blind 10
_SKR posts big blind 20
Dealt to _SKR [3c 5s]
*** PRE-FLOP *** 
UltrechRS folds
_SKR collected 30 from pot
*** SUMMARY ***
Total pot 30 | No rake
Seat 2: _SKR (big blind) won 30


Winamax Poker - Tournament "Expresso Nitro" buyIn: 0.93€ + 0.07€ level: 2 - HandId: #2717926983618002945-5-1676240212 - Holdem no limit (15/30) - 2023/02/12 22:16:52 UTC
Table: 'Expresso Nitro(632816689)#0' 3-max (real money) Seat #2 is the button
Seat 1: UltrechRS (620)
Seat 2: _SKR (280)
*** ANTE/BLINDS ***
_SKR posts small blind 15
UltrechRS posts big blind 30
Dealt to _SKR [9c 8s]
*** PRE-FLOP *** 
_SKR calls 15
UltrechRS checks
*** FLOP *** [4d 3c 4h]
UltrechRS checks
_SKR checks
*** TURN *** [4d 3c 4h][Jh]
UltrechRS bets 60
_SKR folds
UltrechRS collected 120 from pot
*** SUMMARY ***
Total pot 120 | No rake
Board: [4d 3c 4h Jh]
Seat 1: UltrechRS (big blind) won 120


Winamax Poker - Tournament "Expresso Nitro" buyIn: 0.93€ + 0.07€ level: 2 - HandId: #2717926983618002945-6-1676240237 - Holdem no limit (15/30) - 2023/02/12 22:17:17 UTC
Table: 'Expresso Nitro(632816689)#0' 3-max (real money) Seat #1 is the button
Seat 1: UltrechRS (650)
Seat 2: _SKR (250)
*** ANTE/BLINDS ***
UltrechRS posts small blind 15
_SKR posts big blind 30
Dealt to _SKR [Qc Qs]
*** PRE-FLOP *** 
UltrechRS raises 620 to 650 and is all-in
_SKR calls 220 and is all-in
*** FLOP *** [9d Td 6d]
*** TURN *** [9d Td 6d][5c]
*** RIVER *** [9d Td 6d 5c][Ts]
*** SHOW DOWN ***
UltrechRS shows [Ks 8c] (One pair : Tens)
_SKR shows [Qc Qs] (Two pairs : Queens and Tens)
_SKR collected 500 from main pot
UltrechRS collected 400 from side pot 1
*** SUMMARY ***
Total pot 900 | No rake
Board: [9d Td 6d 5c Ts]
Seat 1: UltrechRS (small blind) (button) showed [Ks 8c] and won 400 with One pair : Tens
Seat 2: _SKR (big blind) showed [Qc Qs] and won 500 with Two pairs : Queens and Tens


Winamax Poker - Tournament "Expresso Nitro" buyIn: 0.93€ + 0.07€ level: 2 - HandId: #2717926983618002945-7-1676240249 - Holdem no limit (15/30) - 2023/02/12 22:17:29 UTC
Table: 'Expresso Nitro(632816689)#0' 3-max (real money) Seat #2 is the button
Seat 1: UltrechRS (400)
Seat 2: _SKR (500)
*** ANTE/BLINDS ***
_SKR posts small blind 15
UltrechRS posts big blind 30
Dealt to _SKR [5h Th]
*** PRE-FLOP *** 
_SKR calls 15
UltrechRS checks
*** FLOP *** [2h 7h 8s]
UltrechRS checks
_SKR bets 30
UltrechRS raises 120 to 150
_SKR raises 320 to 470 and is all-in
UltrechRS calls 220 and is all-in
*** TURN *** [2h 7h 8s][Qs]
*** RIVER *** [2h 7h 8s Qs][2c]
*** SHOW DOWN ***
UltrechRS shows [Jh 7d] (Two pairs : 7 and 2)
_SKR shows [5h Th] (One pair : 2)
_SKR collected 100 from side pot 1
UltrechRS collected 800 from main pot
*** SUMMARY ***
Total pot 900 | No rake
Board: [2h 7h 8s Qs 2c]
Seat 1: UltrechRS (big blind) showed [Jh 7d] and won 800 with Two pairs : 7 and 2
Seat 2: _SKR (small blind) (button) showed [5h Th] and won 100 with One pair : 2


Winamax Poker - Tournament "Expresso Nitro" buyIn: 0.93€ + 0.07€ level: 3 - HandId: #2717926983618002945-8-1676240280 - Holdem no limit (20/40) - 2023/02/12 22:18:00 UTC
Table: 'Expresso Nitro(632816689)#0' 3-max (real money) Seat #1 is the button
Seat 1: UltrechRS (800)
Seat 2: _SKR (100)
*** ANTE/BLINDS ***
UltrechRS posts small blind 20
_SKR posts big blind 40
Dealt to _SKR [6h Kd]
*** PRE-FLOP *** 
UltrechRS folds
_SKR collected 60 from pot
*** SUMMARY ***
Total pot 60 | No rake
Seat 2: _SKR (big blind) won 60


Winamax Poker - Tournament "Expresso Nitro" buyIn: 0.93€ + 0.07€ level: 3 - HandId: #2717926983618002945-9-1676240288 - Holdem no limit (20/40) - 2023/02/12 22:18:08 UTC
Table: 'Expresso Nitro(632816689)#0' 3-max (real money) Seat #2 is the button
Seat 1: UltrechRS (780)
Seat 2: _SKR (120)
*** ANTE/BLINDS ***
_SKR posts small blind 20
UltrechRS posts big blind 40
Dealt to _SKR [Js 7s]
*** PRE-FLOP *** 
_SKR raises 80 to 120 and is all-in
UltrechRS calls 80
*** FLOP *** [Jc 6c 8d]
*** TURN *** [Jc 6c 8d][4d]
*** RIVER *** [Jc 6c 8d 4d][7c]
*** SHOW DOWN ***
_SKR shows [Js 7s] (Two pairs : Jacks and 7)
UltrechRS shows [Td 9s] (Straight Jack high)
UltrechRS collected 240 from pot
*** SUMMARY ***
Total pot 240 | No rake
Board: [Jc 6c 8d 4d 7c]
Seat 1: UltrechRS (big blind) showed [Td 9s] and won 240 with Straight Jack high
Seat 2: _SKR (small blind) (button) showed [Js 7s] and lost with Two pairs : Jacks and 7


