Winamax Poker - Tournament "Expresso Nitro" buyIn: 0.93€ + 0.07€ level: 1 - HandId: #2717589875929907201-1-1676228051 - Holdem no limit (10/20) - 2023/02/12 18:54:11 UTC
Table: 'Expresso Nitro(632738200)#0' 3-max (real money) Seat #1 is the button
Seat 1: scar 93 (300)
Seat 2: _SKR (300)
Seat 3: Nikoo3434 (300)
*** ANTE/BLINDS ***
_SKR posts small blind 10
Nikoo3434 posts big blind 20
Dealt to _SKR [Qs Qd]
*** PRE-FLOP *** 
scar 93 folds
_SKR raises 20 to 40
Nikoo3434 folds
_SKR collected 60 from pot
*** SUMMARY ***
Total pot 60 | No rake
Seat 2: _SKR (small blind) won 60


Winamax Poker - Tournament "Expresso Nitro" buyIn: 0.93€ + 0.07€ level: 1 - HandId: #2717589875929907201-2-1676228078 - Holdem no limit (10/20) - 2023/02/12 18:54:38 UTC
Table: 'Expresso Nitro(632738200)#0' 3-max (real money) Seat #2 is the button
Seat 1: scar 93 (300)
Seat 2: _SKR (320)
Seat 3: Nikoo3434 (280)
*** ANTE/BLINDS ***
Nikoo3434 posts small blind 10
scar 93 posts big blind 20
Dealt to _SKR [5c Ad]
*** PRE-FLOP *** 
_SKR raises 300 to 320 and is all-in
Nikoo3434 calls 270 and is all-in
scar 93 folds
*** FLOP *** [Jd 5s 9s]
*** TURN *** [Jd 5s 9s][2s]
*** RIVER *** [Jd 5s 9s 2s][Tc]
*** SHOW DOWN ***
_SKR shows [5c Ad] (One pair : 5)
Nikoo3434 shows [Ks Jh] (One pair : Jacks)
Nikoo3434 collected 580 from main pot
_SKR collected 40 from side pot 1
*** SUMMARY ***
Total pot 620 | No rake
Board: [Jd 5s 9s 2s Tc]
Seat 2: _SKR (button) showed [5c Ad] and won 40 with One pair : 5
Seat 3: Nikoo3434 (small blind) showed [Ks Jh] and won 580 with One pair : Jacks


Winamax Poker - Tournament "Expresso Nitro" buyIn: 0.93€ + 0.07€ level: 1 - HandId: #2717589875929907201-3-1676228098 - Holdem no limit (10/20) - 2023/02/12 18:54:58 UTC
Table: 'Expresso Nitro(632738200)#0' 3-max (real money) Seat #3 is the button
Seat 1: scar 93 (280)
Seat 2: _SKR (40)
Seat 3: Nikoo3434 (580)
*** ANTE/BLINDS ***
scar 93 posts small blind 10
_SKR posts big blind 20
Dealt to _SKR [Ts Td]
*** PRE-FLOP *** 
Nikoo3434 raises 560 to 580 and is all-in
scar 93 folds
_SKR calls 20 and is all-in
*** FLOP *** [9s 6h 4h]
*** TURN *** [9s 6h 4h][Kh]
*** RIVER *** [9s 6h 4h Kh][5s]
*** SHOW DOWN ***
_SKR shows [Ts Td] (One pair : Tens)
Nikoo3434 shows [8h As] (High card : Ace)
Nikoo3434 collected 540 from side pot 1
_SKR collected 90 from main pot
*** SUMMARY ***
Total pot 630 | No rake
Board: [9s 6h 4h Kh 5s]
Seat 2: _SKR (big blind) showed [Ts Td] and won 90 with One pair : Tens
Seat 3: Nikoo3434 (button) showed [8h As] and won 540 with High card : Ace


Winamax Poker - Tournament "Expresso Nitro" buyIn: 0.93€ + 0.07€ level: 2 - HandId: #2717589875929907201-4-1676228114 - Holdem no limit (15/30) - 2023/02/12 18:55:14 UTC
Table: 'Expresso Nitro(632738200)#0' 3-max (real money) Seat #1 is the button
Seat 1: scar 93 (270)
Seat 2: _SKR (90)
Seat 3: Nikoo3434 (540)
*** ANTE/BLINDS ***
_SKR posts small blind 15
Nikoo3434 posts big blind 30
Dealt to _SKR [3h 3d]
*** PRE-FLOP *** 
scar 93 raises 240 to 270 and is all-in
_SKR folds
Nikoo3434 folds
scar 93 collected 315 from pot
*** SUMMARY ***
Total pot 315 | No rake
Seat 1: scar 93 (button) won 315


Winamax Poker - Tournament "Expresso Nitro" buyIn: 0.93€ + 0.07€ level: 2 - HandId: #2717589875929907201-5-1676228127 - Holdem no limit (15/30) - 2023/02/12 18:55:27 UTC
Table: 'Expresso Nitro(632738200)#0' 3-max (real money) Seat #2 is the button
Seat 1: scar 93 (315)
Seat 2: _SKR (75)
Seat 3: Nikoo3434 (510)
*** ANTE/BLINDS ***
Nikoo3434 posts small blind 15
scar 93 posts big blind 30
Dealt to _SKR [8d 3d]
*** PRE-FLOP *** 
_SKR folds
Nikoo3434 raises 480 to 510 and is all-in
scar 93 folds
Nikoo3434 collected 540 from pot
*** SUMMARY ***
Total pot 540 | No rake
Seat 3: Nikoo3434 (small blind) won 540


Winamax Poker - Tournament "Expresso Nitro" buyIn: 0.93€ + 0.07€ level: 2 - HandId: #2717589875929907201-6-1676228134 - Holdem no limit (15/30) - 2023/02/12 18:55:34 UTC
Table: 'Expresso Nitro(632738200)#0' 3-max (real money) Seat #3 is the button
Seat 1: scar 93 (285)
Seat 2: _SKR (75)
Seat 3: Nikoo3434 (540)
*** ANTE/BLINDS ***
scar 93 posts small blind 15
_SKR posts big blind 30
Dealt to _SKR [Kc 9d]
*** PRE-FLOP *** 
Nikoo3434 folds
scar 93 raises 255 to 285 and is all-in
_SKR calls 45 and is all-in
*** FLOP *** [Kh 4s 3s]
*** TURN *** [Kh 4s 3s][Th]
*** RIVER *** [Kh 4s 3s Th][8s]
*** SHOW DOWN ***
scar 93 shows [6c Ah] (High card : Ace)
_SKR shows [Kc 9d] (One pair : Kings)
_SKR collected 150 from main pot
scar 93 collected 210 from side pot 1
*** SUMMARY ***
Total pot 360 | No rake
Board: [Kh 4s 3s Th 8s]
Seat 1: scar 93 (small blind) showed [6c Ah] and won 210 with High card : Ace
Seat 2: _SKR (big blind) showed [Kc 9d] and won 150 with One pair : Kings


Winamax Poker - Tournament "Expresso Nitro" buyIn: 0.93€ + 0.07€ level: 2 - HandId: #2717589875929907201-7-1676228147 - Holdem no limit (15/30) - 2023/02/12 18:55:47 UTC
Table: 'Expresso Nitro(632738200)#0' 3-max (real money) Seat #1 is the button
Seat 1: scar 93 (210)
Seat 2: _SKR (150)
Seat 3: Nikoo3434 (540)
*** ANTE/BLINDS ***
_SKR posts small blind 15
Nikoo3434 posts big blind 30
Dealt to _SKR [Qh 5s]
*** PRE-FLOP *** 
scar 93 raises 180 to 210 and is all-in
_SKR folds
Nikoo3434 calls 180
*** FLOP *** [Jh 4h 6s]
*** TURN *** [Jh 4h 6s][8h]
*** RIVER *** [Jh 4h 6s 8h][4c]
*** SHOW DOWN ***
scar 93 shows [9d Qs] (One pair : 4)
Nikoo3434 shows [Kd 3h] (One pair : 4)
Nikoo3434 collected 435 from pot
*** SUMMARY ***
Total pot 435 | No rake
Board: [Jh 4h 6s 8h 4c]
Seat 1: scar 93 (button) showed [9d Qs] and lost with One pair : 4
Seat 3: Nikoo3434 (big blind) showed [Kd 3h] and won 435 with One pair : 4


Winamax Poker - Tournament "Expresso Nitro" buyIn: 0.93€ + 0.07€ level: 3 - HandId: #2717589875929907201-8-1676228171 - Holdem no limit (20/40) - 2023/02/12 18:56:11 UTC
Table: 'Expresso Nitro(632738200)#0' 3-max (real money) Seat #3 is the button
Seat 2: _SKR (135)
Seat 3: Nikoo3434 (765)
*** ANTE/BLINDS ***
Nikoo3434 posts small blind 20
_SKR posts big blind 40
Dealt to _SKR [2d 8c]
*** PRE-FLOP *** 
Nikoo3434 folds
_SKR collected 60 from pot
*** SUMMARY ***
Total pot 60 | No rake
Seat 2: _SKR (big blind) won 60


Winamax Poker - Tournament "Expresso Nitro" buyIn: 0.93€ + 0.07€ level: 3 - HandId: #2717589875929907201-9-1676228174 - Holdem no limit (20/40) - 2023/02/12 18:56:14 UTC
Table: 'Expresso Nitro(632738200)#0' 3-max (real money) Seat #2 is the button
Seat 2: _SKR (155)
Seat 3: Nikoo3434 (745)
*** ANTE/BLINDS ***
_SKR posts small blind 20
Nikoo3434 posts big blind 40
Dealt to _SKR [2d Ac]
*** PRE-FLOP *** 
_SKR raises 115 to 155 and is all-in
Nikoo3434 calls 115
*** FLOP *** [5s 5h 7s]
*** TURN *** [5s 5h 7s][9d]
*** RIVER *** [5s 5h 7s 9d][Ad]
*** SHOW DOWN ***
Nikoo3434 shows [Kd 8c] (One pair : 5)
_SKR shows [2d Ac] (Two pairs : Aces and 5)
_SKR collected 310 from pot
*** SUMMARY ***
Total pot 310 | No rake
Board: [5s 5h 7s 9d Ad]
Seat 2: _SKR (small blind) (button) showed [2d Ac] and won 310 with Two pairs : Aces and 5
Seat 3: Nikoo3434 (big blind) showed [Kd 8c] and lost with One pair : 5


Winamax Poker - Tournament "Expresso Nitro" buyIn: 0.93€ + 0.07€ level: 3 - HandId: #2717589875929907201-10-1676228187 - Holdem no limit (20/40) - 2023/02/12 18:56:27 UTC
Table: 'Expresso Nitro(632738200)#0' 3-max (real money) Seat #3 is the button
Seat 2: _SKR (310)
Seat 3: Nikoo3434 (590)
*** ANTE/BLINDS ***
Nikoo3434 posts small blind 20
_SKR posts big blind 40
Dealt to _SKR [5s 2c]
*** PRE-FLOP *** 
Nikoo3434 folds
_SKR collected 60 from pot
*** SUMMARY ***
Total pot 60 | No rake
Seat 2: _SKR (big blind) won 60


Winamax Poker - Tournament "Expresso Nitro" buyIn: 0.93€ + 0.07€ level: 3 - HandId: #2717589875929907201-11-1676228191 - Holdem no limit (20/40) - 2023/02/12 18:56:31 UTC
Table: 'Expresso Nitro(632738200)#0' 3-max (real money) Seat #2 is the button
Seat 2: _SKR (330)
Seat 3: Nikoo3434 (570)
*** ANTE/BLINDS ***
_SKR posts small blind 20
Nikoo3434 posts big blind 40
Dealt to _SKR [3c 7s]
*** PRE-FLOP *** 
_SKR folds
Nikoo3434 collected 60 from pot
*** SUMMARY ***
Total pot 60 | No rake
Seat 3: Nikoo3434 (big blind) won 60


Winamax Poker - Tournament "Expresso Nitro" buyIn: 0.93€ + 0.07€ level: 3 - HandId: #2717589875929907201-12-1676228194 - Holdem no limit (20/40) - 2023/02/12 18:56:34 UTC
Table: 'Expresso Nitro(632738200)#0' 3-max (real money) Seat #3 is the button
Seat 2: _SKR (310)
Seat 3: Nikoo3434 (590)
*** ANTE/BLINDS ***
Nikoo3434 posts small blind 20
_SKR posts big blind 40
Dealt to _SKR [6d Td]
*** PRE-FLOP *** 
Nikoo3434 raises 550 to 590 and is all-in
_SKR folds
Nikoo3434 collected 630 from pot
*** SUMMARY ***
Total pot 630 | No rake
Seat 3: Nikoo3434 (small blind) (button) won 630


Winamax Poker - Tournament "Expresso Nitro" buyIn: 0.93€ + 0.07€ level: 3 - HandId: #2717589875929907201-13-1676228200 - Holdem no limit (20/40) - 2023/02/12 18:56:40 UTC
Table: 'Expresso Nitro(632738200)#0' 3-max (real money) Seat #2 is the button
Seat 2: _SKR (270)
Seat 3: Nikoo3434 (630)
*** ANTE/BLINDS ***
_SKR posts small blind 20
Nikoo3434 posts big blind 40
Dealt to _SKR [Kc 9d]
*** PRE-FLOP *** 
_SKR raises 230 to 270 and is all-in
Nikoo3434 calls 230
*** FLOP *** [2c 9c 3d]
*** TURN *** [2c 9c 3d][3s]
*** RIVER *** [2c 9c 3d 3s][3h]
*** SHOW DOWN ***
Nikoo3434 shows [Jc As] (Trips of 3)
_SKR shows [Kc 9d] (Full of 3 and 9)
_SKR collected 540 from pot
*** SUMMARY ***
Total pot 540 | No rake
Board: [2c 9c 3d 3s 3h]
Seat 2: _SKR (small blind) (button) showed [Kc 9d] and won 540 with Full of 3 and 9
Seat 3: Nikoo3434 (big blind) showed [Jc As] and lost with Trips of 3


Winamax Poker - Tournament "Expresso Nitro" buyIn: 0.93€ + 0.07€ level: 3 - HandId: #2717589875929907201-14-1676228213 - Holdem no limit (20/40) - 2023/02/12 18:56:53 UTC
Table: 'Expresso Nitro(632738200)#0' 3-max (real money) Seat #3 is the button
Seat 2: _SKR (540)
Seat 3: Nikoo3434 (360)
*** ANTE/BLINDS ***
Nikoo3434 posts small blind 20
_SKR posts big blind 40
Dealt to _SKR [3d Jc]
*** PRE-FLOP *** 
Nikoo3434 folds
_SKR collected 60 from pot
*** SUMMARY ***
Total pot 60 | No rake
Seat 2: _SKR (big blind) won 60


Winamax Poker - Tournament "Expresso Nitro" buyIn: 0.93€ + 0.07€ level: 3 - HandId: #2717589875929907201-15-1676228218 - Holdem no limit (20/40) - 2023/02/12 18:56:58 UTC
Table: 'Expresso Nitro(632738200)#0' 3-max (real money) Seat #2 is the button
Seat 2: _SKR (560)
Seat 3: Nikoo3434 (340)
*** ANTE/BLINDS ***
_SKR posts small blind 20
Nikoo3434 posts big blind 40
Dealt to _SKR [5s Ad]
*** PRE-FLOP *** 
_SKR raises 520 to 560 and is all-in
Nikoo3434 calls 300 and is all-in
*** FLOP *** [Ts 4s Th]
*** TURN *** [Ts 4s Th][8h]
*** RIVER *** [Ts 4s Th 8h][2c]
*** SHOW DOWN ***
_SKR shows [5s Ad] (One pair : Tens)
Nikoo3434 shows [4d 5d] (Two pairs : Tens and 4)
Nikoo3434 collected 680 from main pot
_SKR collected 220 from side pot 1
*** SUMMARY ***
Total pot 900 | No rake
Board: [Ts 4s Th 8h 2c]
Seat 2: _SKR (small blind) (button) showed [5s Ad] and won 220 with One pair : Tens
Seat 3: Nikoo3434 (big blind) showed [4d 5d] and won 680 with Two pairs : Tens and 4


Winamax Poker - Tournament "Expresso Nitro" buyIn: 0.93€ + 0.07€ level: 4 - HandId: #2717589875929907201-16-1676228229 - Holdem no limit (30/60) - 2023/02/12 18:57:09 UTC
Table: 'Expresso Nitro(632738200)#0' 3-max (real money) Seat #3 is the button
Seat 2: _SKR (220)
Seat 3: Nikoo3434 (680)
*** ANTE/BLINDS ***
Nikoo3434 posts small blind 30
_SKR posts big blind 60
Dealt to _SKR [Jc 2h]
*** PRE-FLOP *** 
Nikoo3434 folds
_SKR collected 90 from pot
*** SUMMARY ***
Total pot 90 | No rake
Seat 2: _SKR (big blind) won 90


Winamax Poker - Tournament "Expresso Nitro" buyIn: 0.93€ + 0.07€ level: 4 - HandId: #2717589875929907201-17-1676228233 - Holdem no limit (30/60) - 2023/02/12 18:57:13 UTC
Table: 'Expresso Nitro(632738200)#0' 3-max (real money) Seat #2 is the button
Seat 2: _SKR (250)
Seat 3: Nikoo3434 (650)
*** ANTE/BLINDS ***
_SKR posts small blind 30
Nikoo3434 posts big blind 60
Dealt to _SKR [4h 3c]
*** PRE-FLOP *** 
_SKR folds
Nikoo3434 collected 90 from pot
*** SUMMARY ***
Total pot 90 | No rake
Seat 3: Nikoo3434 (big blind) won 90


Winamax Poker - Tournament "Expresso Nitro" buyIn: 0.93€ + 0.07€ level: 4 - HandId: #2717589875929907201-18-1676228239 - Holdem no limit (30/60) - 2023/02/12 18:57:19 UTC
Table: 'Expresso Nitro(632738200)#0' 3-max (real money) Seat #3 is the button
Seat 2: _SKR (220)
Seat 3: Nikoo3434 (680)
*** ANTE/BLINDS ***
Nikoo3434 posts small blind 30
_SKR posts big blind 60
Dealt to _SKR [2h 7c]
*** PRE-FLOP *** 
Nikoo3434 folds
_SKR collected 90 from pot
*** SUMMARY ***
Total pot 90 | No rake
Seat 2: _SKR (big blind) won 90


Winamax Poker - Tournament "Expresso Nitro" buyIn: 0.93€ + 0.07€ level: 4 - HandId: #2717589875929907201-19-1676228243 - Holdem no limit (30/60) - 2023/02/12 18:57:23 UTC
Table: 'Expresso Nitro(632738200)#0' 3-max (real money) Seat #2 is the button
Seat 2: _SKR (250)
Seat 3: Nikoo3434 (650)
*** ANTE/BLINDS ***
_SKR posts small blind 30
Nikoo3434 posts big blind 60
Dealt to _SKR [Jc 9d]
*** PRE-FLOP *** 
_SKR raises 190 to 250 and is all-in
Nikoo3434 folds
_SKR collected 310 from pot
*** SUMMARY ***
Total pot 310 | No rake
Seat 2: _SKR (small blind) (button) won 310


Winamax Poker - Tournament "Expresso Nitro" buyIn: 0.93€ + 0.07€ level: 4 - HandId: #2717589875929907201-20-1676228248 - Holdem no limit (30/60) - 2023/02/12 18:57:28 UTC
Table: 'Expresso Nitro(632738200)#0' 3-max (real money) Seat #3 is the button
Seat 2: _SKR (310)
Seat 3: Nikoo3434 (590)
*** ANTE/BLINDS ***
Nikoo3434 posts small blind 30
_SKR posts big blind 60
Dealt to _SKR [5s 2d]
*** PRE-FLOP *** 
Nikoo3434 raises 530 to 590 and is all-in
_SKR folds
Nikoo3434 collected 650 from pot
*** SUMMARY ***
Total pot 650 | No rake
Seat 3: Nikoo3434 (small blind) (button) won 650


Winamax Poker - Tournament "Expresso Nitro" buyIn: 0.93€ + 0.07€ level: 4 - HandId: #2717589875929907201-21-1676228254 - Holdem no limit (30/60) - 2023/02/12 18:57:34 UTC
Table: 'Expresso Nitro(632738200)#0' 3-max (real money) Seat #2 is the button
Seat 2: _SKR (250)
Seat 3: Nikoo3434 (650)
*** ANTE/BLINDS ***
_SKR posts small blind 30
Nikoo3434 posts big blind 60
Dealt to _SKR [9c 6s]
*** PRE-FLOP *** 
_SKR folds
Nikoo3434 collected 90 from pot
*** SUMMARY ***
Total pot 90 | No rake
Seat 3: Nikoo3434 (big blind) won 90


Winamax Poker - Tournament "Expresso Nitro" buyIn: 0.93€ + 0.07€ level: 4 - HandId: #2717589875929907201-22-1676228258 - Holdem no limit (30/60) - 2023/02/12 18:57:38 UTC
Table: 'Expresso Nitro(632738200)#0' 3-max (real money) Seat #3 is the button
Seat 2: _SKR (220)
Seat 3: Nikoo3434 (680)
*** ANTE/BLINDS ***
Nikoo3434 posts small blind 30
_SKR posts big blind 60
Dealt to _SKR [2c Kc]
*** PRE-FLOP *** 
Nikoo3434 folds
_SKR collected 90 from pot
*** SUMMARY ***
Total pot 90 | No rake
Seat 2: _SKR (big blind) won 90


Winamax Poker - Tournament "Expresso Nitro" buyIn: 0.93€ + 0.07€ level: 4 - HandId: #2717589875929907201-23-1676228261 - Holdem no limit (30/60) - 2023/02/12 18:57:41 UTC
Table: 'Expresso Nitro(632738200)#0' 3-max (real money) Seat #2 is the button
Seat 2: _SKR (250)
Seat 3: Nikoo3434 (650)
*** ANTE/BLINDS ***
_SKR posts small blind 30
Nikoo3434 posts big blind 60
Dealt to _SKR [Jd Qs]
*** PRE-FLOP *** 
_SKR raises 190 to 250 and is all-in
Nikoo3434 calls 190
*** FLOP *** [5d 8c 4h]
*** TURN *** [5d 8c 4h][Tc]
*** RIVER *** [5d 8c 4h Tc][6d]
*** SHOW DOWN ***
_SKR shows [Jd Qs] (High card : Queen)
Nikoo3434 shows [8h 7c] (Straight 8 high)
Nikoo3434 collected 500 from pot
*** SUMMARY ***
Total pot 500 | No rake
Board: [5d 8c 4h Tc 6d]
Seat 2: _SKR (small blind) (button) showed [Jd Qs] and lost with High card : Queen
Seat 3: Nikoo3434 (big blind) showed [8h 7c] and won 500 with Straight 8 high


