Winamax Poker - Tournament "Expresso Nitro" buyIn: 0.93€ + 0.07€ level: 1 - HandId: #2674144851506757633-1-1673703279 - Holdem no limit (10/20) - 2023/01/14 13:34:39 UTC
Table: 'Expresso Nitro(622622867)#0' 3-max (real money) Seat #2 is the button
Seat 1: monadempy (300)
Seat 2: _SKR (300)
Seat 3: Lunacle (300)
*** ANTE/BLINDS ***
Lunacle posts small blind 10
monadempy posts big blind 20
Dealt to _SKR [5s Ah]
*** PRE-FLOP *** 
_SKR raises 280 to 300 and is all-in
Lunacle folds
monadempy folds
_SKR collected 330 from pot
*** SUMMARY ***
Total pot 330 | No rake
Seat 2: _SKR (button) won 330


Winamax Poker - Tournament "Expresso Nitro" buyIn: 0.93€ + 0.07€ level: 1 - HandId: #2674144851506757633-2-1673703292 - Holdem no limit (10/20) - 2023/01/14 13:34:52 UTC
Table: 'Expresso Nitro(622622867)#0' 3-max (real money) Seat #3 is the button
Seat 1: monadempy (280)
Seat 2: _SKR (330)
Seat 3: Lunacle (290)
*** ANTE/BLINDS ***
monadempy posts small blind 10
_SKR posts big blind 20
Dealt to _SKR [7s Tc]
*** PRE-FLOP *** 
Lunacle raises 270 to 290 and is all-in
monadempy folds
_SKR folds
Lunacle collected 320 from pot
*** SUMMARY ***
Total pot 320 | No rake
Seat 3: Lunacle (button) won 320


Winamax Poker - Tournament "Expresso Nitro" buyIn: 0.93€ + 0.07€ level: 1 - HandId: #2674144851506757633-3-1673703301 - Holdem no limit (10/20) - 2023/01/14 13:35:01 UTC
Table: 'Expresso Nitro(622622867)#0' 3-max (real money) Seat #1 is the button
Seat 1: monadempy (270)
Seat 2: _SKR (310)
Seat 3: Lunacle (320)
*** ANTE/BLINDS ***
_SKR posts small blind 10
Lunacle posts big blind 20
Dealt to _SKR [Ac 6d]
*** PRE-FLOP *** 
monadempy raises 70 to 90
_SKR folds
Lunacle folds
monadempy collected 120 from pot
*** SUMMARY ***
Total pot 120 | No rake
Seat 1: monadempy (button) won 120


Winamax Poker - Tournament "Expresso Nitro" buyIn: 0.93€ + 0.07€ level: 1 - HandId: #2674144851506757633-4-1673703312 - Holdem no limit (10/20) - 2023/01/14 13:35:12 UTC
Table: 'Expresso Nitro(622622867)#0' 3-max (real money) Seat #2 is the button
Seat 1: monadempy (300)
Seat 2: _SKR (300)
Seat 3: Lunacle (300)
*** ANTE/BLINDS ***
Lunacle posts small blind 10
monadempy posts big blind 20
Dealt to _SKR [Jd 6d]
*** PRE-FLOP *** 
_SKR folds
Lunacle folds
monadempy collected 30 from pot
*** SUMMARY ***
Total pot 30 | No rake
Seat 1: monadempy (big blind) won 30


Winamax Poker - Tournament "Expresso Nitro" buyIn: 0.93€ + 0.07€ level: 1 - HandId: #2674144851506757633-5-1673703318 - Holdem no limit (10/20) - 2023/01/14 13:35:18 UTC
Table: 'Expresso Nitro(622622867)#0' 3-max (real money) Seat #3 is the button
Seat 1: monadempy (310)
Seat 2: _SKR (300)
Seat 3: Lunacle (290)
*** ANTE/BLINDS ***
monadempy posts small blind 10
_SKR posts big blind 20
Dealt to _SKR [Kh 5s]
*** PRE-FLOP *** 
Lunacle folds
monadempy raises 20 to 40
_SKR folds
monadempy collected 60 from pot
*** SUMMARY ***
Total pot 60 | No rake
Seat 1: monadempy (small blind) won 60


Winamax Poker - Tournament "Expresso Nitro" buyIn: 0.93€ + 0.07€ level: 1 - HandId: #2674144851506757633-6-1673703326 - Holdem no limit (10/20) - 2023/01/14 13:35:26 UTC
Table: 'Expresso Nitro(622622867)#0' 3-max (real money) Seat #1 is the button
Seat 1: monadempy (330)
Seat 2: _SKR (280)
Seat 3: Lunacle (290)
*** ANTE/BLINDS ***
_SKR posts small blind 10
Lunacle posts big blind 20
Dealt to _SKR [2c 2h]
*** PRE-FLOP *** 
monadempy raises 40 to 60
_SKR folds
Lunacle calls 40
*** FLOP *** [Jh 8s 9s]
Lunacle checks
monadempy bets 85
Lunacle calls 85
*** TURN *** [Jh 8s 9s][6d]
Lunacle checks
monadempy bets 150
Lunacle calls 145 and is all-in
*** RIVER *** [Jh 8s 9s 6d][5s]
*** SHOW DOWN ***
monadempy shows [9h Qs] (One pair : 9)
Lunacle shows [Jd 8c] (Two pairs : Jacks and 8)
Lunacle collected 590 from main pot
monadempy collected 5 from side pot 1
*** SUMMARY ***
Total pot 595 | No rake
Board: [Jh 8s 9s 6d 5s]
Seat 1: monadempy (button) showed [9h Qs] and won 5 with One pair : 9
Seat 3: Lunacle (big blind) showed [Jd 8c] and won 590 with Two pairs : Jacks and 8


Winamax Poker - Tournament "Expresso Nitro" buyIn: 0.93€ + 0.07€ level: 2 - HandId: #2674144851506757633-7-1673703354 - Holdem no limit (15/30) - 2023/01/14 13:35:54 UTC
Table: 'Expresso Nitro(622622867)#0' 3-max (real money) Seat #2 is the button
Seat 1: monadempy (40)
Seat 2: _SKR (270)
Seat 3: Lunacle (590)
*** ANTE/BLINDS ***
Lunacle posts small blind 15
monadempy posts big blind 30
Dealt to _SKR [3d As]
*** PRE-FLOP *** 
_SKR raises 240 to 270 and is all-in
Lunacle calls 255
monadempy calls 10 and is all-in
*** FLOP *** [2s 8d Ad]
*** TURN *** [2s 8d Ad][6d]
*** RIVER *** [2s 8d Ad 6d][3h]
*** SHOW DOWN ***
monadempy shows [Jd Kc] (High card : Ace)
Lunacle shows [Js Kh] (High card : Ace)
_SKR shows [3d As] (Two pairs : Aces and 3)
_SKR collected 580 from pot
*** SUMMARY ***
Total pot 580 | No rake
Board: [2s 8d Ad 6d 3h]
Seat 1: monadempy (big blind) showed [Jd Kc] and lost with High card : Ace
Seat 2: _SKR (button) showed [3d As] and won 580 with Two pairs : Aces and 3
Seat 3: Lunacle (small blind) showed [Js Kh] and lost with High card : Ace


Winamax Poker - Tournament "Expresso Nitro" buyIn: 0.93€ + 0.07€ level: 2 - HandId: #2674144851506757633-8-1673703369 - Holdem no limit (15/30) - 2023/01/14 13:36:09 UTC
Table: 'Expresso Nitro(622622867)#0' 3-max (real money) Seat #2 is the button
Seat 2: _SKR (580)
Seat 3: Lunacle (320)
*** ANTE/BLINDS ***
_SKR posts small blind 15
Lunacle posts big blind 30
Dealt to _SKR [9c 7c]
*** PRE-FLOP *** 
_SKR calls 15
Lunacle checks
*** FLOP *** [4d Jc 3c]
Lunacle bets 290 and is all-in
_SKR calls 290
*** TURN *** [4d Jc 3c][6c]
*** RIVER *** [4d Jc 3c 6c][Kd]
*** SHOW DOWN ***
Lunacle shows [7d 3h] (One pair : 3)
_SKR shows [9c 7c] (Flush Jack high)
_SKR collected 640 from pot
*** SUMMARY ***
Total pot 640 | No rake
Board: [4d Jc 3c 6c Kd]
Seat 2: _SKR (small blind) (button) showed [9c 7c] and won 640 with Flush Jack high
Seat 3: Lunacle (big blind) showed [7d 3h] and lost with One pair : 3


