Winamax Poker - Tournament "Expresso Nitro" buyIn: 1.86€ + 0.14€ level: 1 - HandId: #2697281247624822785-1-1675116193 - Holdem no limit (10/20) - 2023/01/30 22:03:13 UTC
Table: 'Expresso Nitro(628009729)#0' 3-max (real money) Seat #1 is the button
Seat 1: Scam4win (300)
Seat 2: _SKR (300)
Seat 3: Rozana (300)
*** ANTE/BLINDS ***
_SKR posts small blind 10
Rozana posts big blind 20
Dealt to _SKR [Qd Qs]
*** PRE-FLOP *** 
Scam4win raises 20 to 40
_SKR raises 260 to 300 and is all-in
Rozana folds
Scam4win folds
_SKR collected 360 from pot
*** SUMMARY ***
Total pot 360 | No rake
Seat 2: _SKR (small blind) won 360


Winamax Poker - Tournament "Expresso Nitro" buyIn: 1.86€ + 0.14€ level: 1 - HandId: #2697281247624822785-2-1675116207 - Holdem no limit (10/20) - 2023/01/30 22:03:27 UTC
Table: 'Expresso Nitro(628009729)#0' 3-max (real money) Seat #2 is the button
Seat 1: Scam4win (260)
Seat 2: _SKR (360)
Seat 3: Rozana (280)
*** ANTE/BLINDS ***
Rozana posts small blind 10
Scam4win posts big blind 20
Dealt to _SKR [7h 9s]
*** PRE-FLOP *** 
_SKR folds
Rozana raises 260 to 280 and is all-in
Scam4win calls 240 and is all-in
*** FLOP *** [8h Th Tc]
*** TURN *** [8h Th Tc][4c]
*** RIVER *** [8h Th Tc 4c][4d]
*** SHOW DOWN ***
Scam4win shows [Qh As] (Two pairs : Tens and 4)
Rozana shows [Ah 9d] (Two pairs : Tens and 4)
Rozana collected 280 from side pot 1
Scam4win collected 260 from main pot
*** SUMMARY ***
Total pot 540 | No rake
Board: [8h Th Tc 4c 4d]
Seat 1: Scam4win (big blind) showed [Qh As] and won 260 with Two pairs : Tens and 4
Seat 3: Rozana (small blind) showed [Ah 9d] and won 280 with Two pairs : Tens and 4


Winamax Poker - Tournament "Expresso Nitro" buyIn: 1.86€ + 0.14€ level: 1 - HandId: #2697281247624822785-3-1675116226 - Holdem no limit (10/20) - 2023/01/30 22:03:46 UTC
Table: 'Expresso Nitro(628009729)#0' 3-max (real money) Seat #3 is the button
Seat 1: Scam4win (260)
Seat 2: _SKR (360)
Seat 3: Rozana (280)
*** ANTE/BLINDS ***
Scam4win posts small blind 10
_SKR posts big blind 20
Dealt to _SKR [6h Jh]
*** PRE-FLOP *** 
Rozana folds
Scam4win raises 240 to 260 and is all-in
_SKR folds
Scam4win collected 280 from pot
*** SUMMARY ***
Total pot 280 | No rake
Seat 1: Scam4win (small blind) won 280


Winamax Poker - Tournament "Expresso Nitro" buyIn: 1.86€ + 0.14€ level: 1 - HandId: #2697281247624822785-4-1675116235 - Holdem no limit (10/20) - 2023/01/30 22:03:55 UTC
Table: 'Expresso Nitro(628009729)#0' 3-max (real money) Seat #1 is the button
Seat 1: Scam4win (280)
Seat 2: _SKR (340)
Seat 3: Rozana (280)
*** ANTE/BLINDS ***
_SKR posts small blind 10
Rozana posts big blind 20
Dealt to _SKR [Kd 5h]
*** PRE-FLOP *** 
Scam4win folds
_SKR calls 10
Rozana checks
*** FLOP *** [5c 7c 3c]
_SKR checks
Rozana bets 20
_SKR folds
Rozana collected 60 from pot
*** SUMMARY ***
Total pot 60 | No rake
Board: [5c 7c 3c]
Seat 3: Rozana (big blind) won 60


Winamax Poker - Tournament "Expresso Nitro" buyIn: 1.86€ + 0.14€ level: 2 - HandId: #2697281247624822785-5-1675116258 - Holdem no limit (15/30) - 2023/01/30 22:04:18 UTC
Table: 'Expresso Nitro(628009729)#0' 3-max (real money) Seat #2 is the button
Seat 1: Scam4win (280)
Seat 2: _SKR (320)
Seat 3: Rozana (300)
*** ANTE/BLINDS ***
Rozana posts small blind 15
Scam4win posts big blind 30
Dealt to _SKR [As 9s]
*** PRE-FLOP *** 
_SKR raises 290 to 320 and is all-in
Rozana folds
Scam4win folds
_SKR collected 365 from pot
*** SUMMARY ***
Total pot 365 | No rake
Seat 2: _SKR (button) won 365


Winamax Poker - Tournament "Expresso Nitro" buyIn: 1.86€ + 0.14€ level: 2 - HandId: #2697281247624822785-6-1675116275 - Holdem no limit (15/30) - 2023/01/30 22:04:35 UTC
Table: 'Expresso Nitro(628009729)#0' 3-max (real money) Seat #3 is the button
Seat 1: Scam4win (250)
Seat 2: _SKR (365)
Seat 3: Rozana (285)
*** ANTE/BLINDS ***
Scam4win posts small blind 15
_SKR posts big blind 30
Dealt to _SKR [4s As]
*** PRE-FLOP *** 
Rozana folds
Scam4win folds
_SKR collected 45 from pot
*** SUMMARY ***
Total pot 45 | No rake
Seat 2: _SKR (big blind) won 45


Winamax Poker - Tournament "Expresso Nitro" buyIn: 1.86€ + 0.14€ level: 2 - HandId: #2697281247624822785-7-1675116285 - Holdem no limit (15/30) - 2023/01/30 22:04:45 UTC
Table: 'Expresso Nitro(628009729)#0' 3-max (real money) Seat #1 is the button
Seat 1: Scam4win (235)
Seat 2: _SKR (380)
Seat 3: Rozana (285)
*** ANTE/BLINDS ***
_SKR posts small blind 15
Rozana posts big blind 30
Dealt to _SKR [4s 8d]
*** PRE-FLOP *** 
Scam4win folds
_SKR folds
Rozana collected 45 from pot
*** SUMMARY ***
Total pot 45 | No rake
Seat 3: Rozana (big blind) won 45


Winamax Poker - Tournament "Expresso Nitro" buyIn: 1.86€ + 0.14€ level: 2 - HandId: #2697281247624822785-8-1675116292 - Holdem no limit (15/30) - 2023/01/30 22:04:52 UTC
Table: 'Expresso Nitro(628009729)#0' 3-max (real money) Seat #2 is the button
Seat 1: Scam4win (235)
Seat 2: _SKR (365)
Seat 3: Rozana (300)
*** ANTE/BLINDS ***
Rozana posts small blind 15
Scam4win posts big blind 30
Dealt to _SKR [3s Tc]
*** PRE-FLOP *** 
_SKR folds
Rozana raises 270 to 300 and is all-in
Scam4win calls 205 and is all-in
*** FLOP *** [5d 7s Ks]
*** TURN *** [5d 7s Ks][7h]
*** RIVER *** [5d 7s Ks 7h][2s]
*** SHOW DOWN ***
Scam4win shows [5c As] (Two pairs : 7 and 5)
Rozana shows [Qc 3c] (One pair : 7)
Rozana collected 65 from side pot 1
Scam4win collected 470 from main pot
*** SUMMARY ***
Total pot 535 | No rake
Board: [5d 7s Ks 7h 2s]
Seat 1: Scam4win (big blind) showed [5c As] and won 470 with Two pairs : 7 and 5
Seat 3: Rozana (small blind) showed [Qc 3c] and won 65 with One pair : 7


Winamax Poker - Tournament "Expresso Nitro" buyIn: 1.86€ + 0.14€ level: 3 - HandId: #2697281247624822785-9-1675116318 - Holdem no limit (20/40) - 2023/01/30 22:05:18 UTC
Table: 'Expresso Nitro(628009729)#0' 3-max (real money) Seat #3 is the button
Seat 1: Scam4win (470)
Seat 2: _SKR (365)
Seat 3: Rozana (65)
*** ANTE/BLINDS ***
Scam4win posts small blind 20
_SKR posts big blind 40
Dealt to _SKR [6d Ah]
*** PRE-FLOP *** 
Rozana raises 25 to 65 and is all-in
Scam4win folds
_SKR calls 25
*** FLOP *** [2h 6c 7h]
*** TURN *** [2h 6c 7h][Ts]
*** RIVER *** [2h 6c 7h Ts][Ks]
*** SHOW DOWN ***
_SKR shows [6d Ah] (One pair : 6)
Rozana shows [Ad Kd] (One pair : Kings)
Rozana collected 150 from pot
*** SUMMARY ***
Total pot 150 | No rake
Board: [2h 6c 7h Ts Ks]
Seat 2: _SKR (big blind) showed [6d Ah] and lost with One pair : 6
Seat 3: Rozana (button) showed [Ad Kd] and won 150 with One pair : Kings


Winamax Poker - Tournament "Expresso Nitro" buyIn: 1.86€ + 0.14€ level: 3 - HandId: #2697281247624822785-10-1675116337 - Holdem no limit (20/40) - 2023/01/30 22:05:37 UTC
Table: 'Expresso Nitro(628009729)#0' 3-max (real money) Seat #1 is the button
Seat 1: Scam4win (450)
Seat 2: _SKR (300)
Seat 3: Rozana (150)
*** ANTE/BLINDS ***
_SKR posts small blind 20
Rozana posts big blind 40
Dealt to _SKR [Kh 4h]
*** PRE-FLOP *** 
Scam4win raises 410 to 450 and is all-in
_SKR folds
Rozana folds
Scam4win collected 510 from pot
*** SUMMARY ***
Total pot 510 | No rake
Seat 1: Scam4win (button) won 510


Winamax Poker - Tournament "Expresso Nitro" buyIn: 1.86€ + 0.14€ level: 3 - HandId: #2697281247624822785-11-1675116344 - Holdem no limit (20/40) - 2023/01/30 22:05:44 UTC
Table: 'Expresso Nitro(628009729)#0' 3-max (real money) Seat #2 is the button
Seat 1: Scam4win (510)
Seat 2: _SKR (280)
Seat 3: Rozana (110)
*** ANTE/BLINDS ***
Rozana posts small blind 20
Scam4win posts big blind 40
Dealt to _SKR [2c 3h]
*** PRE-FLOP *** 
_SKR folds
Rozana folds
Scam4win collected 60 from pot
*** SUMMARY ***
Total pot 60 | No rake
Seat 1: Scam4win (big blind) won 60


Winamax Poker - Tournament "Expresso Nitro" buyIn: 1.86€ + 0.14€ level: 3 - HandId: #2697281247624822785-12-1675116359 - Holdem no limit (20/40) - 2023/01/30 22:05:59 UTC
Table: 'Expresso Nitro(628009729)#0' 3-max (real money) Seat #3 is the button
Seat 1: Scam4win (530)
Seat 2: _SKR (280)
Seat 3: Rozana (90)
*** ANTE/BLINDS ***
Scam4win posts small blind 20
_SKR posts big blind 40
Dealt to _SKR [7s 6d]
*** PRE-FLOP *** 
Rozana folds
Scam4win raises 490 to 530 and is all-in
_SKR folds
Scam4win collected 570 from pot
*** SUMMARY ***
Total pot 570 | No rake
Seat 1: Scam4win (small blind) won 570


Winamax Poker - Tournament "Expresso Nitro" buyIn: 1.86€ + 0.14€ level: 4 - HandId: #2697281247624822785-13-1675116380 - Holdem no limit (30/60) - 2023/01/30 22:06:20 UTC
Table: 'Expresso Nitro(628009729)#0' 3-max (real money) Seat #1 is the button
Seat 1: Scam4win (570)
Seat 2: _SKR (240)
Seat 3: Rozana (90)
*** ANTE/BLINDS ***
_SKR posts small blind 30
Rozana posts big blind 60
Dealt to _SKR [2d 9c]
*** PRE-FLOP *** 
Scam4win folds
_SKR folds
Rozana collected 90 from pot
*** SUMMARY ***
Total pot 90 | No rake
Seat 3: Rozana (big blind) won 90


Winamax Poker - Tournament "Expresso Nitro" buyIn: 1.86€ + 0.14€ level: 4 - HandId: #2697281247624822785-14-1675116398 - Holdem no limit (30/60) - 2023/01/30 22:06:38 UTC
Table: 'Expresso Nitro(628009729)#0' 3-max (real money) Seat #2 is the button
Seat 1: Scam4win (570)
Seat 2: _SKR (210)
Seat 3: Rozana (120)
*** ANTE/BLINDS ***
Rozana posts small blind 30
Scam4win posts big blind 60
Dealt to _SKR [8c Qd]
*** PRE-FLOP *** 
_SKR raises 150 to 210 and is all-in
Rozana calls 90 and is all-in
Scam4win raises 360 to 570 and is all-in
*** FLOP *** [As 6h 5c]
*** TURN *** [As 6h 5c][5d]
*** RIVER *** [As 6h 5c 5d][3c]
*** SHOW DOWN ***
_SKR shows [8c Qd] (One pair : 5)
Scam4win shows [Ac 2h] (Two pairs : Aces and 5)
Rozana shows [Qc Ad] (Two pairs : Aces and 5)
Rozana collected 360 from main pot
Scam4win collected 540 from side pot 1
*** SUMMARY ***
Total pot 900 | No rake
Board: [As 6h 5c 5d 3c]
Seat 1: Scam4win (big blind) showed [Ac 2h] and won 540 with Two pairs : Aces and 5
Seat 2: _SKR (button) showed [8c Qd] and lost with One pair : 5
Seat 3: Rozana (small blind) showed [Qc Ad] and won 360 with Two pairs : Aces and 5


