Winamax Poker - Tournament "Expresso Nitro" buyIn: 1.86€ + 0.14€ level: 1 - HandId: #2696525032733016065-1-1675085065 - Holdem no limit (10/20) - 2023/01/30 13:24:25 UTC
Table: 'Expresso Nitro(627833659)#0' 3-max (real money) Seat #2 is the button
Seat 1: RAYAN012020 (300)
Seat 2: _SKR (300)
Seat 3: Towanda14 (300)
*** ANTE/BLINDS ***
Towanda14 posts small blind 10
RAYAN012020 posts big blind 20
Dealt to _SKR [9h Th]
*** PRE-FLOP *** 
_SKR folds
Towanda14 raises 30 to 50
RAYAN012020 calls 30
*** FLOP *** [Qh 2d Tc]
Towanda14 bets 65
RAYAN012020 calls 65
*** TURN *** [Qh 2d Tc][2c]
Towanda14 bets 185 and is all-in
RAYAN012020 folds
Towanda14 collected 415 from pot
*** SUMMARY ***
Total pot 415 | No rake
Board: [Qh 2d Tc 2c]
Seat 3: Towanda14 (small blind) won 415


Winamax Poker - Tournament "Expresso Nitro" buyIn: 1.86€ + 0.14€ level: 1 - HandId: #2696525032733016065-2-1675085113 - Holdem no limit (10/20) - 2023/01/30 13:25:13 UTC
Table: 'Expresso Nitro(627833659)#0' 3-max (real money) Seat #3 is the button
Seat 1: RAYAN012020 (185)
Seat 2: _SKR (300)
Seat 3: Towanda14 (415)
*** ANTE/BLINDS ***
RAYAN012020 posts small blind 10
_SKR posts big blind 20
Dealt to _SKR [4c 7s]
*** PRE-FLOP *** 
Towanda14 folds
RAYAN012020 raises 20 to 40
_SKR folds
RAYAN012020 collected 60 from pot
*** SUMMARY ***
Total pot 60 | No rake
Seat 1: RAYAN012020 (small blind) won 60


Winamax Poker - Tournament "Expresso Nitro" buyIn: 1.86€ + 0.14€ level: 2 - HandId: #2696525032733016065-3-1675085123 - Holdem no limit (15/30) - 2023/01/30 13:25:23 UTC
Table: 'Expresso Nitro(627833659)#0' 3-max (real money) Seat #1 is the button
Seat 1: RAYAN012020 (205)
Seat 2: _SKR (280)
Seat 3: Towanda14 (415)
*** ANTE/BLINDS ***
_SKR posts small blind 15
Towanda14 posts big blind 30
Dealt to _SKR [5d 6c]
*** PRE-FLOP *** 
RAYAN012020 raises 175 to 205 and is all-in
_SKR folds
Towanda14 calls 175
*** FLOP *** [Th 2d Js]
*** TURN *** [Th 2d Js][9c]
*** RIVER *** [Th 2d Js 9c][3h]
*** SHOW DOWN ***
RAYAN012020 shows [Ac Jc] (One pair : Jacks)
Towanda14 shows [Jh Ah] (One pair : Jacks)
Towanda14 collected 213 from pot
RAYAN012020 collected 212 from pot
*** SUMMARY ***
Total pot 425 | No rake
Board: [Th 2d Js 9c 3h]
Seat 1: RAYAN012020 (button) showed [Ac Jc] and won 212 with One pair : Jacks
Seat 3: Towanda14 (big blind) showed [Jh Ah] and won 213 with One pair : Jacks


Winamax Poker - Tournament "Expresso Nitro" buyIn: 1.86€ + 0.14€ level: 2 - HandId: #2696525032733016065-4-1675085140 - Holdem no limit (15/30) - 2023/01/30 13:25:40 UTC
Table: 'Expresso Nitro(627833659)#0' 3-max (real money) Seat #2 is the button
Seat 1: RAYAN012020 (212)
Seat 2: _SKR (265)
Seat 3: Towanda14 (423)
*** ANTE/BLINDS ***
Towanda14 posts small blind 15
RAYAN012020 posts big blind 30
Dealt to _SKR [Tc 9c]
*** PRE-FLOP *** 
_SKR raises 235 to 265 and is all-in
Towanda14 folds
RAYAN012020 calls 182 and is all-in
*** FLOP *** [6d 9h 2c]
*** TURN *** [6d 9h 2c][Kh]
*** RIVER *** [6d 9h 2c Kh][4s]
*** SHOW DOWN ***
RAYAN012020 shows [Kd 2h] (Two pairs : Kings and 2)
_SKR shows [Tc 9c] (One pair : 9)
_SKR collected 53 from side pot 1
RAYAN012020 collected 439 from main pot
*** SUMMARY ***
Total pot 492 | No rake
Board: [6d 9h 2c Kh 4s]
Seat 1: RAYAN012020 (big blind) showed [Kd 2h] and won 439 with Two pairs : Kings and 2
Seat 2: _SKR (button) showed [Tc 9c] and won 53 with One pair : 9


Winamax Poker - Tournament "Expresso Nitro" buyIn: 1.86€ + 0.14€ level: 2 - HandId: #2696525032733016065-5-1675085155 - Holdem no limit (15/30) - 2023/01/30 13:25:55 UTC
Table: 'Expresso Nitro(627833659)#0' 3-max (real money) Seat #3 is the button
Seat 1: RAYAN012020 (439)
Seat 2: _SKR (53)
Seat 3: Towanda14 (408)
*** ANTE/BLINDS ***
RAYAN012020 posts small blind 15
_SKR posts big blind 30
Dealt to _SKR [9c 7h]
*** PRE-FLOP *** 
Towanda14 calls 30
RAYAN012020 calls 15
_SKR raises 23 to 53 and is all-in
Towanda14 folds
RAYAN012020 calls 23
*** FLOP *** [8h 2h 5d]
*** TURN *** [8h 2h 5d][Tc]
*** RIVER *** [8h 2h 5d Tc][7c]
*** SHOW DOWN ***
RAYAN012020 shows [2c Ad] (One pair : 2)
_SKR shows [9c 7h] (One pair : 7)
_SKR collected 136 from pot
*** SUMMARY ***
Total pot 136 | No rake
Board: [8h 2h 5d Tc 7c]
Seat 1: RAYAN012020 (small blind) showed [2c Ad] and lost with One pair : 2
Seat 2: _SKR (big blind) showed [9c 7h] and won 136 with One pair : 7


Winamax Poker - Tournament "Expresso Nitro" buyIn: 1.86€ + 0.14€ level: 3 - HandId: #2696525032733016065-6-1675085182 - Holdem no limit (20/40) - 2023/01/30 13:26:22 UTC
Table: 'Expresso Nitro(627833659)#0' 3-max (real money) Seat #1 is the button
Seat 1: RAYAN012020 (386)
Seat 2: _SKR (136)
Seat 3: Towanda14 (378)
*** ANTE/BLINDS ***
_SKR posts small blind 20
Towanda14 posts big blind 40
Dealt to _SKR [Ac 3h]
*** PRE-FLOP *** 
RAYAN012020 folds
_SKR raises 96 to 136 and is all-in
Towanda14 calls 96
*** FLOP *** [4c Qs 9d]
*** TURN *** [4c Qs 9d][Qd]
*** RIVER *** [4c Qs 9d Qd][Kh]
*** SHOW DOWN ***
_SKR shows [Ac 3h] (One pair : Queens)
Towanda14 shows [Ks Th] (Two pairs : Kings and Queens)
Towanda14 collected 272 from pot
*** SUMMARY ***
Total pot 272 | No rake
Board: [4c Qs 9d Qd Kh]
Seat 2: _SKR (small blind) showed [Ac 3h] and lost with One pair : Queens
Seat 3: Towanda14 (big blind) showed [Ks Th] and won 272 with Two pairs : Kings and Queens


