Winamax Poker - Tournament "Expresso Nitro" buyIn: 0.93€ + 0.07€ level: 1 - HandId: #2680049490940919809-1-1674049677 - Holdem no limit (10/20) - 2023/01/18 13:47:57 UTC
Table: 'Expresso Nitro(623997648)#0' 3-max (real money) Seat #3 is the button
Seat 1: _SKR (300)
Seat 2: Juize22 (300)
Seat 3: 1Verre_Pas2 (300)
*** ANTE/BLINDS ***
_SKR posts small blind 10
Juize22 posts big blind 20
Dealt to _SKR [Td 2s]
*** PRE-FLOP *** 
1Verre_Pas2 folds
_SKR folds
Juize22 collected 30 from pot
*** SUMMARY ***
Total pot 30 | No rake
Seat 2: Juize22 (big blind) won 30


Winamax Poker - Tournament "Expresso Nitro" buyIn: 0.93€ + 0.07€ level: 1 - HandId: #2680049490940919809-2-1674049690 - Holdem no limit (10/20) - 2023/01/18 13:48:10 UTC
Table: 'Expresso Nitro(623997648)#0' 3-max (real money) Seat #1 is the button
Seat 1: _SKR (290)
Seat 2: Juize22 (310)
Seat 3: 1Verre_Pas2 (300)
*** ANTE/BLINDS ***
Juize22 posts small blind 10
1Verre_Pas2 posts big blind 20
Dealt to _SKR [7s 3s]
*** PRE-FLOP *** 
_SKR folds
Juize22 calls 10
1Verre_Pas2 raises 280 to 300 and is all-in
Juize22 folds
1Verre_Pas2 collected 320 from pot
*** SUMMARY ***
Total pot 320 | No rake
Seat 3: 1Verre_Pas2 (big blind) won 320


Winamax Poker - Tournament "Expresso Nitro" buyIn: 0.93€ + 0.07€ level: 1 - HandId: #2680049490940919809-3-1674049701 - Holdem no limit (10/20) - 2023/01/18 13:48:21 UTC
Table: 'Expresso Nitro(623997648)#0' 3-max (real money) Seat #2 is the button
Seat 1: _SKR (290)
Seat 2: Juize22 (290)
Seat 3: 1Verre_Pas2 (320)
*** ANTE/BLINDS ***
1Verre_Pas2 posts small blind 10
_SKR posts big blind 20
Dealt to _SKR [6d 9c]
*** PRE-FLOP *** 
Juize22 calls 20
1Verre_Pas2 raises 300 to 320 and is all-in
_SKR folds
Juize22 folds
1Verre_Pas2 collected 360 from pot
*** SUMMARY ***
Total pot 360 | No rake
Seat 3: 1Verre_Pas2 (small blind) won 360


Winamax Poker - Tournament "Expresso Nitro" buyIn: 0.93€ + 0.07€ level: 1 - HandId: #2680049490940919809-4-1674049714 - Holdem no limit (10/20) - 2023/01/18 13:48:34 UTC
Table: 'Expresso Nitro(623997648)#0' 3-max (real money) Seat #3 is the button
Seat 1: _SKR (270)
Seat 2: Juize22 (270)
Seat 3: 1Verre_Pas2 (360)
*** ANTE/BLINDS ***
_SKR posts small blind 10
Juize22 posts big blind 20
Dealt to _SKR [8s 3c]
*** PRE-FLOP *** 
1Verre_Pas2 folds
_SKR folds
Juize22 collected 30 from pot
*** SUMMARY ***
Total pot 30 | No rake
Seat 2: Juize22 (big blind) won 30


Winamax Poker - Tournament "Expresso Nitro" buyIn: 0.93€ + 0.07€ level: 1 - HandId: #2680049490940919809-5-1674049720 - Holdem no limit (10/20) - 2023/01/18 13:48:40 UTC
Table: 'Expresso Nitro(623997648)#0' 3-max (real money) Seat #1 is the button
Seat 1: _SKR (260)
Seat 2: Juize22 (280)
Seat 3: 1Verre_Pas2 (360)
*** ANTE/BLINDS ***
Juize22 posts small blind 10
1Verre_Pas2 posts big blind 20
Dealt to _SKR [9h 9s]
*** PRE-FLOP *** 
_SKR raises 240 to 260 and is all-in
Juize22 folds
1Verre_Pas2 raises 100 to 360 and is all-in
*** FLOP *** [5h Js Tc]
*** TURN *** [5h Js Tc][Qc]
*** RIVER *** [5h Js Tc Qc][9d]
*** SHOW DOWN ***
_SKR shows [9h 9s] (Trips of 9)
1Verre_Pas2 shows [Qd Qs] (Trips of Queens)
1Verre_Pas2 collected 630 from pot
*** SUMMARY ***
Total pot 630 | No rake
Board: [5h Js Tc Qc 9d]
Seat 1: _SKR (button) showed [9h 9s] and lost with Trips of 9
Seat 3: 1Verre_Pas2 (big blind) showed [Qd Qs] and won 630 with Trips of Queens


