Winamax Poker - Tournament "Expresso Nitro" buyIn: 1.86€ + 0.14€ level: 1 - HandId: #2694601832277213185-1-1674946802 - Holdem no limit (10/20) - 2023/01/28 23:00:02 UTC
Table: 'Expresso Nitro(627385879)#0' 3-max (real money) Seat #3 is the button
Seat 1: _SKR (300)
Seat 2: yas2530 (300)
Seat 3: Pombinho (300)
*** ANTE/BLINDS ***
_SKR posts small blind 10
yas2530 posts big blind 20
Dealt to _SKR [3h Tc]
*** PRE-FLOP *** 
Pombinho raises 50 to 70
_SKR folds
yas2530 raises 230 to 300 and is all-in
Pombinho calls 230 and is all-in
*** FLOP *** [7d 9s 4h]
*** TURN *** [7d 9s 4h][8h]
*** RIVER *** [7d 9s 4h 8h][5h]
*** SHOW DOWN ***
yas2530 shows [Ad 7c] (One pair : 7)
Pombinho shows [Jc Jh] (One pair : Jacks)
Pombinho collected 610 from pot
*** SUMMARY ***
Total pot 610 | No rake
Board: [7d 9s 4h 8h 5h]
Seat 2: yas2530 (big blind) showed [Ad 7c] and lost with One pair : 7
Seat 3: Pombinho (button) showed [Jc Jh] and won 610 with One pair : Jacks


Winamax Poker - Tournament "Expresso Nitro" buyIn: 1.86€ + 0.14€ level: 1 - HandId: #2694601832277213185-2-1674946825 - Holdem no limit (10/20) - 2023/01/28 23:00:25 UTC
Table: 'Expresso Nitro(627385879)#0' 3-max (real money) Seat #3 is the button
Seat 1: _SKR (290)
Seat 3: Pombinho (610)
*** ANTE/BLINDS ***
Pombinho posts small blind 10
_SKR posts big blind 20
Dealt to _SKR [Kh 4h]
*** PRE-FLOP *** 
Pombinho raises 40 to 60
_SKR folds
Pombinho collected 80 from pot
*** SUMMARY ***
Total pot 80 | No rake
Seat 3: Pombinho (small blind) (button) won 80


Winamax Poker - Tournament "Expresso Nitro" buyIn: 1.86€ + 0.14€ level: 1 - HandId: #2694601832277213185-3-1674946837 - Holdem no limit (10/20) - 2023/01/28 23:00:37 UTC
Table: 'Expresso Nitro(627385879)#0' 3-max (real money) Seat #1 is the button
Seat 1: _SKR (270)
Seat 3: Pombinho (630)
*** ANTE/BLINDS ***
_SKR posts small blind 10
Pombinho posts big blind 20
Dealt to _SKR [5s Ts]
*** PRE-FLOP *** 
_SKR folds
Pombinho collected 30 from pot
*** SUMMARY ***
Total pot 30 | No rake
Seat 3: Pombinho (big blind) won 30


Winamax Poker - Tournament "Expresso Nitro" buyIn: 1.86€ + 0.14€ level: 1 - HandId: #2694601832277213185-4-1674946843 - Holdem no limit (10/20) - 2023/01/28 23:00:43 UTC
Table: 'Expresso Nitro(627385879)#0' 3-max (real money) Seat #3 is the button
Seat 1: _SKR (260)
Seat 3: Pombinho (640)
*** ANTE/BLINDS ***
Pombinho posts small blind 10
_SKR posts big blind 20
Dealt to _SKR [9c Ad]
*** PRE-FLOP *** 
Pombinho folds
_SKR collected 30 from pot
*** SUMMARY ***
Total pot 30 | No rake
Seat 1: _SKR (big blind) won 30


Winamax Poker - Tournament "Expresso Nitro" buyIn: 1.86€ + 0.14€ level: 1 - HandId: #2694601832277213185-5-1674946850 - Holdem no limit (10/20) - 2023/01/28 23:00:50 UTC
Table: 'Expresso Nitro(627385879)#0' 3-max (real money) Seat #1 is the button
Seat 1: _SKR (270)
Seat 3: Pombinho (630)
*** ANTE/BLINDS ***
_SKR posts small blind 10
Pombinho posts big blind 20
Dealt to _SKR [Kd 2s]
*** PRE-FLOP *** 
_SKR folds
Pombinho collected 30 from pot
*** SUMMARY ***
Total pot 30 | No rake
Seat 3: Pombinho (big blind) won 30


Winamax Poker - Tournament "Expresso Nitro" buyIn: 1.86€ + 0.14€ level: 1 - HandId: #2694601832277213185-6-1674946853 - Holdem no limit (10/20) - 2023/01/28 23:00:53 UTC
Table: 'Expresso Nitro(627385879)#0' 3-max (real money) Seat #3 is the button
Seat 1: _SKR (260)
Seat 3: Pombinho (640)
*** ANTE/BLINDS ***
Pombinho posts small blind 10
_SKR posts big blind 20
Dealt to _SKR [6c Ac]
*** PRE-FLOP *** 
Pombinho calls 10
_SKR raises 240 to 260 and is all-in
Pombinho calls 240
*** FLOP *** [Kc Ks 9s]
*** TURN *** [Kc Ks 9s][7d]
*** RIVER *** [Kc Ks 9s 7d][4h]
*** SHOW DOWN ***
Pombinho shows [Ts Jc] (One pair : Kings)
_SKR shows [6c Ac] (One pair : Kings)
_SKR collected 520 from pot
*** SUMMARY ***
Total pot 520 | No rake
Board: [Kc Ks 9s 7d 4h]
Seat 1: _SKR (big blind) showed [6c Ac] and won 520 with One pair : Kings
Seat 3: Pombinho (small blind) (button) showed [Ts Jc] and lost with One pair : Kings


Winamax Poker - Tournament "Expresso Nitro" buyIn: 1.86€ + 0.14€ level: 2 - HandId: #2694601832277213185-7-1674946873 - Holdem no limit (15/30) - 2023/01/28 23:01:13 UTC
Table: 'Expresso Nitro(627385879)#0' 3-max (real money) Seat #1 is the button
Seat 1: _SKR (520)
Seat 3: Pombinho (380)
*** ANTE/BLINDS ***
_SKR posts small blind 15
Pombinho posts big blind 30
Dealt to _SKR [Ah 4c]
*** PRE-FLOP *** 
_SKR raises 490 to 520 and is all-in
Pombinho calls 350 and is all-in
*** FLOP *** [9h Qc 6s]
*** TURN *** [9h Qc 6s][Ad]
*** RIVER *** [9h Qc 6s Ad][9s]
*** SHOW DOWN ***
Pombinho shows [Kh 4s] (One pair : 9)
_SKR shows [Ah 4c] (Two pairs : Aces and 9)
_SKR collected 900 from pot
*** SUMMARY ***
Total pot 900 | No rake
Board: [9h Qc 6s Ad 9s]
Seat 1: _SKR (small blind) (button) showed [Ah 4c] and won 900 with Two pairs : Aces and 9
Seat 3: Pombinho (big blind) showed [Kh 4s] and lost with One pair : 9


