Winamax Poker - Tournament "Expresso Nitro" buyIn: 1.86€ + 0.14€ level: 1 - HandId: #2698079196713844737-1-1675179547 - Holdem no limit (10/20) - 2023/01/31 15:39:07 UTC
Table: 'Expresso Nitro(628195516)#0' 3-max (real money) Seat #3 is the button
Seat 1: Madrigones (300)
Seat 2: Juize22 (300)
Seat 3: _SKR (300)
*** ANTE/BLINDS ***
Madrigones posts small blind 10
Juize22 posts big blind 20
Dealt to _SKR [3d 3h]
*** PRE-FLOP *** 
_SKR raises 280 to 300 and is all-in
Madrigones folds
Juize22 calls 280 and is all-in
*** FLOP *** [5c Js 4s]
*** TURN *** [5c Js 4s][7c]
*** RIVER *** [5c Js 4s 7c][6d]
*** SHOW DOWN ***
Juize22 shows [Ad 5s] (One pair : 5)
_SKR shows [3d 3h] (Straight 7 high)
_SKR collected 610 from pot
*** SUMMARY ***
Total pot 610 | No rake
Board: [5c Js 4s 7c 6d]
Seat 2: Juize22 (big blind) showed [Ad 5s] and lost with One pair : 5
Seat 3: _SKR (button) showed [3d 3h] and won 610 with Straight 7 high


Winamax Poker - Tournament "Expresso Nitro" buyIn: 1.86€ + 0.14€ level: 1 - HandId: #2698079196713844737-2-1675179562 - Holdem no limit (10/20) - 2023/01/31 15:39:22 UTC
Table: 'Expresso Nitro(628195516)#0' 3-max (real money) Seat #3 is the button
Seat 1: Madrigones (290)
Seat 3: _SKR (610)
*** ANTE/BLINDS ***
_SKR posts small blind 10
Madrigones posts big blind 20
Dealt to _SKR [9s 2h]
*** PRE-FLOP *** 
_SKR folds
Madrigones collected 30 from pot
*** SUMMARY ***
Total pot 30 | No rake
Seat 1: Madrigones (big blind) won 30


Winamax Poker - Tournament "Expresso Nitro" buyIn: 1.86€ + 0.14€ level: 1 - HandId: #2698079196713844737-3-1675179568 - Holdem no limit (10/20) - 2023/01/31 15:39:28 UTC
Table: 'Expresso Nitro(628195516)#0' 3-max (real money) Seat #1 is the button
Seat 1: Madrigones (300)
Seat 3: _SKR (600)
*** ANTE/BLINDS ***
Madrigones posts small blind 10
_SKR posts big blind 20
Dealt to _SKR [6d Qc]
*** PRE-FLOP *** 
Madrigones calls 10
_SKR checks
*** FLOP *** [Ah 5d As]
_SKR checks
Madrigones checks
*** TURN *** [Ah 5d As][5s]
_SKR checks
Madrigones checks
*** RIVER *** [Ah 5d As 5s][Ts]
_SKR checks
Madrigones checks
*** SHOW DOWN ***
Madrigones shows [Jc 7c] (Two pairs : Aces and 5)
_SKR shows [6d Qc] (Two pairs : Aces and 5)
_SKR collected 40 from pot
*** SUMMARY ***
Total pot 40 | No rake
Board: [Ah 5d As 5s Ts]
Seat 1: Madrigones (small blind) (button) showed [Jc 7c] and lost with Two pairs : Aces and 5
Seat 3: _SKR (big blind) showed [6d Qc] and won 40 with Two pairs : Aces and 5


Winamax Poker - Tournament "Expresso Nitro" buyIn: 1.86€ + 0.14€ level: 1 - HandId: #2698079196713844737-4-1675179589 - Holdem no limit (10/20) - 2023/01/31 15:39:49 UTC
Table: 'Expresso Nitro(628195516)#0' 3-max (real money) Seat #3 is the button
Seat 1: Madrigones (280)
Seat 3: _SKR (620)
*** ANTE/BLINDS ***
_SKR posts small blind 10
Madrigones posts big blind 20
Dealt to _SKR [9h 4h]
*** PRE-FLOP *** 
_SKR folds
Madrigones collected 30 from pot
*** SUMMARY ***
Total pot 30 | No rake
Seat 1: Madrigones (big blind) won 30


Winamax Poker - Tournament "Expresso Nitro" buyIn: 1.86€ + 0.14€ level: 1 - HandId: #2698079196713844737-5-1675179592 - Holdem no limit (10/20) - 2023/01/31 15:39:52 UTC
Table: 'Expresso Nitro(628195516)#0' 3-max (real money) Seat #1 is the button
Seat 1: Madrigones (290)
Seat 3: _SKR (610)
*** ANTE/BLINDS ***
Madrigones posts small blind 10
_SKR posts big blind 20
Dealt to _SKR [Td 5d]
*** PRE-FLOP *** 
Madrigones calls 10
_SKR checks
*** FLOP *** [2s 6c Kh]
_SKR checks
Madrigones bets 30
_SKR folds
Madrigones collected 70 from pot
*** SUMMARY ***
Total pot 70 | No rake
Board: [2s 6c Kh]
Seat 1: Madrigones (small blind) (button) won 70


Winamax Poker - Tournament "Expresso Nitro" buyIn: 1.86€ + 0.14€ level: 2 - HandId: #2698079196713844737-6-1675179604 - Holdem no limit (15/30) - 2023/01/31 15:40:04 UTC
Table: 'Expresso Nitro(628195516)#0' 3-max (real money) Seat #3 is the button
Seat 1: Madrigones (310)
Seat 3: _SKR (590)
*** ANTE/BLINDS ***
_SKR posts small blind 15
Madrigones posts big blind 30
Dealt to _SKR [9s Jh]
*** PRE-FLOP *** 
_SKR folds
Madrigones collected 45 from pot
*** SUMMARY ***
Total pot 45 | No rake
Seat 1: Madrigones (big blind) won 45


Winamax Poker - Tournament "Expresso Nitro" buyIn: 1.86€ + 0.14€ level: 2 - HandId: #2698079196713844737-7-1675179615 - Holdem no limit (15/30) - 2023/01/31 15:40:15 UTC
Table: 'Expresso Nitro(628195516)#0' 3-max (real money) Seat #1 is the button
Seat 1: Madrigones (325)
Seat 3: _SKR (575)
*** ANTE/BLINDS ***
Madrigones posts small blind 15
_SKR posts big blind 30
Dealt to _SKR [Jd Ks]
*** PRE-FLOP *** 
Madrigones raises 295 to 325 and is all-in
_SKR calls 295
*** FLOP *** [Td 3c 4s]
*** TURN *** [Td 3c 4s][6c]
*** RIVER *** [Td 3c 4s 6c][5d]
*** SHOW DOWN ***
_SKR shows [Jd Ks] (High card : King)
Madrigones shows [As 4d] (One pair : 4)
Madrigones collected 650 from pot
*** SUMMARY ***
Total pot 650 | No rake
Board: [Td 3c 4s 6c 5d]
Seat 1: Madrigones (small blind) (button) showed [As 4d] and won 650 with One pair : 4
Seat 3: _SKR (big blind) showed [Jd Ks] and lost with High card : King


Winamax Poker - Tournament "Expresso Nitro" buyIn: 1.86€ + 0.14€ level: 2 - HandId: #2698079196713844737-8-1675179630 - Holdem no limit (15/30) - 2023/01/31 15:40:30 UTC
Table: 'Expresso Nitro(628195516)#0' 3-max (real money) Seat #3 is the button
Seat 1: Madrigones (650)
Seat 3: _SKR (250)
*** ANTE/BLINDS ***
_SKR posts small blind 15
Madrigones posts big blind 30
Dealt to _SKR [8h 3s]
*** PRE-FLOP *** 
_SKR folds
Madrigones collected 45 from pot
*** SUMMARY ***
Total pot 45 | No rake
Seat 1: Madrigones (big blind) won 45


Winamax Poker - Tournament "Expresso Nitro" buyIn: 1.86€ + 0.14€ level: 2 - HandId: #2698079196713844737-9-1675179634 - Holdem no limit (15/30) - 2023/01/31 15:40:34 UTC
Table: 'Expresso Nitro(628195516)#0' 3-max (real money) Seat #1 is the button
Seat 1: Madrigones (665)
Seat 3: _SKR (235)
*** ANTE/BLINDS ***
Madrigones posts small blind 15
_SKR posts big blind 30
Dealt to _SKR [6s Qc]
*** PRE-FLOP *** 
Madrigones folds
_SKR collected 45 from pot
*** SUMMARY ***
Total pot 45 | No rake
Seat 3: _SKR (big blind) won 45


Winamax Poker - Tournament "Expresso Nitro" buyIn: 1.86€ + 0.14€ level: 2 - HandId: #2698079196713844737-10-1675179637 - Holdem no limit (15/30) - 2023/01/31 15:40:37 UTC
Table: 'Expresso Nitro(628195516)#0' 3-max (real money) Seat #3 is the button
Seat 1: Madrigones (650)
Seat 3: _SKR (250)
*** ANTE/BLINDS ***
_SKR posts small blind 15
Madrigones posts big blind 30
Dealt to _SKR [2c 3h]
*** PRE-FLOP *** 
_SKR folds
Madrigones collected 45 from pot
*** SUMMARY ***
Total pot 45 | No rake
Seat 1: Madrigones (big blind) won 45


Winamax Poker - Tournament "Expresso Nitro" buyIn: 1.86€ + 0.14€ level: 2 - HandId: #2698079196713844737-11-1675179641 - Holdem no limit (15/30) - 2023/01/31 15:40:41 UTC
Table: 'Expresso Nitro(628195516)#0' 3-max (real money) Seat #1 is the button
Seat 1: Madrigones (665)
Seat 3: _SKR (235)
*** ANTE/BLINDS ***
Madrigones posts small blind 15
_SKR posts big blind 30
Dealt to _SKR [7d Ah]
*** PRE-FLOP *** 
Madrigones folds
_SKR collected 45 from pot
*** SUMMARY ***
Total pot 45 | No rake
Seat 3: _SKR (big blind) won 45


Winamax Poker - Tournament "Expresso Nitro" buyIn: 1.86€ + 0.14€ level: 2 - HandId: #2698079196713844737-12-1675179645 - Holdem no limit (15/30) - 2023/01/31 15:40:45 UTC
Table: 'Expresso Nitro(628195516)#0' 3-max (real money) Seat #3 is the button
Seat 1: Madrigones (650)
Seat 3: _SKR (250)
*** ANTE/BLINDS ***
_SKR posts small blind 15
Madrigones posts big blind 30
Dealt to _SKR [7d 2d]
*** PRE-FLOP *** 
_SKR folds
Madrigones collected 45 from pot
*** SUMMARY ***
Total pot 45 | No rake
Seat 1: Madrigones (big blind) won 45


Winamax Poker - Tournament "Expresso Nitro" buyIn: 1.86€ + 0.14€ level: 2 - HandId: #2698079196713844737-13-1675179655 - Holdem no limit (15/30) - 2023/01/31 15:40:55 UTC
Table: 'Expresso Nitro(628195516)#0' 3-max (real money) Seat #1 is the button
Seat 1: Madrigones (665)
Seat 3: _SKR (235)
*** ANTE/BLINDS ***
Madrigones posts small blind 15
_SKR posts big blind 30
Dealt to _SKR [8s 2d]
*** PRE-FLOP *** 
Madrigones folds
_SKR collected 45 from pot
*** SUMMARY ***
Total pot 45 | No rake
Seat 3: _SKR (big blind) won 45


Winamax Poker - Tournament "Expresso Nitro" buyIn: 1.86€ + 0.14€ level: 2 - HandId: #2698079196713844737-14-1675179662 - Holdem no limit (15/30) - 2023/01/31 15:41:02 UTC
Table: 'Expresso Nitro(628195516)#0' 3-max (real money) Seat #3 is the button
Seat 1: Madrigones (650)
Seat 3: _SKR (250)
*** ANTE/BLINDS ***
_SKR posts small blind 15
Madrigones posts big blind 30
Dealt to _SKR [4h 3c]
*** PRE-FLOP *** 
_SKR folds
Madrigones collected 45 from pot
*** SUMMARY ***
Total pot 45 | No rake
Seat 1: Madrigones (big blind) won 45


Winamax Poker - Tournament "Expresso Nitro" buyIn: 1.86€ + 0.14€ level: 3 - HandId: #2698079196713844737-15-1675179666 - Holdem no limit (20/40) - 2023/01/31 15:41:06 UTC
Table: 'Expresso Nitro(628195516)#0' 3-max (real money) Seat #1 is the button
Seat 1: Madrigones (665)
Seat 3: _SKR (235)
*** ANTE/BLINDS ***
Madrigones posts small blind 20
_SKR posts big blind 40
Dealt to _SKR [9s Kh]
*** PRE-FLOP *** 
Madrigones raises 625 to 665 and is all-in
_SKR calls 195 and is all-in
*** FLOP *** [6h Td 3s]
*** TURN *** [6h Td 3s][2h]
*** RIVER *** [6h Td 3s 2h][8s]
*** SHOW DOWN ***
_SKR shows [9s Kh] (High card : King)
Madrigones shows [Th 8d] (Two pairs : Tens and 8)
Madrigones collected 900 from pot
*** SUMMARY ***
Total pot 900 | No rake
Board: [6h Td 3s 2h 8s]
Seat 1: Madrigones (small blind) (button) showed [Th 8d] and won 900 with Two pairs : Tens and 8
Seat 3: _SKR (big blind) showed [9s Kh] and lost with High card : King


