Winamax Poker - Tournament "Expresso Nitro" buyIn: 1.86€ + 0.14€ level: 1 - HandId: #2694794444380569601-1-1674957951 - Holdem no limit (10/20) - 2023/01/29 02:05:51 UTC
Table: 'Expresso Nitro(627430725)#0' 3-max (real money) Seat #3 is the button
Seat 1: djilaxxx (300)
Seat 2: Go0dVibes (300)
Seat 3: _SKR (300)
*** ANTE/BLINDS ***
djilaxxx posts small blind 10
Go0dVibes posts big blind 20
Dealt to _SKR [Ad 9h]
*** PRE-FLOP *** 
_SKR raises 280 to 300 and is all-in
djilaxxx folds
Go0dVibes folds
_SKR collected 330 from pot
*** SUMMARY ***
Total pot 330 | No rake
Seat 3: _SKR (button) won 330


Winamax Poker - Tournament "Expresso Nitro" buyIn: 1.86€ + 0.14€ level: 1 - HandId: #2694794444380569601-2-1674957959 - Holdem no limit (10/20) - 2023/01/29 02:05:59 UTC
Table: 'Expresso Nitro(627430725)#0' 3-max (real money) Seat #1 is the button
Seat 1: djilaxxx (290)
Seat 2: Go0dVibes (280)
Seat 3: _SKR (330)
*** ANTE/BLINDS ***
Go0dVibes posts small blind 10
_SKR posts big blind 20
Dealt to _SKR [5s 4d]
*** PRE-FLOP *** 
djilaxxx raises 270 to 290 and is all-in
Go0dVibes folds
_SKR folds
djilaxxx collected 320 from pot
*** SUMMARY ***
Total pot 320 | No rake
Seat 1: djilaxxx (button) won 320


Winamax Poker - Tournament "Expresso Nitro" buyIn: 1.86€ + 0.14€ level: 1 - HandId: #2694794444380569601-3-1674957972 - Holdem no limit (10/20) - 2023/01/29 02:06:12 UTC
Table: 'Expresso Nitro(627430725)#0' 3-max (real money) Seat #2 is the button
Seat 1: djilaxxx (320)
Seat 2: Go0dVibes (270)
Seat 3: _SKR (310)
*** ANTE/BLINDS ***
_SKR posts small blind 10
djilaxxx posts big blind 20
Dealt to _SKR [Jd 5d]
*** PRE-FLOP *** 
Go0dVibes folds
_SKR folds
djilaxxx collected 30 from pot
*** SUMMARY ***
Total pot 30 | No rake
Seat 1: djilaxxx (big blind) won 30


Winamax Poker - Tournament "Expresso Nitro" buyIn: 1.86€ + 0.14€ level: 1 - HandId: #2694794444380569601-4-1674957979 - Holdem no limit (10/20) - 2023/01/29 02:06:19 UTC
Table: 'Expresso Nitro(627430725)#0' 3-max (real money) Seat #3 is the button
Seat 1: djilaxxx (330)
Seat 2: Go0dVibes (270)
Seat 3: _SKR (300)
*** ANTE/BLINDS ***
djilaxxx posts small blind 10
Go0dVibes posts big blind 20
Dealt to _SKR [5d 7d]
*** PRE-FLOP *** 
_SKR folds
djilaxxx folds
Go0dVibes collected 30 from pot
*** SUMMARY ***
Total pot 30 | No rake
Seat 2: Go0dVibes (big blind) won 30


Winamax Poker - Tournament "Expresso Nitro" buyIn: 1.86€ + 0.14€ level: 1 - HandId: #2694794444380569601-5-1674957992 - Holdem no limit (10/20) - 2023/01/29 02:06:32 UTC
Table: 'Expresso Nitro(627430725)#0' 3-max (real money) Seat #1 is the button
Seat 1: djilaxxx (320)
Seat 2: Go0dVibes (280)
Seat 3: _SKR (300)
*** ANTE/BLINDS ***
Go0dVibes posts small blind 10
_SKR posts big blind 20
Dealt to _SKR [Jd 4d]
*** PRE-FLOP *** 
djilaxxx raises 50 to 70
Go0dVibes folds
_SKR folds
djilaxxx collected 100 from pot
*** SUMMARY ***
Total pot 100 | No rake
Seat 1: djilaxxx (button) won 100


Winamax Poker - Tournament "Expresso Nitro" buyIn: 1.86€ + 0.14€ level: 1 - HandId: #2694794444380569601-6-1674958006 - Holdem no limit (10/20) - 2023/01/29 02:06:46 UTC
Table: 'Expresso Nitro(627430725)#0' 3-max (real money) Seat #2 is the button
Seat 1: djilaxxx (350)
Seat 2: Go0dVibes (270)
Seat 3: _SKR (280)
*** ANTE/BLINDS ***
_SKR posts small blind 10
djilaxxx posts big blind 20
Dealt to _SKR [Ad Kh]
*** PRE-FLOP *** 
Go0dVibes raises 250 to 270 and is all-in
_SKR raises 10 to 280 and is all-in
djilaxxx folds
*** FLOP *** [8d Jc Jh]
*** TURN *** [8d Jc Jh][3h]
*** RIVER *** [8d Jc Jh 3h][6c]
*** SHOW DOWN ***
Go0dVibes shows [Ts Js] (Trips of Jacks)
_SKR shows [Ad Kh] (One pair : Jacks)
_SKR collected 10 from side pot 1
Go0dVibes collected 560 from main pot
*** SUMMARY ***
Total pot 570 | No rake
Board: [8d Jc Jh 3h 6c]
Seat 2: Go0dVibes (button) showed [Ts Js] and won 560 with Trips of Jacks
Seat 3: _SKR (small blind) showed [Ad Kh] and won 10 with One pair : Jacks


Winamax Poker - Tournament "Expresso Nitro" buyIn: 1.86€ + 0.14€ level: 2 - HandId: #2694794444380569601-7-1674958024 - Holdem no limit (15/30) - 2023/01/29 02:07:04 UTC
Table: 'Expresso Nitro(627430725)#0' 3-max (real money) Seat #3 is the button
Seat 1: djilaxxx (330)
Seat 2: Go0dVibes (560)
Seat 3: _SKR (10)
*** ANTE/BLINDS ***
djilaxxx posts small blind 15
Go0dVibes posts big blind 30
Dealt to _SKR [7d Jc]
*** PRE-FLOP *** 
_SKR calls 10 and is all-in
djilaxxx calls 15
Go0dVibes raises 530 to 560 and is all-in
djilaxxx folds
*** FLOP *** [Qh Qs 4d]
*** TURN *** [Qh Qs 4d][3h]
*** RIVER *** [Qh Qs 4d 3h][Qd]
*** SHOW DOWN ***
_SKR shows [7d Jc] (Trips of Queens)
Go0dVibes shows [Kh 8h] (Trips of Queens)
Go0dVibes collected 600 from pot
*** SUMMARY ***
Total pot 600 | No rake
Board: [Qh Qs 4d 3h Qd]
Seat 2: Go0dVibes (big blind) showed [Kh 8h] and won 600 with Trips of Queens
Seat 3: _SKR (button) showed [7d Jc] and lost with Trips of Queens


