Winamax Poker - Tournament "Expresso Nitro" buyIn: 1.86€ + 0.14€ level: 1 - HandId: #2698253237378613249-1-1675187525 - Holdem no limit (10/20) - 2023/01/31 17:52:05 UTC
Table: 'Expresso Nitro(628236038)#0' 3-max (real money) Seat #2 is the button
Seat 1: _SKR (300)
Seat 2: YrreihT21 (300)
Seat 3: Bakou2006 (300)
*** ANTE/BLINDS ***
Bakou2006 posts small blind 10
_SKR posts big blind 20
Dealt to _SKR [Qc 6c]
*** PRE-FLOP *** 
YrreihT21 calls 20
Bakou2006 calls 10
_SKR checks
*** FLOP *** [8h 5s 5c]
Bakou2006 checks
_SKR checks
YrreihT21 checks
*** TURN *** [8h 5s 5c][7c]
Bakou2006 checks
_SKR bets 39
YrreihT21 folds
Bakou2006 folds
_SKR collected 99 from pot
*** SUMMARY ***
Total pot 99 | No rake
Board: [8h 5s 5c 7c]
Seat 1: _SKR (big blind) won 99


Winamax Poker - Tournament "Expresso Nitro" buyIn: 1.86€ + 0.14€ level: 2 - HandId: #2698253237378613249-2-1675187604 - Holdem no limit (15/30) - 2023/01/31 17:53:24 UTC
Table: 'Expresso Nitro(628236038)#0' 3-max (real money) Seat #3 is the button
Seat 1: _SKR (340)
Seat 2: YrreihT21 (280)
Seat 3: Bakou2006 (280)
*** ANTE/BLINDS ***
_SKR posts small blind 15
YrreihT21 posts big blind 30
Dealt to _SKR [As 3h]
*** PRE-FLOP *** 
Bakou2006 raises 75 to 105
_SKR folds
YrreihT21 raises 75 to 180
Bakou2006 calls 75
*** FLOP *** [Kh 7h 8d]
YrreihT21 checks
Bakou2006 bets 100 and is all-in
YrreihT21 calls 100 and is all-in
*** TURN *** [Kh 7h 8d][9h]
*** RIVER *** [Kh 7h 8d 9h][2c]
*** SHOW DOWN ***
Bakou2006 shows [Tc Kc] (One pair : Kings)
YrreihT21 shows [9d 9c] (Trips of 9)
YrreihT21 collected 575 from pot
*** SUMMARY ***
Total pot 575 | No rake
Board: [Kh 7h 8d 9h 2c]
Seat 2: YrreihT21 (big blind) showed [9d 9c] and won 575 with Trips of 9
Seat 3: Bakou2006 (button) showed [Tc Kc] and lost with One pair : Kings


Winamax Poker - Tournament "Expresso Nitro" buyIn: 1.86€ + 0.14€ level: 2 - HandId: #2698253237378613249-3-1675187630 - Holdem no limit (15/30) - 2023/01/31 17:53:50 UTC
Table: 'Expresso Nitro(628236038)#0' 3-max (real money) Seat #2 is the button
Seat 1: _SKR (325)
Seat 2: YrreihT21 (575)
*** ANTE/BLINDS ***
YrreihT21 posts small blind 15
_SKR posts big blind 30
Dealt to _SKR [Ac Jc]
*** PRE-FLOP *** 
YrreihT21 calls 15
_SKR raises 295 to 325 and is all-in
YrreihT21 folds
_SKR collected 355 from pot
*** SUMMARY ***
Total pot 355 | No rake
Seat 1: _SKR (big blind) won 355


Winamax Poker - Tournament "Expresso Nitro" buyIn: 1.86€ + 0.14€ level: 3 - HandId: #2698253237378613249-4-1675187645 - Holdem no limit (20/40) - 2023/01/31 17:54:05 UTC
Table: 'Expresso Nitro(628236038)#0' 3-max (real money) Seat #1 is the button
Seat 1: _SKR (355)
Seat 2: YrreihT21 (545)
*** ANTE/BLINDS ***
_SKR posts small blind 20
YrreihT21 posts big blind 40
Dealt to _SKR [8h 8s]
*** PRE-FLOP *** 
_SKR raises 315 to 355 and is all-in
YrreihT21 folds
_SKR collected 395 from pot
*** SUMMARY ***
Total pot 395 | No rake
Seat 1: _SKR (small blind) (button) won 395


Winamax Poker - Tournament "Expresso Nitro" buyIn: 1.86€ + 0.14€ level: 3 - HandId: #2698253237378613249-5-1675187651 - Holdem no limit (20/40) - 2023/01/31 17:54:11 UTC
Table: 'Expresso Nitro(628236038)#0' 3-max (real money) Seat #2 is the button
Seat 1: _SKR (395)
Seat 2: YrreihT21 (505)
*** ANTE/BLINDS ***
YrreihT21 posts small blind 20
_SKR posts big blind 40
Dealt to _SKR [4s 9s]
*** PRE-FLOP *** 
YrreihT21 folds
_SKR collected 60 from pot
*** SUMMARY ***
Total pot 60 | No rake
Seat 1: _SKR (big blind) won 60


Winamax Poker - Tournament "Expresso Nitro" buyIn: 1.86€ + 0.14€ level: 3 - HandId: #2698253237378613249-6-1675187654 - Holdem no limit (20/40) - 2023/01/31 17:54:14 UTC
Table: 'Expresso Nitro(628236038)#0' 3-max (real money) Seat #1 is the button
Seat 1: _SKR (415)
Seat 2: YrreihT21 (485)
*** ANTE/BLINDS ***
_SKR posts small blind 20
YrreihT21 posts big blind 40
Dealt to _SKR [3s Qd]
*** PRE-FLOP *** 
_SKR folds
YrreihT21 collected 60 from pot
*** SUMMARY ***
Total pot 60 | No rake
Seat 2: YrreihT21 (big blind) won 60


Winamax Poker - Tournament "Expresso Nitro" buyIn: 1.86€ + 0.14€ level: 3 - HandId: #2698253237378613249-7-1675187670 - Holdem no limit (20/40) - 2023/01/31 17:54:30 UTC
Table: 'Expresso Nitro(628236038)#0' 3-max (real money) Seat #2 is the button
Seat 1: _SKR (395)
Seat 2: YrreihT21 (505)
*** ANTE/BLINDS ***
YrreihT21 posts small blind 20
_SKR posts big blind 40
Dealt to _SKR [2s 2h]
*** PRE-FLOP *** 
YrreihT21 raises 40 to 80
_SKR raises 315 to 395 and is all-in
YrreihT21 folds
_SKR collected 475 from pot
*** SUMMARY ***
Total pot 475 | No rake
Seat 1: _SKR (big blind) won 475


Winamax Poker - Tournament "Expresso Nitro" buyIn: 1.86€ + 0.14€ level: 3 - HandId: #2698253237378613249-8-1675187679 - Holdem no limit (20/40) - 2023/01/31 17:54:39 UTC
Table: 'Expresso Nitro(628236038)#0' 3-max (real money) Seat #1 is the button
Seat 1: _SKR (475)
Seat 2: YrreihT21 (425)
*** ANTE/BLINDS ***
_SKR posts small blind 20
YrreihT21 posts big blind 40
Dealt to _SKR [3d 5s]
*** PRE-FLOP *** 
_SKR folds
YrreihT21 collected 60 from pot
*** SUMMARY ***
Total pot 60 | No rake
Seat 2: YrreihT21 (big blind) won 60


Winamax Poker - Tournament "Expresso Nitro" buyIn: 1.86€ + 0.14€ level: 3 - HandId: #2698253237378613249-9-1675187682 - Holdem no limit (20/40) - 2023/01/31 17:54:42 UTC
Table: 'Expresso Nitro(628236038)#0' 3-max (real money) Seat #2 is the button
Seat 1: _SKR (455)
Seat 2: YrreihT21 (445)
*** ANTE/BLINDS ***
YrreihT21 posts small blind 20
_SKR posts big blind 40
Dealt to _SKR [8c 9d]
*** PRE-FLOP *** 
YrreihT21 folds
_SKR collected 60 from pot
*** SUMMARY ***
Total pot 60 | No rake
Seat 1: _SKR (big blind) won 60


Winamax Poker - Tournament "Expresso Nitro" buyIn: 1.86€ + 0.14€ level: 3 - HandId: #2698253237378613249-10-1675187685 - Holdem no limit (20/40) - 2023/01/31 17:54:45 UTC
Table: 'Expresso Nitro(628236038)#0' 3-max (real money) Seat #1 is the button
Seat 1: _SKR (475)
Seat 2: YrreihT21 (425)
*** ANTE/BLINDS ***
_SKR posts small blind 20
YrreihT21 posts big blind 40
Dealt to _SKR [Qh 7c]
*** PRE-FLOP *** 
_SKR raises 435 to 475 and is all-in
YrreihT21 folds
_SKR collected 515 from pot
*** SUMMARY ***
Total pot 515 | No rake
Seat 1: _SKR (small blind) (button) won 515


Winamax Poker - Tournament "Expresso Nitro" buyIn: 1.86€ + 0.14€ level: 3 - HandId: #2698253237378613249-11-1675187693 - Holdem no limit (20/40) - 2023/01/31 17:54:53 UTC
Table: 'Expresso Nitro(628236038)#0' 3-max (real money) Seat #2 is the button
Seat 1: _SKR (515)
Seat 2: YrreihT21 (385)
*** ANTE/BLINDS ***
YrreihT21 posts small blind 20
_SKR posts big blind 40
Dealt to _SKR [6d 5h]
*** PRE-FLOP *** 
YrreihT21 folds
_SKR collected 60 from pot
*** SUMMARY ***
Total pot 60 | No rake
Seat 1: _SKR (big blind) won 60


Winamax Poker - Tournament "Expresso Nitro" buyIn: 1.86€ + 0.14€ level: 3 - HandId: #2698253237378613249-12-1675187700 - Holdem no limit (20/40) - 2023/01/31 17:55:00 UTC
Table: 'Expresso Nitro(628236038)#0' 3-max (real money) Seat #1 is the button
Seat 1: _SKR (535)
Seat 2: YrreihT21 (365)
*** ANTE/BLINDS ***
_SKR posts small blind 20
YrreihT21 posts big blind 40
Dealt to _SKR [2d 5d]
*** PRE-FLOP *** 
_SKR folds
YrreihT21 collected 60 from pot
*** SUMMARY ***
Total pot 60 | No rake
Seat 2: YrreihT21 (big blind) won 60


Winamax Poker - Tournament "Expresso Nitro" buyIn: 1.86€ + 0.14€ level: 4 - HandId: #2698253237378613249-13-1675187706 - Holdem no limit (30/60) - 2023/01/31 17:55:06 UTC
Table: 'Expresso Nitro(628236038)#0' 3-max (real money) Seat #2 is the button
Seat 1: _SKR (515)
Seat 2: YrreihT21 (385)
*** ANTE/BLINDS ***
YrreihT21 posts small blind 30
_SKR posts big blind 60
Dealt to _SKR [Th 2d]
*** PRE-FLOP *** 
YrreihT21 raises 60 to 120
_SKR folds
YrreihT21 collected 180 from pot
*** SUMMARY ***
Total pot 180 | No rake
Seat 2: YrreihT21 (small blind) (button) won 180


Winamax Poker - Tournament "Expresso Nitro" buyIn: 1.86€ + 0.14€ level: 4 - HandId: #2698253237378613249-14-1675187712 - Holdem no limit (30/60) - 2023/01/31 17:55:12 UTC
Table: 'Expresso Nitro(628236038)#0' 3-max (real money) Seat #1 is the button
Seat 1: _SKR (455)
Seat 2: YrreihT21 (445)
*** ANTE/BLINDS ***
_SKR posts small blind 30
YrreihT21 posts big blind 60
Dealt to _SKR [Ac 8h]
*** PRE-FLOP *** 
_SKR raises 395 to 455 and is all-in
YrreihT21 calls 385 and is all-in
*** FLOP *** [Th As 4h]
*** TURN *** [Th As 4h][Kc]
*** RIVER *** [Th As 4h Kc][Ts]
*** SHOW DOWN ***
_SKR shows [Ac 8h] (Two pairs : Aces and Tens)
YrreihT21 shows [7h Ad] (Two pairs : Aces and Tens)
YrreihT21 collected 445 from main pot
_SKR collected 455 from side pot 1
*** SUMMARY ***
Total pot 900 | No rake
Board: [Th As 4h Kc Ts]
Seat 1: _SKR (small blind) (button) showed [Ac 8h] and won 455 with Two pairs : Aces and Tens
Seat 2: YrreihT21 (big blind) showed [7h Ad] and won 445 with Two pairs : Aces and Tens


Winamax Poker - Tournament "Expresso Nitro" buyIn: 1.86€ + 0.14€ level: 4 - HandId: #2698253237378613249-15-1675187724 - Holdem no limit (30/60) - 2023/01/31 17:55:24 UTC
Table: 'Expresso Nitro(628236038)#0' 3-max (real money) Seat #2 is the button
Seat 1: _SKR (455)
Seat 2: YrreihT21 (445)
*** ANTE/BLINDS ***
YrreihT21 posts small blind 30
_SKR posts big blind 60
Dealt to _SKR [8c Qc]
*** PRE-FLOP *** 
YrreihT21 folds
_SKR collected 90 from pot
*** SUMMARY ***
Total pot 90 | No rake
Seat 1: _SKR (big blind) won 90


Winamax Poker - Tournament "Expresso Nitro" buyIn: 1.86€ + 0.14€ level: 4 - HandId: #2698253237378613249-16-1675187728 - Holdem no limit (30/60) - 2023/01/31 17:55:28 UTC
Table: 'Expresso Nitro(628236038)#0' 3-max (real money) Seat #1 is the button
Seat 1: _SKR (485)
Seat 2: YrreihT21 (415)
*** ANTE/BLINDS ***
_SKR posts small blind 30
YrreihT21 posts big blind 60
Dealt to _SKR [9c 5s]
*** PRE-FLOP *** 
_SKR folds
YrreihT21 collected 90 from pot
*** SUMMARY ***
Total pot 90 | No rake
Seat 2: YrreihT21 (big blind) won 90


Winamax Poker - Tournament "Expresso Nitro" buyIn: 1.86€ + 0.14€ level: 4 - HandId: #2698253237378613249-17-1675187732 - Holdem no limit (30/60) - 2023/01/31 17:55:32 UTC
Table: 'Expresso Nitro(628236038)#0' 3-max (real money) Seat #2 is the button
Seat 1: _SKR (455)
Seat 2: YrreihT21 (445)
*** ANTE/BLINDS ***
YrreihT21 posts small blind 30
_SKR posts big blind 60
Dealt to _SKR [5s Ac]
*** PRE-FLOP *** 
YrreihT21 folds
_SKR collected 90 from pot
*** SUMMARY ***
Total pot 90 | No rake
Seat 1: _SKR (big blind) won 90


Winamax Poker - Tournament "Expresso Nitro" buyIn: 1.86€ + 0.14€ level: 4 - HandId: #2698253237378613249-18-1675187735 - Holdem no limit (30/60) - 2023/01/31 17:55:35 UTC
Table: 'Expresso Nitro(628236038)#0' 3-max (real money) Seat #1 is the button
Seat 1: _SKR (485)
Seat 2: YrreihT21 (415)
*** ANTE/BLINDS ***
_SKR posts small blind 30
YrreihT21 posts big blind 60
Dealt to _SKR [3h Ac]
*** PRE-FLOP *** 
_SKR raises 425 to 485 and is all-in
YrreihT21 folds
_SKR collected 545 from pot
*** SUMMARY ***
Total pot 545 | No rake
Seat 1: _SKR (small blind) (button) won 545


Winamax Poker - Tournament "Expresso Nitro" buyIn: 1.86€ + 0.14€ level: 4 - HandId: #2698253237378613249-19-1675187741 - Holdem no limit (30/60) - 2023/01/31 17:55:41 UTC
Table: 'Expresso Nitro(628236038)#0' 3-max (real money) Seat #2 is the button
Seat 1: _SKR (545)
Seat 2: YrreihT21 (355)
*** ANTE/BLINDS ***
YrreihT21 posts small blind 30
_SKR posts big blind 60
Dealt to _SKR [5s 8c]
*** PRE-FLOP *** 
YrreihT21 folds
_SKR collected 90 from pot
*** SUMMARY ***
Total pot 90 | No rake
Seat 1: _SKR (big blind) won 90


Winamax Poker - Tournament "Expresso Nitro" buyIn: 1.86€ + 0.14€ level: 4 - HandId: #2698253237378613249-20-1675187745 - Holdem no limit (30/60) - 2023/01/31 17:55:45 UTC
Table: 'Expresso Nitro(628236038)#0' 3-max (real money) Seat #1 is the button
Seat 1: _SKR (575)
Seat 2: YrreihT21 (325)
*** ANTE/BLINDS ***
_SKR posts small blind 30
YrreihT21 posts big blind 60
Dealt to _SKR [9h 7d]
*** PRE-FLOP *** 
_SKR folds
YrreihT21 collected 90 from pot
*** SUMMARY ***
Total pot 90 | No rake
Seat 2: YrreihT21 (big blind) won 90


Winamax Poker - Tournament "Expresso Nitro" buyIn: 1.86€ + 0.14€ level: 4 - HandId: #2698253237378613249-21-1675187749 - Holdem no limit (30/60) - 2023/01/31 17:55:49 UTC
Table: 'Expresso Nitro(628236038)#0' 3-max (real money) Seat #2 is the button
Seat 1: _SKR (545)
Seat 2: YrreihT21 (355)
*** ANTE/BLINDS ***
YrreihT21 posts small blind 30
_SKR posts big blind 60
Dealt to _SKR [4d 9c]
*** PRE-FLOP *** 
YrreihT21 folds
_SKR collected 90 from pot
*** SUMMARY ***
Total pot 90 | No rake
Seat 1: _SKR (big blind) won 90


Winamax Poker - Tournament "Expresso Nitro" buyIn: 1.86€ + 0.14€ level: 4 - HandId: #2698253237378613249-22-1675187752 - Holdem no limit (30/60) - 2023/01/31 17:55:52 UTC
Table: 'Expresso Nitro(628236038)#0' 3-max (real money) Seat #1 is the button
Seat 1: _SKR (575)
Seat 2: YrreihT21 (325)
*** ANTE/BLINDS ***
_SKR posts small blind 30
YrreihT21 posts big blind 60
Dealt to _SKR [Qc 2d]
*** PRE-FLOP *** 
_SKR folds
YrreihT21 collected 90 from pot
*** SUMMARY ***
Total pot 90 | No rake
Seat 2: YrreihT21 (big blind) won 90


Winamax Poker - Tournament "Expresso Nitro" buyIn: 1.86€ + 0.14€ level: 4 - HandId: #2698253237378613249-23-1675187756 - Holdem no limit (30/60) - 2023/01/31 17:55:56 UTC
Table: 'Expresso Nitro(628236038)#0' 3-max (real money) Seat #2 is the button
Seat 1: _SKR (545)
Seat 2: YrreihT21 (355)
*** ANTE/BLINDS ***
YrreihT21 posts small blind 30
_SKR posts big blind 60
Dealt to _SKR [8d 7c]
*** PRE-FLOP *** 
YrreihT21 folds
_SKR collected 90 from pot
*** SUMMARY ***
Total pot 90 | No rake
Seat 1: _SKR (big blind) won 90


Winamax Poker - Tournament "Expresso Nitro" buyIn: 1.86€ + 0.14€ level: 5 - HandId: #2698253237378613249-24-1675187760 - Holdem no limit (40/80) - 2023/01/31 17:56:00 UTC
Table: 'Expresso Nitro(628236038)#0' 3-max (real money) Seat #1 is the button
Seat 1: _SKR (575)
Seat 2: YrreihT21 (325)
*** ANTE/BLINDS ***
_SKR posts small blind 40
YrreihT21 posts big blind 80
Dealt to _SKR [Ad 9c]
*** PRE-FLOP *** 
_SKR raises 495 to 575 and is all-in
YrreihT21 folds
_SKR collected 655 from pot
*** SUMMARY ***
Total pot 655 | No rake
Seat 1: _SKR (small blind) (button) won 655


Winamax Poker - Tournament "Expresso Nitro" buyIn: 1.86€ + 0.14€ level: 5 - HandId: #2698253237378613249-25-1675187765 - Holdem no limit (40/80) - 2023/01/31 17:56:05 UTC
Table: 'Expresso Nitro(628236038)#0' 3-max (real money) Seat #2 is the button
Seat 1: _SKR (655)
Seat 2: YrreihT21 (245)
*** ANTE/BLINDS ***
YrreihT21 posts small blind 40
_SKR posts big blind 80
Dealt to _SKR [9s 9d]
*** PRE-FLOP *** 
YrreihT21 folds
_SKR collected 120 from pot
*** SUMMARY ***
Total pot 120 | No rake
Seat 1: _SKR (big blind) won 120


Winamax Poker - Tournament "Expresso Nitro" buyIn: 1.86€ + 0.14€ level: 5 - HandId: #2698253237378613249-26-1675187770 - Holdem no limit (40/80) - 2023/01/31 17:56:10 UTC
Table: 'Expresso Nitro(628236038)#0' 3-max (real money) Seat #1 is the button
Seat 1: _SKR (695)
Seat 2: YrreihT21 (205)
*** ANTE/BLINDS ***
_SKR posts small blind 40
YrreihT21 posts big blind 80
Dealt to _SKR [As 4d]
*** PRE-FLOP *** 
_SKR raises 615 to 695 and is all-in
YrreihT21 calls 125 and is all-in
*** FLOP *** [5d Qh 6h]
*** TURN *** [5d Qh 6h][4c]
*** RIVER *** [5d Qh 6h 4c][8s]
*** SHOW DOWN ***
_SKR shows [As 4d] (One pair : 4)
YrreihT21 shows [Kd Ks] (One pair : Kings)
YrreihT21 collected 410 from main pot
_SKR collected 490 from side pot 1
*** SUMMARY ***
Total pot 900 | No rake
Board: [5d Qh 6h 4c 8s]
Seat 1: _SKR (small blind) (button) showed [As 4d] and won 490 with One pair : 4
Seat 2: YrreihT21 (big blind) showed [Kd Ks] and won 410 with One pair : Kings


Winamax Poker - Tournament "Expresso Nitro" buyIn: 1.86€ + 0.14€ level: 5 - HandId: #2698253237378613249-27-1675187783 - Holdem no limit (40/80) - 2023/01/31 17:56:23 UTC
Table: 'Expresso Nitro(628236038)#0' 3-max (real money) Seat #2 is the button
Seat 1: _SKR (490)
Seat 2: YrreihT21 (410)
*** ANTE/BLINDS ***
YrreihT21 posts small blind 40
_SKR posts big blind 80
Dealt to _SKR [5c 9d]
*** PRE-FLOP *** 
YrreihT21 folds
_SKR collected 120 from pot
*** SUMMARY ***
Total pot 120 | No rake
Seat 1: _SKR (big blind) won 120


Winamax Poker - Tournament "Expresso Nitro" buyIn: 1.86€ + 0.14€ level: 5 - HandId: #2698253237378613249-28-1675187787 - Holdem no limit (40/80) - 2023/01/31 17:56:27 UTC
Table: 'Expresso Nitro(628236038)#0' 3-max (real money) Seat #1 is the button
Seat 1: _SKR (530)
Seat 2: YrreihT21 (370)
*** ANTE/BLINDS ***
_SKR posts small blind 40
YrreihT21 posts big blind 80
Dealt to _SKR [As 2h]
*** PRE-FLOP *** 
_SKR raises 450 to 530 and is all-in
YrreihT21 folds
_SKR collected 610 from pot
*** SUMMARY ***
Total pot 610 | No rake
Seat 1: _SKR (small blind) (button) won 610


Winamax Poker - Tournament "Expresso Nitro" buyIn: 1.86€ + 0.14€ level: 5 - HandId: #2698253237378613249-29-1675187792 - Holdem no limit (40/80) - 2023/01/31 17:56:32 UTC
Table: 'Expresso Nitro(628236038)#0' 3-max (real money) Seat #2 is the button
Seat 1: _SKR (610)
Seat 2: YrreihT21 (290)
*** ANTE/BLINDS ***
YrreihT21 posts small blind 40
_SKR posts big blind 80
Dealt to _SKR [Tc Kc]
*** PRE-FLOP *** 
YrreihT21 raises 210 to 290 and is all-in
_SKR calls 210
*** FLOP *** [Qd 5s 5d]
*** TURN *** [Qd 5s 5d][6s]
*** RIVER *** [Qd 5s 5d 6s][4s]
*** SHOW DOWN ***
_SKR shows [Tc Kc] (One pair : 5)
YrreihT21 shows [Ad 7s] (One pair : 5)
YrreihT21 collected 580 from pot
*** SUMMARY ***
Total pot 580 | No rake
Board: [Qd 5s 5d 6s 4s]
Seat 1: _SKR (big blind) showed [Tc Kc] and lost with One pair : 5
Seat 2: YrreihT21 (small blind) (button) showed [Ad 7s] and won 580 with One pair : 5


Winamax Poker - Tournament "Expresso Nitro" buyIn: 1.86€ + 0.14€ level: 5 - HandId: #2698253237378613249-30-1675187807 - Holdem no limit (40/80) - 2023/01/31 17:56:47 UTC
Table: 'Expresso Nitro(628236038)#0' 3-max (real money) Seat #1 is the button
Seat 1: _SKR (320)
Seat 2: YrreihT21 (580)
*** ANTE/BLINDS ***
_SKR posts small blind 40
YrreihT21 posts big blind 80
Dealt to _SKR [Kd Ac]
*** PRE-FLOP *** 
_SKR raises 240 to 320 and is all-in
YrreihT21 folds
_SKR collected 400 from pot
*** SUMMARY ***
Total pot 400 | No rake
Seat 1: _SKR (small blind) (button) won 400


Winamax Poker - Tournament "Expresso Nitro" buyIn: 1.86€ + 0.14€ level: 5 - HandId: #2698253237378613249-31-1675187812 - Holdem no limit (40/80) - 2023/01/31 17:56:52 UTC
Table: 'Expresso Nitro(628236038)#0' 3-max (real money) Seat #2 is the button
Seat 1: _SKR (400)
Seat 2: YrreihT21 (500)
*** ANTE/BLINDS ***
YrreihT21 posts small blind 40
_SKR posts big blind 80
Dealt to _SKR [6s Jh]
*** PRE-FLOP *** 
YrreihT21 calls 40
_SKR raises 320 to 400 and is all-in
YrreihT21 calls 320
*** FLOP *** [6c Ac 3s]
*** TURN *** [6c Ac 3s][8h]
*** RIVER *** [6c Ac 3s 8h][Js]
*** SHOW DOWN ***
YrreihT21 shows [Qc Th] (High card : Ace)
_SKR shows [6s Jh] (Two pairs : Jacks and 6)
_SKR collected 800 from pot
*** SUMMARY ***
Total pot 800 | No rake
Board: [6c Ac 3s 8h Js]
Seat 1: _SKR (big blind) showed [6s Jh] and won 800 with Two pairs : Jacks and 6
Seat 2: YrreihT21 (small blind) (button) showed [Qc Th] and lost with High card : Ace


Winamax Poker - Tournament "Expresso Nitro" buyIn: 1.86€ + 0.14€ level: 6 - HandId: #2698253237378613249-32-1675187830 - Holdem no limit (50/100) - 2023/01/31 17:57:10 UTC
Table: 'Expresso Nitro(628236038)#0' 3-max (real money) Seat #1 is the button
Seat 1: _SKR (800)
Seat 2: YrreihT21 (100)
*** ANTE/BLINDS ***
_SKR posts small blind 50
YrreihT21 posts big blind 100 and is all-in
Dealt to _SKR [Tc 5d]
*** PRE-FLOP *** 
_SKR folds
YrreihT21 collected 150 from pot
*** SUMMARY ***
Total pot 150 | No rake
Seat 2: YrreihT21 (big blind) won 150


Winamax Poker - Tournament "Expresso Nitro" buyIn: 1.86€ + 0.14€ level: 6 - HandId: #2698253237378613249-33-1675187835 - Holdem no limit (50/100) - 2023/01/31 17:57:15 UTC
Table: 'Expresso Nitro(628236038)#0' 3-max (real money) Seat #2 is the button
Seat 1: _SKR (750)
Seat 2: YrreihT21 (150)
*** ANTE/BLINDS ***
YrreihT21 posts small blind 50
_SKR posts big blind 100
Dealt to _SKR [Ad Qh]
*** PRE-FLOP *** 
YrreihT21 raises 50 to 150 and is all-in
_SKR calls 50
*** FLOP *** [9h 5h 6h]
*** TURN *** [9h 5h 6h][Jd]
*** RIVER *** [9h 5h 6h Jd][4s]
*** SHOW DOWN ***
_SKR shows [Ad Qh] (High card : Ace)
YrreihT21 shows [8d 5d] (One pair : 5)
YrreihT21 collected 300 from pot
*** SUMMARY ***
Total pot 300 | No rake
Board: [9h 5h 6h Jd 4s]
Seat 1: _SKR (big blind) showed [Ad Qh] and lost with High card : Ace
Seat 2: YrreihT21 (small blind) (button) showed [8d 5d] and won 300 with One pair : 5


Winamax Poker - Tournament "Expresso Nitro" buyIn: 1.86€ + 0.14€ level: 6 - HandId: #2698253237378613249-34-1675187850 - Holdem no limit (50/100) - 2023/01/31 17:57:30 UTC
Table: 'Expresso Nitro(628236038)#0' 3-max (real money) Seat #1 is the button
Seat 1: _SKR (600)
Seat 2: YrreihT21 (300)
*** ANTE/BLINDS ***
_SKR posts small blind 50
YrreihT21 posts big blind 100
Dealt to _SKR [4s Js]
*** PRE-FLOP *** 
_SKR raises 500 to 600 and is all-in
YrreihT21 calls 200 and is all-in
*** FLOP *** [Ah Tc Ac]
*** TURN *** [Ah Tc Ac][5c]
*** RIVER *** [Ah Tc Ac 5c][5h]
*** SHOW DOWN ***
_SKR shows [4s Js] (Two pairs : Aces and 5)
YrreihT21 shows [5d 8d] (Full of 5 and Aces)
YrreihT21 collected 600 from main pot
_SKR collected 300 from side pot 1
*** SUMMARY ***
Total pot 900 | No rake
Board: [Ah Tc Ac 5c 5h]
Seat 1: _SKR (small blind) (button) showed [4s Js] and won 300 with Two pairs : Aces and 5
Seat 2: YrreihT21 (big blind) showed [5d 8d] and won 600 with Full of 5 and Aces


Winamax Poker - Tournament "Expresso Nitro" buyIn: 1.86€ + 0.14€ level: 6 - HandId: #2698253237378613249-35-1675187861 - Holdem no limit (50/100) - 2023/01/31 17:57:41 UTC
Table: 'Expresso Nitro(628236038)#0' 3-max (real money) Seat #2 is the button
Seat 1: _SKR (300)
Seat 2: YrreihT21 (600)
*** ANTE/BLINDS ***
YrreihT21 posts small blind 50
_SKR posts big blind 100
Dealt to _SKR [Jd 5s]
*** PRE-FLOP *** 
YrreihT21 folds
_SKR collected 150 from pot
*** SUMMARY ***
Total pot 150 | No rake
Seat 1: _SKR (big blind) won 150


Winamax Poker - Tournament "Expresso Nitro" buyIn: 1.86€ + 0.14€ level: 6 - HandId: #2698253237378613249-36-1675187865 - Holdem no limit (50/100) - 2023/01/31 17:57:45 UTC
Table: 'Expresso Nitro(628236038)#0' 3-max (real money) Seat #1 is the button
Seat 1: _SKR (350)
Seat 2: YrreihT21 (550)
*** ANTE/BLINDS ***
_SKR posts small blind 50
YrreihT21 posts big blind 100
Dealt to _SKR [Ts As]
*** PRE-FLOP *** 
_SKR raises 250 to 350 and is all-in
YrreihT21 raises 200 to 550 and is all-in
*** FLOP *** [4h Ac Kc]
*** TURN *** [4h Ac Kc][4c]
*** RIVER *** [4h Ac Kc 4c][7h]
*** SHOW DOWN ***
_SKR shows [Ts As] (Two pairs : Aces and 4)
YrreihT21 shows [Ad Kd] (Two pairs : Aces and Kings)
YrreihT21 collected 900 from pot
*** SUMMARY ***
Total pot 900 | No rake
Board: [4h Ac Kc 4c 7h]
Seat 1: _SKR (small blind) (button) showed [Ts As] and lost with Two pairs : Aces and 4
Seat 2: YrreihT21 (big blind) showed [Ad Kd] and won 900 with Two pairs : Aces and Kings


