Winamax Poker - Tournament "Expresso Nitro" buyIn: 1.86€ + 0.14€ level: 1 - HandId: #2694482754308931585-1-1674942159 - Holdem no limit (10/20) - 2023/01/28 21:42:39 UTC
Table: 'Expresso Nitro(627358154)#0' 3-max (real money) Seat #1 is the button
Seat 1: Ketur78.63 (300)
Seat 2: dcallei03 (300)
Seat 3: _SKR (300)
*** ANTE/BLINDS ***
dcallei03 posts small blind 10
_SKR posts big blind 20
Dealt to _SKR [Ad 7s]
*** PRE-FLOP *** 
Ketur78.63 folds
dcallei03 folds
_SKR collected 30 from pot
*** SUMMARY ***
Total pot 30 | No rake
Seat 3: _SKR (big blind) won 30


Winamax Poker - Tournament "Expresso Nitro" buyIn: 1.86€ + 0.14€ level: 1 - HandId: #2694482754308931585-2-1674942165 - Holdem no limit (10/20) - 2023/01/28 21:42:45 UTC
Table: 'Expresso Nitro(627358154)#0' 3-max (real money) Seat #2 is the button
Seat 1: Ketur78.63 (300)
Seat 2: dcallei03 (290)
Seat 3: _SKR (310)
*** ANTE/BLINDS ***
_SKR posts small blind 10
Ketur78.63 posts big blind 20
Dealt to _SKR [5c 9c]
*** PRE-FLOP *** 
dcallei03 raises 20 to 40
_SKR folds
Ketur78.63 calls 20
*** FLOP *** [Jh Ac As]
Ketur78.63 bets 90
dcallei03 calls 90
*** TURN *** [Jh Ac As][5h]
Ketur78.63 bets 170 and is all-in
dcallei03 calls 160 and is all-in
*** RIVER *** [Jh Ac As 5h][4d]
*** SHOW DOWN ***
dcallei03 shows [Kd Qc] (One pair : Aces)
Ketur78.63 shows [5d Jc] (Two pairs : Aces and Jacks)
Ketur78.63 collected 600 from pot
*** SUMMARY ***
Total pot 600 | No rake
Board: [Jh Ac As 5h 4d]
Seat 1: Ketur78.63 (big blind) showed [5d Jc] and won 600 with Two pairs : Aces and Jacks
Seat 2: dcallei03 (button) showed [Kd Qc] and lost with One pair : Aces


Winamax Poker - Tournament "Expresso Nitro" buyIn: 1.86€ + 0.14€ level: 1 - HandId: #2694482754308931585-3-1674942193 - Holdem no limit (10/20) - 2023/01/28 21:43:13 UTC
Table: 'Expresso Nitro(627358154)#0' 3-max (real money) Seat #1 is the button
Seat 1: Ketur78.63 (600)
Seat 3: _SKR (300)
*** ANTE/BLINDS ***
Ketur78.63 posts small blind 10
_SKR posts big blind 20
Dealt to _SKR [5c 7h]
*** PRE-FLOP *** 
Ketur78.63 raises 20 to 40
_SKR folds
Ketur78.63 collected 60 from pot
*** SUMMARY ***
Total pot 60 | No rake
Seat 1: Ketur78.63 (small blind) (button) won 60


Winamax Poker - Tournament "Expresso Nitro" buyIn: 1.86€ + 0.14€ level: 1 - HandId: #2694482754308931585-4-1674942209 - Holdem no limit (10/20) - 2023/01/28 21:43:29 UTC
Table: 'Expresso Nitro(627358154)#0' 3-max (real money) Seat #3 is the button
Seat 1: Ketur78.63 (620)
Seat 3: _SKR (280)
*** ANTE/BLINDS ***
_SKR posts small blind 10
Ketur78.63 posts big blind 20
Dealt to _SKR [2d 4s]
*** PRE-FLOP *** 
_SKR folds
Ketur78.63 collected 30 from pot
*** SUMMARY ***
Total pot 30 | No rake
Seat 1: Ketur78.63 (big blind) won 30


Winamax Poker - Tournament "Expresso Nitro" buyIn: 1.86€ + 0.14€ level: 1 - HandId: #2694482754308931585-5-1674942213 - Holdem no limit (10/20) - 2023/01/28 21:43:33 UTC
Table: 'Expresso Nitro(627358154)#0' 3-max (real money) Seat #1 is the button
Seat 1: Ketur78.63 (630)
Seat 3: _SKR (270)
*** ANTE/BLINDS ***
Ketur78.63 posts small blind 10
_SKR posts big blind 20
Dealt to _SKR [2d Kh]
*** PRE-FLOP *** 
Ketur78.63 raises 40 to 60
_SKR folds
Ketur78.63 collected 80 from pot
*** SUMMARY ***
Total pot 80 | No rake
Seat 1: Ketur78.63 (small blind) (button) won 80


Winamax Poker - Tournament "Expresso Nitro" buyIn: 1.86€ + 0.14€ level: 2 - HandId: #2694482754308931585-6-1674942227 - Holdem no limit (15/30) - 2023/01/28 21:43:47 UTC
Table: 'Expresso Nitro(627358154)#0' 3-max (real money) Seat #3 is the button
Seat 1: Ketur78.63 (650)
Seat 3: _SKR (250)
*** ANTE/BLINDS ***
_SKR posts small blind 15
Ketur78.63 posts big blind 30
Dealt to _SKR [9h 2d]
*** PRE-FLOP *** 
_SKR folds
Ketur78.63 collected 45 from pot
*** SUMMARY ***
Total pot 45 | No rake
Seat 1: Ketur78.63 (big blind) won 45


Winamax Poker - Tournament "Expresso Nitro" buyIn: 1.86€ + 0.14€ level: 2 - HandId: #2694482754308931585-7-1674942231 - Holdem no limit (15/30) - 2023/01/28 21:43:51 UTC
Table: 'Expresso Nitro(627358154)#0' 3-max (real money) Seat #1 is the button
Seat 1: Ketur78.63 (665)
Seat 3: _SKR (235)
*** ANTE/BLINDS ***
Ketur78.63 posts small blind 15
_SKR posts big blind 30
Dealt to _SKR [4s 6s]
*** PRE-FLOP *** 
Ketur78.63 raises 635 to 665 and is all-in
_SKR folds
Ketur78.63 collected 695 from pot
*** SUMMARY ***
Total pot 695 | No rake
Seat 1: Ketur78.63 (small blind) (button) won 695


Winamax Poker - Tournament "Expresso Nitro" buyIn: 1.86€ + 0.14€ level: 2 - HandId: #2694482754308931585-8-1674942245 - Holdem no limit (15/30) - 2023/01/28 21:44:05 UTC
Table: 'Expresso Nitro(627358154)#0' 3-max (real money) Seat #3 is the button
Seat 1: Ketur78.63 (695)
Seat 3: _SKR (205)
*** ANTE/BLINDS ***
_SKR posts small blind 15
Ketur78.63 posts big blind 30
Dealt to _SKR [Ks 7c]
*** PRE-FLOP *** 
_SKR raises 175 to 205 and is all-in
Ketur78.63 calls 175
*** FLOP *** [5s 5h 4d]
*** TURN *** [5s 5h 4d][2s]
*** RIVER *** [5s 5h 4d 2s][Qc]
*** SHOW DOWN ***
_SKR shows [Ks 7c] (One pair : 5)
Ketur78.63 shows [Ac Jc] (One pair : 5)
Ketur78.63 collected 410 from pot
*** SUMMARY ***
Total pot 410 | No rake
Board: [5s 5h 4d 2s Qc]
Seat 1: Ketur78.63 (big blind) showed [Ac Jc] and won 410 with One pair : 5
Seat 3: _SKR (small blind) (button) showed [Ks 7c] and lost with One pair : 5


