Winamax Poker - Tournament "Expresso Nitro" buyIn: 1.86€ + 0.14€ level: 1 - HandId: #2695264142004060161-1-1675003137 - Holdem no limit (10/20) - 2023/01/29 14:38:57 UTC
Table: 'Expresso Nitro(627540085)#0' 3-max (real money) Seat #2 is the button
Seat 1: _SKR (300)
Seat 2: TKTA0301 (300)
Seat 3: 76doudou (300)
*** ANTE/BLINDS ***
76doudou posts small blind 10
_SKR posts big blind 20
Dealt to _SKR [Tc Jd]
*** PRE-FLOP *** 
TKTA0301 calls 20
76doudou calls 10
_SKR checks
*** FLOP *** [Qd 2h Qh]
76doudou checks
_SKR checks
TKTA0301 bets 21
76doudou folds
_SKR folds
TKTA0301 collected 81 from pot
*** SUMMARY ***
Total pot 81 | No rake
Board: [Qd 2h Qh]
Seat 2: TKTA0301 (button) won 81


Winamax Poker - Tournament "Expresso Nitro" buyIn: 1.86€ + 0.14€ level: 1 - HandId: #2695264142004060161-2-1675003163 - Holdem no limit (10/20) - 2023/01/29 14:39:23 UTC
Table: 'Expresso Nitro(627540085)#0' 3-max (real money) Seat #3 is the button
Seat 1: _SKR (280)
Seat 2: TKTA0301 (340)
Seat 3: 76doudou (280)
*** ANTE/BLINDS ***
_SKR posts small blind 10
TKTA0301 posts big blind 20
Dealt to _SKR [6h Td]
*** PRE-FLOP *** 
76doudou folds
_SKR folds
TKTA0301 collected 30 from pot
*** SUMMARY ***
Total pot 30 | No rake
Seat 2: TKTA0301 (big blind) won 30


Winamax Poker - Tournament "Expresso Nitro" buyIn: 1.86€ + 0.14€ level: 1 - HandId: #2695264142004060161-3-1675003171 - Holdem no limit (10/20) - 2023/01/29 14:39:31 UTC
Table: 'Expresso Nitro(627540085)#0' 3-max (real money) Seat #1 is the button
Seat 1: _SKR (270)
Seat 2: TKTA0301 (350)
Seat 3: 76doudou (280)
*** ANTE/BLINDS ***
TKTA0301 posts small blind 10
76doudou posts big blind 20
Dealt to _SKR [3d Qs]
*** PRE-FLOP *** 
_SKR folds
TKTA0301 folds
76doudou collected 30 from pot
*** SUMMARY ***
Total pot 30 | No rake
Seat 3: 76doudou (big blind) won 30


Winamax Poker - Tournament "Expresso Nitro" buyIn: 1.86€ + 0.14€ level: 1 - HandId: #2695264142004060161-4-1675003176 - Holdem no limit (10/20) - 2023/01/29 14:39:36 UTC
Table: 'Expresso Nitro(627540085)#0' 3-max (real money) Seat #2 is the button
Seat 1: _SKR (270)
Seat 2: TKTA0301 (340)
Seat 3: 76doudou (290)
*** ANTE/BLINDS ***
76doudou posts small blind 10
_SKR posts big blind 20
Dealt to _SKR [5d 6h]
*** PRE-FLOP *** 
TKTA0301 calls 20
76doudou raises 60 to 80
_SKR folds
TKTA0301 calls 60
*** FLOP *** [Js 2d 6d]
76doudou checks
TKTA0301 checks
*** TURN *** [Js 2d 6d][Jc]
76doudou checks
TKTA0301 bets 117
76doudou folds
TKTA0301 collected 297 from pot
*** SUMMARY ***
Total pot 297 | No rake
Board: [Js 2d 6d Jc]
Seat 2: TKTA0301 (button) won 297


Winamax Poker - Tournament "Expresso Nitro" buyIn: 1.86€ + 0.14€ level: 2 - HandId: #2695264142004060161-5-1675003201 - Holdem no limit (15/30) - 2023/01/29 14:40:01 UTC
Table: 'Expresso Nitro(627540085)#0' 3-max (real money) Seat #3 is the button
Seat 1: _SKR (250)
Seat 2: TKTA0301 (440)
Seat 3: 76doudou (210)
*** ANTE/BLINDS ***
_SKR posts small blind 15
TKTA0301 posts big blind 30
Dealt to _SKR [Qc Ad]
*** PRE-FLOP *** 
76doudou raises 75 to 105
_SKR raises 145 to 250 and is all-in
TKTA0301 folds
76doudou calls 105 and is all-in
*** FLOP *** [Jh Qh 8d]
*** TURN *** [Jh Qh 8d][4c]
*** RIVER *** [Jh Qh 8d 4c][7h]
*** SHOW DOWN ***
_SKR shows [Qc Ad] (One pair : Queens)
76doudou shows [8c 8s] (Trips of 8)
76doudou collected 450 from main pot
_SKR collected 40 from side pot 1
*** SUMMARY ***
Total pot 490 | No rake
Board: [Jh Qh 8d 4c 7h]
Seat 1: _SKR (small blind) showed [Qc Ad] and won 40 with One pair : Queens
Seat 3: 76doudou (button) showed [8c 8s] and won 450 with Trips of 8


Winamax Poker - Tournament "Expresso Nitro" buyIn: 1.86€ + 0.14€ level: 2 - HandId: #2695264142004060161-6-1675003221 - Holdem no limit (15/30) - 2023/01/29 14:40:21 UTC
Table: 'Expresso Nitro(627540085)#0' 3-max (real money) Seat #1 is the button
Seat 1: _SKR (40)
Seat 2: TKTA0301 (410)
Seat 3: 76doudou (450)
*** ANTE/BLINDS ***
TKTA0301 posts small blind 15
76doudou posts big blind 30
Dealt to _SKR [7d Kd]
*** PRE-FLOP *** 
_SKR raises 10 to 40 and is all-in
TKTA0301 calls 25
76doudou folds
*** FLOP *** [Jc Qs 3d]
*** TURN *** [Jc Qs 3d][6s]
*** RIVER *** [Jc Qs 3d 6s][8s]
*** SHOW DOWN ***
_SKR shows [7d Kd] (High card : King)
TKTA0301 shows [Qc 9d] (One pair : Queens)
TKTA0301 collected 110 from pot
*** SUMMARY ***
Total pot 110 | No rake
Board: [Jc Qs 3d 6s 8s]
Seat 1: _SKR (button) showed [7d Kd] and lost with High card : King
Seat 2: TKTA0301 (small blind) showed [Qc 9d] and won 110 with One pair : Queens


