Winamax Poker - Tournament "Expresso Nitro" buyIn: 0.93€ + 0.07€ level: 1 - HandId: #2689831953267425281-1-1674654574 - Holdem no limit (10/20) - 2023/01/25 13:49:34 UTC
Table: 'Expresso Nitro(626275305)#0' 3-max (real money) Seat #1 is the button
Seat 1: Nave4321 (300)
Seat 2: matth.. (300)
Seat 3: _SKR (300)
*** ANTE/BLINDS ***
matth.. posts small blind 10
_SKR posts big blind 20
Dealt to _SKR [Jc 2s]
*** PRE-FLOP *** 
Nave4321 raises 20 to 40
matth.. folds
_SKR folds
Nave4321 collected 70 from pot
*** SUMMARY ***
Total pot 70 | No rake
Seat 1: Nave4321 (button) won 70


Winamax Poker - Tournament "Expresso Nitro" buyIn: 0.93€ + 0.07€ level: 1 - HandId: #2689831953267425281-2-1674654581 - Holdem no limit (10/20) - 2023/01/25 13:49:41 UTC
Table: 'Expresso Nitro(626275305)#0' 3-max (real money) Seat #2 is the button
Seat 1: Nave4321 (330)
Seat 2: matth.. (290)
Seat 3: _SKR (280)
*** ANTE/BLINDS ***
_SKR posts small blind 10
Nave4321 posts big blind 20
Dealt to _SKR [2c As]
*** PRE-FLOP *** 
matth.. calls 20
_SKR raises 260 to 280 and is all-in
Nave4321 folds
matth.. calls 260
*** FLOP *** [4c 5h 4s]
*** TURN *** [4c 5h 4s][Qd]
*** RIVER *** [4c 5h 4s Qd][7d]
*** SHOW DOWN ***
matth.. shows [6h Jh] (One pair : 4)
_SKR shows [2c As] (One pair : 4)
_SKR collected 580 from pot
*** SUMMARY ***
Total pot 580 | No rake
Board: [4c 5h 4s Qd 7d]
Seat 2: matth.. (button) showed [6h Jh] and lost with One pair : 4
Seat 3: _SKR (small blind) showed [2c As] and won 580 with One pair : 4


Winamax Poker - Tournament "Expresso Nitro" buyIn: 0.93€ + 0.07€ level: 1 - HandId: #2689831953267425281-3-1674654608 - Holdem no limit (10/20) - 2023/01/25 13:50:08 UTC
Table: 'Expresso Nitro(626275305)#0' 3-max (real money) Seat #3 is the button
Seat 1: Nave4321 (310)
Seat 2: matth.. (10)
Seat 3: _SKR (580)
*** ANTE/BLINDS ***
Nave4321 posts small blind 10
matth.. posts big blind 10 and is all-in
Dealt to _SKR [5s 2d]
*** PRE-FLOP *** 
_SKR folds
*** FLOP *** [Th Qc 4c]
*** TURN *** [Th Qc 4c][9d]
*** RIVER *** [Th Qc 4c 9d][5c]
*** SHOW DOWN ***
Nave4321 shows [Td 2s] (One pair : Tens)
matth.. shows [9c 7c] (Flush Queen high)
matth.. collected 20 from pot
*** SUMMARY ***
Total pot 20 | No rake
Board: [Th Qc 4c 9d 5c]
Seat 1: Nave4321 (small blind) showed [Td 2s] and lost with One pair : Tens
Seat 2: matth.. (big blind) showed [9c 7c] and won 20 with Flush Queen high


Winamax Poker - Tournament "Expresso Nitro" buyIn: 0.93€ + 0.07€ level: 1 - HandId: #2689831953267425281-4-1674654620 - Holdem no limit (10/20) - 2023/01/25 13:50:20 UTC
Table: 'Expresso Nitro(626275305)#0' 3-max (real money) Seat #1 is the button
Seat 1: Nave4321 (300)
Seat 2: matth.. (20)
Seat 3: _SKR (580)
*** ANTE/BLINDS ***
matth.. posts small blind 10
_SKR posts big blind 20
Dealt to _SKR [Ad Ah]
*** PRE-FLOP *** 
Nave4321 folds
matth.. calls 10 and is all-in
*** FLOP *** [3h 2d 2s]
*** TURN *** [3h 2d 2s][4h]
*** RIVER *** [3h 2d 2s 4h][Ts]
*** SHOW DOWN ***
matth.. shows [Jh Kd] (One pair : 2)
_SKR shows [Ad Ah] (Two pairs : Aces and 2)
_SKR collected 40 from pot
*** SUMMARY ***
Total pot 40 | No rake
Board: [3h 2d 2s 4h Ts]
Seat 2: matth.. (small blind) showed [Jh Kd] and lost with One pair : 2
Seat 3: _SKR (big blind) showed [Ad Ah] and won 40 with Two pairs : Aces and 2


Winamax Poker - Tournament "Expresso Nitro" buyIn: 0.93€ + 0.07€ level: 2 - HandId: #2689831953267425281-5-1674654632 - Holdem no limit (15/30) - 2023/01/25 13:50:32 UTC
Table: 'Expresso Nitro(626275305)#0' 3-max (real money) Seat #3 is the button
Seat 1: Nave4321 (300)
Seat 3: _SKR (600)
*** ANTE/BLINDS ***
_SKR posts small blind 15
Nave4321 posts big blind 30
Dealt to _SKR [Qd 6d]
*** PRE-FLOP *** 
_SKR raises 570 to 600 and is all-in
Nave4321 folds
_SKR collected 630 from pot
*** SUMMARY ***
Total pot 630 | No rake
Seat 3: _SKR (small blind) (button) won 630


Winamax Poker - Tournament "Expresso Nitro" buyIn: 0.93€ + 0.07€ level: 2 - HandId: #2689831953267425281-6-1674654644 - Holdem no limit (15/30) - 2023/01/25 13:50:44 UTC
Table: 'Expresso Nitro(626275305)#0' 3-max (real money) Seat #1 is the button
Seat 1: Nave4321 (270)
Seat 3: _SKR (630)
*** ANTE/BLINDS ***
Nave4321 posts small blind 15
_SKR posts big blind 30
Dealt to _SKR [Ah Jd]
*** PRE-FLOP *** 
Nave4321 raises 240 to 270 and is all-in
_SKR calls 240
*** FLOP *** [Ac Qd Ts]
*** TURN *** [Ac Qd Ts][Qc]
*** RIVER *** [Ac Qd Ts Qc][Td]
*** SHOW DOWN ***
_SKR shows [Ah Jd] (Two pairs : Aces and Queens)
Nave4321 shows [Qs Ad] (Full of Queens and Aces)
Nave4321 collected 540 from pot
*** SUMMARY ***
Total pot 540 | No rake
Board: [Ac Qd Ts Qc Td]
Seat 1: Nave4321 (small blind) (button) showed [Qs Ad] and won 540 with Full of Queens and Aces
Seat 3: _SKR (big blind) showed [Ah Jd] and lost with Two pairs : Aces and Queens


Winamax Poker - Tournament "Expresso Nitro" buyIn: 0.93€ + 0.07€ level: 2 - HandId: #2689831953267425281-7-1674654667 - Holdem no limit (15/30) - 2023/01/25 13:51:07 UTC
Table: 'Expresso Nitro(626275305)#0' 3-max (real money) Seat #3 is the button
Seat 1: Nave4321 (540)
Seat 3: _SKR (360)
*** ANTE/BLINDS ***
_SKR posts small blind 15
Nave4321 posts big blind 30
Dealt to _SKR [8c 3d]
*** PRE-FLOP *** 
_SKR folds
Nave4321 collected 45 from pot
*** SUMMARY ***
Total pot 45 | No rake
Seat 1: Nave4321 (big blind) won 45


Winamax Poker - Tournament "Expresso Nitro" buyIn: 0.93€ + 0.07€ level: 2 - HandId: #2689831953267425281-8-1674654672 - Holdem no limit (15/30) - 2023/01/25 13:51:12 UTC
Table: 'Expresso Nitro(626275305)#0' 3-max (real money) Seat #1 is the button
Seat 1: Nave4321 (555)
Seat 3: _SKR (345)
*** ANTE/BLINDS ***
Nave4321 posts small blind 15
_SKR posts big blind 30
Dealt to _SKR [2h 5d]
*** PRE-FLOP *** 
Nave4321 folds
_SKR collected 45 from pot
*** SUMMARY ***
Total pot 45 | No rake
Seat 3: _SKR (big blind) won 45


Winamax Poker - Tournament "Expresso Nitro" buyIn: 0.93€ + 0.07€ level: 2 - HandId: #2689831953267425281-9-1674654675 - Holdem no limit (15/30) - 2023/01/25 13:51:15 UTC
Table: 'Expresso Nitro(626275305)#0' 3-max (real money) Seat #3 is the button
Seat 1: Nave4321 (540)
Seat 3: _SKR (360)
*** ANTE/BLINDS ***
_SKR posts small blind 15
Nave4321 posts big blind 30
Dealt to _SKR [7d Ac]
*** PRE-FLOP *** 
_SKR raises 330 to 360 and is all-in
Nave4321 calls 330
*** FLOP *** [3h 7c 6h]
*** TURN *** [3h 7c 6h][5s]
*** RIVER *** [3h 7c 6h 5s][Qh]
*** SHOW DOWN ***
Nave4321 shows [As Jc] (High card : Ace)
_SKR shows [7d Ac] (One pair : 7)
_SKR collected 720 from pot
*** SUMMARY ***
Total pot 720 | No rake
Board: [3h 7c 6h 5s Qh]
Seat 1: Nave4321 (big blind) showed [As Jc] and lost with High card : Ace
Seat 3: _SKR (small blind) (button) showed [7d Ac] and won 720 with One pair : 7


Winamax Poker - Tournament "Expresso Nitro" buyIn: 0.93€ + 0.07€ level: 3 - HandId: #2689831953267425281-10-1674654700 - Holdem no limit (20/40) - 2023/01/25 13:51:40 UTC
Table: 'Expresso Nitro(626275305)#0' 3-max (real money) Seat #1 is the button
Seat 1: Nave4321 (180)
Seat 3: _SKR (720)
*** ANTE/BLINDS ***
Nave4321 posts small blind 20
_SKR posts big blind 40
Dealt to _SKR [5c 5s]
*** PRE-FLOP *** 
Nave4321 raises 140 to 180 and is all-in
_SKR calls 140
*** FLOP *** [Jc Td 2c]
*** TURN *** [Jc Td 2c][Jd]
*** RIVER *** [Jc Td 2c Jd][5d]
*** SHOW DOWN ***
Nave4321 shows [8d 7d] (Flush Jack high)
_SKR shows [5c 5s] (Full of 5 and Jacks)
_SKR collected 360 from pot
*** SUMMARY ***
Total pot 360 | No rake
Board: [Jc Td 2c Jd 5d]
Seat 1: Nave4321 (small blind) (button) showed [8d 7d] and lost with Flush Jack high
Seat 3: _SKR (big blind) showed [5c 5s] and won 360 with Full of 5 and Jacks


