Winamax Poker - Tournament "Expresso Nitro" buyIn: 0.93€ + 0.07€ level: 1 - HandId: #2717237808870719489-1-1676213395 - Holdem no limit (10/20) - 2023/02/12 14:49:55 UTC
Table: 'Expresso Nitro(632656228)#0' 3-max (real money) Seat #1 is the button
Seat 1: _SKR (300)
Seat 2: AAnogood (300)
Seat 3: Stickychacha (300)
*** ANTE/BLINDS ***
AAnogood posts small blind 10
Stickychacha posts big blind 20
Dealt to _SKR [5h 7d]
*** PRE-FLOP *** 
_SKR folds
AAnogood folds
Stickychacha collected 30 from pot
*** SUMMARY ***
Total pot 30 | No rake
Seat 3: Stickychacha (big blind) won 30


Winamax Poker - Tournament "Expresso Nitro" buyIn: 0.93€ + 0.07€ level: 1 - HandId: #2717237808870719489-2-1676213403 - Holdem no limit (10/20) - 2023/02/12 14:50:03 UTC
Table: 'Expresso Nitro(632656228)#0' 3-max (real money) Seat #2 is the button
Seat 1: _SKR (300)
Seat 2: AAnogood (290)
Seat 3: Stickychacha (310)
*** ANTE/BLINDS ***
Stickychacha posts small blind 10
_SKR posts big blind 20
Dealt to _SKR [Jd 6h]
*** PRE-FLOP *** 
AAnogood folds
Stickychacha calls 10
_SKR checks
*** FLOP *** [7c Jc 4d]
Stickychacha checks
_SKR bets 20
Stickychacha folds
_SKR collected 60 from pot
*** SUMMARY ***
Total pot 60 | No rake
Board: [7c Jc 4d]
Seat 1: _SKR (big blind) won 60


Winamax Poker - Tournament "Expresso Nitro" buyIn: 0.93€ + 0.07€ level: 1 - HandId: #2717237808870719489-3-1676213425 - Holdem no limit (10/20) - 2023/02/12 14:50:25 UTC
Table: 'Expresso Nitro(632656228)#0' 3-max (real money) Seat #3 is the button
Seat 1: _SKR (320)
Seat 2: AAnogood (290)
Seat 3: Stickychacha (290)
*** ANTE/BLINDS ***
_SKR posts small blind 10
AAnogood posts big blind 20
Dealt to _SKR [6h Jd]
*** PRE-FLOP *** 
Stickychacha raises 270 to 290 and is all-in
_SKR folds
AAnogood folds
Stickychacha collected 320 from pot
*** SUMMARY ***
Total pot 320 | No rake
Seat 3: Stickychacha (button) won 320


Winamax Poker - Tournament "Expresso Nitro" buyIn: 0.93€ + 0.07€ level: 1 - HandId: #2717237808870719489-4-1676213436 - Holdem no limit (10/20) - 2023/02/12 14:50:36 UTC
Table: 'Expresso Nitro(632656228)#0' 3-max (real money) Seat #1 is the button
Seat 1: _SKR (310)
Seat 2: AAnogood (270)
Seat 3: Stickychacha (320)
*** ANTE/BLINDS ***
AAnogood posts small blind 10
Stickychacha posts big blind 20
Dealt to _SKR [9d Qh]
*** PRE-FLOP *** 
_SKR folds
AAnogood raises 250 to 270 and is all-in
Stickychacha folds
AAnogood collected 290 from pot
*** SUMMARY ***
Total pot 290 | No rake
Seat 2: AAnogood (small blind) won 290


Winamax Poker - Tournament "Expresso Nitro" buyIn: 0.93€ + 0.07€ level: 1 - HandId: #2717237808870719489-5-1676213445 - Holdem no limit (10/20) - 2023/02/12 14:50:45 UTC
Table: 'Expresso Nitro(632656228)#0' 3-max (real money) Seat #2 is the button
Seat 1: _SKR (310)
Seat 2: AAnogood (290)
Seat 3: Stickychacha (300)
*** ANTE/BLINDS ***
Stickychacha posts small blind 10
_SKR posts big blind 20
Dealt to _SKR [9s Td]
*** PRE-FLOP *** 
AAnogood folds
Stickychacha raises 280 to 300 and is all-in
_SKR folds
Stickychacha collected 320 from pot
*** SUMMARY ***
Total pot 320 | No rake
Seat 3: Stickychacha (small blind) won 320


Winamax Poker - Tournament "Expresso Nitro" buyIn: 0.93€ + 0.07€ level: 2 - HandId: #2717237808870719489-6-1676213456 - Holdem no limit (15/30) - 2023/02/12 14:50:56 UTC
Table: 'Expresso Nitro(632656228)#0' 3-max (real money) Seat #3 is the button
Seat 1: _SKR (290)
Seat 2: AAnogood (290)
Seat 3: Stickychacha (320)
*** ANTE/BLINDS ***
_SKR posts small blind 15
AAnogood posts big blind 30
Dealt to _SKR [Jc 8s]
*** PRE-FLOP *** 
Stickychacha calls 30
_SKR folds
AAnogood checks
*** FLOP *** [Tc 2c 6h]
AAnogood checks
Stickychacha bets 75
AAnogood calls 75
*** TURN *** [Tc 2c 6h][Ks]
AAnogood checks
Stickychacha bets 215 and is all-in
AAnogood folds
Stickychacha collected 440 from pot
*** SUMMARY ***
Total pot 440 | No rake
Board: [Tc 2c 6h Ks]
Seat 3: Stickychacha (button) won 440


Winamax Poker - Tournament "Expresso Nitro" buyIn: 0.93€ + 0.07€ level: 2 - HandId: #2717237808870719489-7-1676213496 - Holdem no limit (15/30) - 2023/02/12 14:51:36 UTC
Table: 'Expresso Nitro(632656228)#0' 3-max (real money) Seat #1 is the button
Seat 1: _SKR (275)
Seat 2: AAnogood (185)
Seat 3: Stickychacha (440)
*** ANTE/BLINDS ***
AAnogood posts small blind 15
Stickychacha posts big blind 30
Dealt to _SKR [2h 8h]
*** PRE-FLOP *** 
_SKR folds
AAnogood folds
Stickychacha collected 45 from pot
*** SUMMARY ***
Total pot 45 | No rake
Seat 3: Stickychacha (big blind) won 45


Winamax Poker - Tournament "Expresso Nitro" buyIn: 0.93€ + 0.07€ level: 2 - HandId: #2717237808870719489-8-1676213503 - Holdem no limit (15/30) - 2023/02/12 14:51:43 UTC
Table: 'Expresso Nitro(632656228)#0' 3-max (real money) Seat #2 is the button
Seat 1: _SKR (275)
Seat 2: AAnogood (170)
Seat 3: Stickychacha (455)
*** ANTE/BLINDS ***
Stickychacha posts small blind 15
_SKR posts big blind 30
Dealt to _SKR [Jh 4d]
*** PRE-FLOP *** 
AAnogood folds
Stickychacha calls 15
_SKR checks
*** FLOP *** [3s 6c 8d]
Stickychacha checks
_SKR checks
*** TURN *** [3s 6c 8d][7s]
Stickychacha checks
_SKR bets 39
Stickychacha folds
_SKR collected 99 from pot
*** SUMMARY ***
Total pot 99 | No rake
Board: [3s 6c 8d 7s]
Seat 1: _SKR (big blind) won 99


Winamax Poker - Tournament "Expresso Nitro" buyIn: 0.93€ + 0.07€ level: 3 - HandId: #2717237808870719489-9-1676213534 - Holdem no limit (20/40) - 2023/02/12 14:52:14 UTC
Table: 'Expresso Nitro(632656228)#0' 3-max (real money) Seat #3 is the button
Seat 1: _SKR (305)
Seat 2: AAnogood (170)
Seat 3: Stickychacha (425)
*** ANTE/BLINDS ***
_SKR posts small blind 20
AAnogood posts big blind 40
Dealt to _SKR [3d 5c]
*** PRE-FLOP *** 
Stickychacha calls 40
_SKR folds
AAnogood checks
*** FLOP *** [5s 6h Kd]
AAnogood checks
Stickychacha bets 385 and is all-in
AAnogood folds
Stickychacha collected 485 from pot
*** SUMMARY ***
Total pot 485 | No rake
Board: [5s 6h Kd]
Seat 3: Stickychacha (button) won 485


Winamax Poker - Tournament "Expresso Nitro" buyIn: 0.93€ + 0.07€ level: 3 - HandId: #2717237808870719489-10-1676213550 - Holdem no limit (20/40) - 2023/02/12 14:52:30 UTC
Table: 'Expresso Nitro(632656228)#0' 3-max (real money) Seat #1 is the button
Seat 1: _SKR (285)
Seat 2: AAnogood (130)
Seat 3: Stickychacha (485)
*** ANTE/BLINDS ***
AAnogood posts small blind 20
Stickychacha posts big blind 40
Dealt to _SKR [Kh 9c]
*** PRE-FLOP *** 
_SKR raises 245 to 285 and is all-in
AAnogood folds
Stickychacha folds
_SKR collected 345 from pot
*** SUMMARY ***
Total pot 345 | No rake
Seat 1: _SKR (button) won 345


Winamax Poker - Tournament "Expresso Nitro" buyIn: 0.93€ + 0.07€ level: 3 - HandId: #2717237808870719489-11-1676213558 - Holdem no limit (20/40) - 2023/02/12 14:52:38 UTC
Table: 'Expresso Nitro(632656228)#0' 3-max (real money) Seat #2 is the button
Seat 1: _SKR (345)
Seat 2: AAnogood (110)
Seat 3: Stickychacha (445)
*** ANTE/BLINDS ***
Stickychacha posts small blind 20
_SKR posts big blind 40
Dealt to _SKR [Jh 2c]
*** PRE-FLOP *** 
AAnogood raises 70 to 110 and is all-in
Stickychacha raises 335 to 445 and is all-in
_SKR folds
*** FLOP *** [8d Ac 7s]
*** TURN *** [8d Ac 7s][4s]
*** RIVER *** [8d Ac 7s 4s][Ad]
*** SHOW DOWN ***
AAnogood shows [Kh Th] (One pair : Aces)
Stickychacha shows [As Qs] (Trips of Aces)
Stickychacha collected 595 from pot
*** SUMMARY ***
Total pot 595 | No rake
Board: [8d Ac 7s 4s Ad]
Seat 2: AAnogood (button) showed [Kh Th] and lost with One pair : Aces
Seat 3: Stickychacha (small blind) showed [As Qs] and won 595 with Trips of Aces


Winamax Poker - Tournament "Expresso Nitro" buyIn: 0.93€ + 0.07€ level: 4 - HandId: #2717237808870719489-12-1676213576 - Holdem no limit (30/60) - 2023/02/12 14:52:56 UTC
Table: 'Expresso Nitro(632656228)#0' 3-max (real money) Seat #1 is the button
Seat 1: _SKR (305)
Seat 3: Stickychacha (595)
*** ANTE/BLINDS ***
_SKR posts small blind 30
Stickychacha posts big blind 60
Dealt to _SKR [2c Jc]
*** PRE-FLOP *** 
_SKR folds
Stickychacha collected 90 from pot
*** SUMMARY ***
Total pot 90 | No rake
Seat 3: Stickychacha (big blind) won 90


Winamax Poker - Tournament "Expresso Nitro" buyIn: 0.93€ + 0.07€ level: 4 - HandId: #2717237808870719489-13-1676213579 - Holdem no limit (30/60) - 2023/02/12 14:52:59 UTC
Table: 'Expresso Nitro(632656228)#0' 3-max (real money) Seat #3 is the button
Seat 1: _SKR (275)
Seat 3: Stickychacha (625)
*** ANTE/BLINDS ***
Stickychacha posts small blind 30
_SKR posts big blind 60
Dealt to _SKR [7h Jc]
*** PRE-FLOP *** 
Stickychacha raises 565 to 625 and is all-in
_SKR calls 215 and is all-in
*** FLOP *** [Tc Qc Kd]
*** TURN *** [Tc Qc Kd][7s]
*** RIVER *** [Tc Qc Kd 7s][Qh]
*** SHOW DOWN ***
_SKR shows [7h Jc] (Two pairs : Queens and 7)
Stickychacha shows [Ad 3d] (One pair : Queens)
Stickychacha collected 350 from side pot 1
_SKR collected 550 from main pot
*** SUMMARY ***
Total pot 900 | No rake
Board: [Tc Qc Kd 7s Qh]
Seat 1: _SKR (big blind) showed [7h Jc] and won 550 with Two pairs : Queens and 7
Seat 3: Stickychacha (small blind) (button) showed [Ad 3d] and won 350 with One pair : Queens


Winamax Poker - Tournament "Expresso Nitro" buyIn: 0.93€ + 0.07€ level: 4 - HandId: #2717237808870719489-14-1676213592 - Holdem no limit (30/60) - 2023/02/12 14:53:12 UTC
Table: 'Expresso Nitro(632656228)#0' 3-max (real money) Seat #1 is the button
Seat 1: _SKR (550)
Seat 3: Stickychacha (350)
*** ANTE/BLINDS ***
_SKR posts small blind 30
Stickychacha posts big blind 60
Dealt to _SKR [Tc As]
*** PRE-FLOP *** 
_SKR raises 490 to 550 and is all-in
Stickychacha folds
_SKR collected 610 from pot
*** SUMMARY ***
Total pot 610 | No rake
Seat 1: _SKR (small blind) (button) won 610


Winamax Poker - Tournament "Expresso Nitro" buyIn: 0.93€ + 0.07€ level: 4 - HandId: #2717237808870719489-15-1676213597 - Holdem no limit (30/60) - 2023/02/12 14:53:17 UTC
Table: 'Expresso Nitro(632656228)#0' 3-max (real money) Seat #3 is the button
Seat 1: _SKR (610)
Seat 3: Stickychacha (290)
*** ANTE/BLINDS ***
Stickychacha posts small blind 30
_SKR posts big blind 60
Dealt to _SKR [Qd 5d]
*** PRE-FLOP *** 
Stickychacha raises 230 to 290 and is all-in
_SKR calls 230
*** FLOP *** [4c 9c 8c]
*** TURN *** [4c 9c 8c][6s]
*** RIVER *** [4c 9c 8c 6s][5h]
*** SHOW DOWN ***
Stickychacha shows [5c 3d] (One pair : 5)
_SKR shows [Qd 5d] (One pair : 5)
_SKR collected 580 from pot
*** SUMMARY ***
Total pot 580 | No rake
Board: [4c 9c 8c 6s 5h]
Seat 1: _SKR (big blind) showed [Qd 5d] and won 580 with One pair : 5
Seat 3: Stickychacha (small blind) (button) showed [5c 3d] and lost with One pair : 5


