Winamax Poker - Tournament "Expresso Nitro" buyIn: 0.93€ + 0.07€ level: 1 - HandId: #2680877277167747073-1-1674082994 - Holdem no limit (10/20) - 2023/01/18 23:03:14 UTC
Table: 'Expresso Nitro(624190382)#0' 3-max (real money) Seat #2 is the button
Seat 1: OhGranCrack (300)
Seat 2: _SKR (300)
Seat 3: Generous10 (300)
*** ANTE/BLINDS ***
Generous10 posts small blind 10
OhGranCrack posts big blind 20
Dealt to _SKR [7c 3h]
*** PRE-FLOP *** 
_SKR folds
Generous10 calls 10
OhGranCrack raises 30 to 50
Generous10 folds
OhGranCrack collected 70 from pot
*** SUMMARY ***
Total pot 70 | No rake
Seat 1: OhGranCrack (big blind) won 70


Winamax Poker - Tournament "Expresso Nitro" buyIn: 0.93€ + 0.07€ level: 1 - HandId: #2680877277167747073-2-1674083008 - Holdem no limit (10/20) - 2023/01/18 23:03:28 UTC
Table: 'Expresso Nitro(624190382)#0' 3-max (real money) Seat #3 is the button
Seat 1: OhGranCrack (320)
Seat 2: _SKR (300)
Seat 3: Generous10 (280)
*** ANTE/BLINDS ***
OhGranCrack posts small blind 10
_SKR posts big blind 20
Dealt to _SKR [6c 9d]
*** PRE-FLOP *** 
Generous10 folds
OhGranCrack calls 10
_SKR checks
*** FLOP *** [2d 4h Qh]
OhGranCrack bets 20
_SKR folds
OhGranCrack collected 60 from pot
*** SUMMARY ***
Total pot 60 | No rake
Board: [2d 4h Qh]
Seat 1: OhGranCrack (small blind) won 60


Winamax Poker - Tournament "Expresso Nitro" buyIn: 0.93€ + 0.07€ level: 1 - HandId: #2680877277167747073-3-1674083029 - Holdem no limit (10/20) - 2023/01/18 23:03:49 UTC
Table: 'Expresso Nitro(624190382)#0' 3-max (real money) Seat #1 is the button
Seat 1: OhGranCrack (340)
Seat 2: _SKR (280)
Seat 3: Generous10 (280)
*** ANTE/BLINDS ***
_SKR posts small blind 10
Generous10 posts big blind 20
Dealt to _SKR [4d As]
*** PRE-FLOP *** 
OhGranCrack folds
_SKR raises 260 to 280 and is all-in
Generous10 calls 260 and is all-in
*** FLOP *** [Td Jd 7h]
*** TURN *** [Td Jd 7h][Th]
*** RIVER *** [Td Jd 7h Th][4c]
*** SHOW DOWN ***
Generous10 shows [2s Ad] (One pair : Tens)
_SKR shows [4d As] (Two pairs : Tens and 4)
_SKR collected 560 from pot
*** SUMMARY ***
Total pot 560 | No rake
Board: [Td Jd 7h Th 4c]
Seat 2: _SKR (small blind) showed [4d As] and won 560 with Two pairs : Tens and 4
Seat 3: Generous10 (big blind) showed [2s Ad] and lost with One pair : Tens


Winamax Poker - Tournament "Expresso Nitro" buyIn: 0.93€ + 0.07€ level: 2 - HandId: #2680877277167747073-4-1674083051 - Holdem no limit (15/30) - 2023/01/18 23:04:11 UTC
Table: 'Expresso Nitro(624190382)#0' 3-max (real money) Seat #1 is the button
Seat 1: OhGranCrack (340)
Seat 2: _SKR (560)
*** ANTE/BLINDS ***
OhGranCrack posts small blind 15
_SKR posts big blind 30
Dealt to _SKR [6s 3h]
*** PRE-FLOP *** 
OhGranCrack folds
_SKR collected 45 from pot
*** SUMMARY ***
Total pot 45 | No rake
Seat 2: _SKR (big blind) won 45


Winamax Poker - Tournament "Expresso Nitro" buyIn: 0.93€ + 0.07€ level: 2 - HandId: #2680877277167747073-5-1674083057 - Holdem no limit (15/30) - 2023/01/18 23:04:17 UTC
Table: 'Expresso Nitro(624190382)#0' 3-max (real money) Seat #2 is the button
Seat 1: OhGranCrack (325)
Seat 2: _SKR (575)
*** ANTE/BLINDS ***
_SKR posts small blind 15
OhGranCrack posts big blind 30
Dealt to _SKR [Qd Kh]
*** PRE-FLOP *** 
_SKR raises 30 to 60
OhGranCrack calls 30
*** FLOP *** [4d 8s 9s]
OhGranCrack checks
_SKR checks
*** TURN *** [4d 8s 9s][Jh]
OhGranCrack checks
_SKR checks
*** RIVER *** [4d 8s 9s Jh][3s]
OhGranCrack checks
_SKR checks
*** SHOW DOWN ***
OhGranCrack shows [6h Ks] (High card : King)
_SKR shows [Qd Kh] (High card : King)
_SKR collected 120 from pot
*** SUMMARY ***
Total pot 120 | No rake
Board: [4d 8s 9s Jh 3s]
Seat 1: OhGranCrack (big blind) showed [6h Ks] and lost with High card : King
Seat 2: _SKR (small blind) (button) showed [Qd Kh] and won 120 with High card : King


Winamax Poker - Tournament "Expresso Nitro" buyIn: 0.93€ + 0.07€ level: 2 - HandId: #2680877277167747073-6-1674083071 - Holdem no limit (15/30) - 2023/01/18 23:04:31 UTC
Table: 'Expresso Nitro(624190382)#0' 3-max (real money) Seat #1 is the button
Seat 1: OhGranCrack (265)
Seat 2: _SKR (635)
*** ANTE/BLINDS ***
OhGranCrack posts small blind 15
_SKR posts big blind 30
Dealt to _SKR [3c Td]
*** PRE-FLOP *** 
OhGranCrack calls 15
_SKR checks
*** FLOP *** [Ad 7s 8s]
_SKR checks
OhGranCrack bets 30
_SKR folds
OhGranCrack collected 90 from pot
*** SUMMARY ***
Total pot 90 | No rake
Board: [Ad 7s 8s]
Seat 1: OhGranCrack (small blind) (button) won 90


Winamax Poker - Tournament "Expresso Nitro" buyIn: 0.93€ + 0.07€ level: 2 - HandId: #2680877277167747073-7-1674083085 - Holdem no limit (15/30) - 2023/01/18 23:04:45 UTC
Table: 'Expresso Nitro(624190382)#0' 3-max (real money) Seat #2 is the button
Seat 1: OhGranCrack (295)
Seat 2: _SKR (605)
*** ANTE/BLINDS ***
_SKR posts small blind 15
OhGranCrack posts big blind 30
Dealt to _SKR [Td Ah]
*** PRE-FLOP *** 
_SKR raises 575 to 605 and is all-in
OhGranCrack folds
_SKR collected 635 from pot
*** SUMMARY ***
Total pot 635 | No rake
Seat 2: _SKR (small blind) (button) won 635


Winamax Poker - Tournament "Expresso Nitro" buyIn: 0.93€ + 0.07€ level: 2 - HandId: #2680877277167747073-8-1674083096 - Holdem no limit (15/30) - 2023/01/18 23:04:56 UTC
Table: 'Expresso Nitro(624190382)#0' 3-max (real money) Seat #1 is the button
Seat 1: OhGranCrack (265)
Seat 2: _SKR (635)
*** ANTE/BLINDS ***
OhGranCrack posts small blind 15
_SKR posts big blind 30
Dealt to _SKR [6h 7s]
*** PRE-FLOP *** 
OhGranCrack folds
_SKR collected 45 from pot
*** SUMMARY ***
Total pot 45 | No rake
Seat 2: _SKR (big blind) won 45


Winamax Poker - Tournament "Expresso Nitro" buyIn: 0.93€ + 0.07€ level: 2 - HandId: #2680877277167747073-9-1674083099 - Holdem no limit (15/30) - 2023/01/18 23:04:59 UTC
Table: 'Expresso Nitro(624190382)#0' 3-max (real money) Seat #2 is the button
Seat 1: OhGranCrack (250)
Seat 2: _SKR (650)
*** ANTE/BLINDS ***
_SKR posts small blind 15
OhGranCrack posts big blind 30
Dealt to _SKR [2s 7d]
*** PRE-FLOP *** 
_SKR folds
OhGranCrack collected 45 from pot
*** SUMMARY ***
Total pot 45 | No rake
Seat 1: OhGranCrack (big blind) won 45


Winamax Poker - Tournament "Expresso Nitro" buyIn: 0.93€ + 0.07€ level: 2 - HandId: #2680877277167747073-10-1674083103 - Holdem no limit (15/30) - 2023/01/18 23:05:03 UTC
Table: 'Expresso Nitro(624190382)#0' 3-max (real money) Seat #1 is the button
Seat 1: OhGranCrack (265)
Seat 2: _SKR (635)
*** ANTE/BLINDS ***
OhGranCrack posts small blind 15
_SKR posts big blind 30
Dealt to _SKR [Jh Qc]
*** PRE-FLOP *** 
OhGranCrack raises 235 to 265 and is all-in
_SKR calls 235
*** FLOP *** [Ks 2s 9c]
*** TURN *** [Ks 2s 9c][9h]
*** RIVER *** [Ks 2s 9c 9h][7c]
*** SHOW DOWN ***
_SKR shows [Jh Qc] (One pair : 9)
OhGranCrack shows [Ah Js] (One pair : 9)
OhGranCrack collected 530 from pot
*** SUMMARY ***
Total pot 530 | No rake
Board: [Ks 2s 9c 9h 7c]
Seat 1: OhGranCrack (small blind) (button) showed [Ah Js] and won 530 with One pair : 9
Seat 2: _SKR (big blind) showed [Jh Qc] and lost with One pair : 9


Winamax Poker - Tournament "Expresso Nitro" buyIn: 0.93€ + 0.07€ level: 3 - HandId: #2680877277167747073-11-1674083115 - Holdem no limit (20/40) - 2023/01/18 23:05:15 UTC
Table: 'Expresso Nitro(624190382)#0' 3-max (real money) Seat #2 is the button
Seat 1: OhGranCrack (530)
Seat 2: _SKR (370)
*** ANTE/BLINDS ***
_SKR posts small blind 20
OhGranCrack posts big blind 40
Dealt to _SKR [Jc Ts]
*** PRE-FLOP *** 
_SKR raises 330 to 370 and is all-in
OhGranCrack folds
_SKR collected 410 from pot
*** SUMMARY ***
Total pot 410 | No rake
Seat 2: _SKR (small blind) (button) won 410


Winamax Poker - Tournament "Expresso Nitro" buyIn: 0.93€ + 0.07€ level: 3 - HandId: #2680877277167747073-12-1674083120 - Holdem no limit (20/40) - 2023/01/18 23:05:20 UTC
Table: 'Expresso Nitro(624190382)#0' 3-max (real money) Seat #1 is the button
Seat 1: OhGranCrack (490)
Seat 2: _SKR (410)
*** ANTE/BLINDS ***
OhGranCrack posts small blind 20
_SKR posts big blind 40
Dealt to _SKR [4c As]
*** PRE-FLOP *** 
OhGranCrack calls 20
_SKR raises 370 to 410 and is all-in
OhGranCrack folds
_SKR collected 450 from pot
*** SUMMARY ***
Total pot 450 | No rake
Seat 2: _SKR (big blind) won 450


Winamax Poker - Tournament "Expresso Nitro" buyIn: 0.93€ + 0.07€ level: 3 - HandId: #2680877277167747073-13-1674083126 - Holdem no limit (20/40) - 2023/01/18 23:05:26 UTC
Table: 'Expresso Nitro(624190382)#0' 3-max (real money) Seat #2 is the button
Seat 1: OhGranCrack (450)
Seat 2: _SKR (450)
*** ANTE/BLINDS ***
_SKR posts small blind 20
OhGranCrack posts big blind 40
Dealt to _SKR [2s 2d]
*** PRE-FLOP *** 
_SKR raises 410 to 450 and is all-in
OhGranCrack folds
_SKR collected 490 from pot
*** SUMMARY ***
Total pot 490 | No rake
Seat 2: _SKR (small blind) (button) won 490


Winamax Poker - Tournament "Expresso Nitro" buyIn: 0.93€ + 0.07€ level: 3 - HandId: #2680877277167747073-14-1674083138 - Holdem no limit (20/40) - 2023/01/18 23:05:38 UTC
Table: 'Expresso Nitro(624190382)#0' 3-max (real money) Seat #1 is the button
Seat 1: OhGranCrack (410)
Seat 2: _SKR (490)
*** ANTE/BLINDS ***
OhGranCrack posts small blind 20
_SKR posts big blind 40
Dealt to _SKR [4c Jh]
*** PRE-FLOP *** 
OhGranCrack folds
_SKR collected 60 from pot
*** SUMMARY ***
Total pot 60 | No rake
Seat 2: _SKR (big blind) won 60


Winamax Poker - Tournament "Expresso Nitro" buyIn: 0.93€ + 0.07€ level: 3 - HandId: #2680877277167747073-15-1674083141 - Holdem no limit (20/40) - 2023/01/18 23:05:41 UTC
Table: 'Expresso Nitro(624190382)#0' 3-max (real money) Seat #2 is the button
Seat 1: OhGranCrack (390)
Seat 2: _SKR (510)
*** ANTE/BLINDS ***
_SKR posts small blind 20
OhGranCrack posts big blind 40
Dealt to _SKR [9d Js]
*** PRE-FLOP *** 
_SKR folds
OhGranCrack collected 60 from pot
*** SUMMARY ***
Total pot 60 | No rake
Seat 1: OhGranCrack (big blind) won 60


Winamax Poker - Tournament "Expresso Nitro" buyIn: 0.93€ + 0.07€ level: 3 - HandId: #2680877277167747073-16-1674083148 - Holdem no limit (20/40) - 2023/01/18 23:05:48 UTC
Table: 'Expresso Nitro(624190382)#0' 3-max (real money) Seat #1 is the button
Seat 1: OhGranCrack (410)
Seat 2: _SKR (490)
*** ANTE/BLINDS ***
OhGranCrack posts small blind 20
_SKR posts big blind 40
Dealt to _SKR [Jh Ah]
*** PRE-FLOP *** 
OhGranCrack folds
_SKR collected 60 from pot
*** SUMMARY ***
Total pot 60 | No rake
Seat 2: _SKR (big blind) won 60


Winamax Poker - Tournament "Expresso Nitro" buyIn: 0.93€ + 0.07€ level: 3 - HandId: #2680877277167747073-17-1674083151 - Holdem no limit (20/40) - 2023/01/18 23:05:51 UTC
Table: 'Expresso Nitro(624190382)#0' 3-max (real money) Seat #2 is the button
Seat 1: OhGranCrack (390)
Seat 2: _SKR (510)
*** ANTE/BLINDS ***
_SKR posts small blind 20
OhGranCrack posts big blind 40
Dealt to _SKR [9h 2h]
*** PRE-FLOP *** 
_SKR folds
OhGranCrack collected 60 from pot
*** SUMMARY ***
Total pot 60 | No rake
Seat 1: OhGranCrack (big blind) won 60


Winamax Poker - Tournament "Expresso Nitro" buyIn: 0.93€ + 0.07€ level: 3 - HandId: #2680877277167747073-18-1674083156 - Holdem no limit (20/40) - 2023/01/18 23:05:56 UTC
Table: 'Expresso Nitro(624190382)#0' 3-max (real money) Seat #1 is the button
Seat 1: OhGranCrack (410)
Seat 2: _SKR (490)
*** ANTE/BLINDS ***
OhGranCrack posts small blind 20
_SKR posts big blind 40
Dealt to _SKR [5c 2c]
*** PRE-FLOP *** 
OhGranCrack folds
_SKR collected 60 from pot
*** SUMMARY ***
Total pot 60 | No rake
Seat 2: _SKR (big blind) won 60


Winamax Poker - Tournament "Expresso Nitro" buyIn: 0.93€ + 0.07€ level: 3 - HandId: #2680877277167747073-19-1674083159 - Holdem no limit (20/40) - 2023/01/18 23:05:59 UTC
Table: 'Expresso Nitro(624190382)#0' 3-max (real money) Seat #2 is the button
Seat 1: OhGranCrack (390)
Seat 2: _SKR (510)
*** ANTE/BLINDS ***
_SKR posts small blind 20
OhGranCrack posts big blind 40
Dealt to _SKR [7d 7h]
*** PRE-FLOP *** 
_SKR raises 470 to 510 and is all-in
OhGranCrack folds
_SKR collected 550 from pot
*** SUMMARY ***
Total pot 550 | No rake
Seat 2: _SKR (small blind) (button) won 550


Winamax Poker - Tournament "Expresso Nitro" buyIn: 0.93€ + 0.07€ level: 3 - HandId: #2680877277167747073-20-1674083168 - Holdem no limit (20/40) - 2023/01/18 23:06:08 UTC
Table: 'Expresso Nitro(624190382)#0' 3-max (real money) Seat #1 is the button
Seat 1: OhGranCrack (350)
Seat 2: _SKR (550)
*** ANTE/BLINDS ***
OhGranCrack posts small blind 20
_SKR posts big blind 40
Dealt to _SKR [As 5d]
*** PRE-FLOP *** 
OhGranCrack raises 310 to 350 and is all-in
_SKR calls 310
*** FLOP *** [Ah Jd Qh]
*** TURN *** [Ah Jd Qh][9h]
*** RIVER *** [Ah Jd Qh 9h][7h]
*** SHOW DOWN ***
_SKR shows [As 5d] (One pair : Aces)
OhGranCrack shows [3h 3d] (Flush Ace high)
OhGranCrack collected 700 from pot
*** SUMMARY ***
Total pot 700 | No rake
Board: [Ah Jd Qh 9h 7h]
Seat 1: OhGranCrack (small blind) (button) showed [3h 3d] and won 700 with Flush Ace high
Seat 2: _SKR (big blind) showed [As 5d] and lost with One pair : Aces


Winamax Poker - Tournament "Expresso Nitro" buyIn: 0.93€ + 0.07€ level: 4 - HandId: #2680877277167747073-21-1674083184 - Holdem no limit (30/60) - 2023/01/18 23:06:24 UTC
Table: 'Expresso Nitro(624190382)#0' 3-max (real money) Seat #2 is the button
Seat 1: OhGranCrack (700)
Seat 2: _SKR (200)
*** ANTE/BLINDS ***
_SKR posts small blind 30
OhGranCrack posts big blind 60
Dealt to _SKR [Qd 2d]
*** PRE-FLOP *** 
_SKR raises 140 to 200 and is all-in
OhGranCrack folds
_SKR collected 260 from pot
*** SUMMARY ***
Total pot 260 | No rake
Seat 2: _SKR (small blind) (button) won 260


Winamax Poker - Tournament "Expresso Nitro" buyIn: 0.93€ + 0.07€ level: 4 - HandId: #2680877277167747073-22-1674083189 - Holdem no limit (30/60) - 2023/01/18 23:06:29 UTC
Table: 'Expresso Nitro(624190382)#0' 3-max (real money) Seat #1 is the button
Seat 1: OhGranCrack (640)
Seat 2: _SKR (260)
*** ANTE/BLINDS ***
OhGranCrack posts small blind 30
_SKR posts big blind 60
Dealt to _SKR [Js 2h]
*** PRE-FLOP *** 
OhGranCrack folds
_SKR collected 90 from pot
*** SUMMARY ***
Total pot 90 | No rake
Seat 2: _SKR (big blind) won 90


Winamax Poker - Tournament "Expresso Nitro" buyIn: 0.93€ + 0.07€ level: 4 - HandId: #2680877277167747073-23-1674083192 - Holdem no limit (30/60) - 2023/01/18 23:06:32 UTC
Table: 'Expresso Nitro(624190382)#0' 3-max (real money) Seat #2 is the button
Seat 1: OhGranCrack (610)
Seat 2: _SKR (290)
*** ANTE/BLINDS ***
_SKR posts small blind 30
OhGranCrack posts big blind 60
Dealt to _SKR [5s 3d]
*** PRE-FLOP *** 
_SKR folds
OhGranCrack collected 90 from pot
*** SUMMARY ***
Total pot 90 | No rake
Seat 1: OhGranCrack (big blind) won 90


Winamax Poker - Tournament "Expresso Nitro" buyIn: 0.93€ + 0.07€ level: 4 - HandId: #2680877277167747073-24-1674083196 - Holdem no limit (30/60) - 2023/01/18 23:06:36 UTC
Table: 'Expresso Nitro(624190382)#0' 3-max (real money) Seat #1 is the button
Seat 1: OhGranCrack (640)
Seat 2: _SKR (260)
*** ANTE/BLINDS ***
OhGranCrack posts small blind 30
_SKR posts big blind 60
Dealt to _SKR [6h 9h]
*** PRE-FLOP *** 
OhGranCrack raises 580 to 640 and is all-in
_SKR calls 200 and is all-in
*** FLOP *** [5d 3h Th]
*** TURN *** [5d 3h Th][Tc]
*** RIVER *** [5d 3h Th Tc][8s]
*** SHOW DOWN ***
_SKR shows [6h 9h] (One pair : Tens)
OhGranCrack shows [Qd Jd] (One pair : Tens)
OhGranCrack collected 900 from pot
*** SUMMARY ***
Total pot 900 | No rake
Board: [5d 3h Th Tc 8s]
Seat 1: OhGranCrack (small blind) (button) showed [Qd Jd] and won 900 with One pair : Tens
Seat 2: _SKR (big blind) showed [6h 9h] and lost with One pair : Tens


