Winamax Poker - Tournament "Expresso Nitro" buyIn: 0.93€ + 0.07€ level: 1 - HandId: #2689748403268616193-1-1674649505 - Holdem no limit (10/20) - 2023/01/25 12:25:05 UTC
Table: 'Expresso Nitro(626255852)#0' 3-max (real money) Seat #1 is the button
Seat 1: C3line333 (300)
Seat 2: _SKR (300)
Seat 3: MSKN4070 (300)
*** ANTE/BLINDS ***
_SKR posts small blind 10
MSKN4070 posts big blind 20
Dealt to _SKR [5s 8c]
*** PRE-FLOP *** 
C3line333 folds
_SKR folds
MSKN4070 collected 30 from pot
*** SUMMARY ***
Total pot 30 | No rake
Seat 3: MSKN4070 (big blind) won 30


Winamax Poker - Tournament "Expresso Nitro" buyIn: 0.93€ + 0.07€ level: 1 - HandId: #2689748403268616193-2-1674649511 - Holdem no limit (10/20) - 2023/01/25 12:25:11 UTC
Table: 'Expresso Nitro(626255852)#0' 3-max (real money) Seat #2 is the button
Seat 1: C3line333 (300)
Seat 2: _SKR (290)
Seat 3: MSKN4070 (310)
*** ANTE/BLINDS ***
MSKN4070 posts small blind 10
C3line333 posts big blind 20
Dealt to _SKR [Qc Ac]
*** PRE-FLOP *** 
_SKR raises 20 to 40
MSKN4070 folds
C3line333 folds
_SKR collected 70 from pot
*** SUMMARY ***
Total pot 70 | No rake
Seat 2: _SKR (button) won 70


Winamax Poker - Tournament "Expresso Nitro" buyIn: 0.93€ + 0.07€ level: 1 - HandId: #2689748403268616193-3-1674649519 - Holdem no limit (10/20) - 2023/01/25 12:25:19 UTC
Table: 'Expresso Nitro(626255852)#0' 3-max (real money) Seat #3 is the button
Seat 1: C3line333 (280)
Seat 2: _SKR (320)
Seat 3: MSKN4070 (300)
*** ANTE/BLINDS ***
C3line333 posts small blind 10
_SKR posts big blind 20
Dealt to _SKR [Jc 2s]
*** PRE-FLOP *** 
MSKN4070 folds
C3line333 calls 10
_SKR checks
*** FLOP *** [Jd 2d 9h]
C3line333 checks
_SKR checks
*** TURN *** [Jd 2d 9h][4s]
C3line333 checks
_SKR bets 32
C3line333 folds
_SKR collected 72 from pot
*** SUMMARY ***
Total pot 72 | No rake
Board: [Jd 2d 9h 4s]
Seat 2: _SKR (big blind) won 72


Winamax Poker - Tournament "Expresso Nitro" buyIn: 0.93€ + 0.07€ level: 1 - HandId: #2689748403268616193-4-1674649551 - Holdem no limit (10/20) - 2023/01/25 12:25:51 UTC
Table: 'Expresso Nitro(626255852)#0' 3-max (real money) Seat #1 is the button
Seat 1: C3line333 (260)
Seat 2: _SKR (340)
Seat 3: MSKN4070 (300)
*** ANTE/BLINDS ***
_SKR posts small blind 10
MSKN4070 posts big blind 20
Dealt to _SKR [4d 7c]
*** PRE-FLOP *** 
C3line333 folds
_SKR folds
MSKN4070 collected 30 from pot
*** SUMMARY ***
Total pot 30 | No rake
Seat 3: MSKN4070 (big blind) won 30


Winamax Poker - Tournament "Expresso Nitro" buyIn: 0.93€ + 0.07€ level: 1 - HandId: #2689748403268616193-5-1674649557 - Holdem no limit (10/20) - 2023/01/25 12:25:57 UTC
Table: 'Expresso Nitro(626255852)#0' 3-max (real money) Seat #2 is the button
Seat 1: C3line333 (260)
Seat 2: _SKR (330)
Seat 3: MSKN4070 (310)
*** ANTE/BLINDS ***
MSKN4070 posts small blind 10
C3line333 posts big blind 20
Dealt to _SKR [Jh 5h]
*** PRE-FLOP *** 
_SKR folds
MSKN4070 calls 10
C3line333 raises 240 to 260 and is all-in
MSKN4070 folds
C3line333 collected 280 from pot
*** SUMMARY ***
Total pot 280 | No rake
Seat 1: C3line333 (big blind) won 280


Winamax Poker - Tournament "Expresso Nitro" buyIn: 0.93€ + 0.07€ level: 2 - HandId: #2689748403268616193-6-1674649572 - Holdem no limit (15/30) - 2023/01/25 12:26:12 UTC
Table: 'Expresso Nitro(626255852)#0' 3-max (real money) Seat #3 is the button
Seat 1: C3line333 (280)
Seat 2: _SKR (330)
Seat 3: MSKN4070 (290)
*** ANTE/BLINDS ***
C3line333 posts small blind 15
_SKR posts big blind 30
Dealt to _SKR [Ad 8d]
*** PRE-FLOP *** 
MSKN4070 calls 30
C3line333 raises 250 to 280 and is all-in
_SKR raises 50 to 330 and is all-in
MSKN4070 calls 260 and is all-in
*** FLOP *** [9s 7d 2s]
*** TURN *** [9s 7d 2s][2d]
*** RIVER *** [9s 7d 2s 2d][4d]
*** SHOW DOWN ***
C3line333 shows [Ks Kc] (Two pairs : Kings and 2)
MSKN4070 shows [Ah 6c] (One pair : 2)
_SKR shows [Ad 8d] (Flush Ace high)
_SKR collected 900 from pot
*** SUMMARY ***
Total pot 900 | No rake
Board: [9s 7d 2s 2d 4d]
Seat 1: C3line333 (small blind) showed [Ks Kc] and lost with Two pairs : Kings and 2
Seat 2: _SKR (big blind) showed [Ad 8d] and won 900 with Flush Ace high
Seat 3: MSKN4070 (button) showed [Ah 6c] and lost with One pair : 2


