Winamax Poker - Tournament "Expresso Nitro" buyIn: 0.93€ + 0.07€ level: 1 - HandId: #2674112330014392321-1-1673701529 - Holdem no limit (10/20) - 2023/01/14 13:05:29 UTC
Table: 'Expresso Nitro(622615295)#0' 3-max (real money) Seat #3 is the button
Seat 1: _SKR (300)
Seat 2: Anthoback (300)
Seat 3: Ti62Jean (300)
*** ANTE/BLINDS ***
_SKR posts small blind 10
Anthoback posts big blind 20
Dealt to _SKR [9d 6d]
*** PRE-FLOP *** 
Ti62Jean raises 280 to 300 and is all-in
_SKR folds
Anthoback folds
Ti62Jean collected 330 from pot
*** SUMMARY ***
Total pot 330 | No rake
Seat 3: Ti62Jean (button) won 330


Winamax Poker - Tournament "Expresso Nitro" buyIn: 0.93€ + 0.07€ level: 1 - HandId: #2674112330014392321-2-1673701543 - Holdem no limit (10/20) - 2023/01/14 13:05:43 UTC
Table: 'Expresso Nitro(622615295)#0' 3-max (real money) Seat #1 is the button
Seat 1: _SKR (290)
Seat 2: Anthoback (280)
Seat 3: Ti62Jean (330)
*** ANTE/BLINDS ***
Anthoback posts small blind 10
Ti62Jean posts big blind 20
Dealt to _SKR [8s 3d]
*** PRE-FLOP *** 
_SKR folds
Anthoback calls 10
Ti62Jean raises 310 to 330 and is all-in
Anthoback folds
Ti62Jean collected 350 from pot
*** SUMMARY ***
Total pot 350 | No rake
Seat 3: Ti62Jean (big blind) won 350


Winamax Poker - Tournament "Expresso Nitro" buyIn: 0.93€ + 0.07€ level: 1 - HandId: #2674112330014392321-3-1673701556 - Holdem no limit (10/20) - 2023/01/14 13:05:56 UTC
Table: 'Expresso Nitro(622615295)#0' 3-max (real money) Seat #2 is the button
Seat 1: _SKR (290)
Seat 2: Anthoback (260)
Seat 3: Ti62Jean (350)
*** ANTE/BLINDS ***
Ti62Jean posts small blind 10
_SKR posts big blind 20
Dealt to _SKR [6s 4s]
*** PRE-FLOP *** 
Anthoback folds
Ti62Jean calls 10
_SKR checks
*** FLOP *** [7c 6d 2d]
Ti62Jean checks
_SKR bets 20
Ti62Jean calls 20
*** TURN *** [7c 6d 2d][5c]
Ti62Jean bets 80
_SKR folds
Ti62Jean collected 160 from pot
*** SUMMARY ***
Total pot 160 | No rake
Board: [7c 6d 2d 5c]
Seat 3: Ti62Jean (small blind) won 160


Winamax Poker - Tournament "Expresso Nitro" buyIn: 0.93€ + 0.07€ level: 2 - HandId: #2674112330014392321-4-1673701591 - Holdem no limit (15/30) - 2023/01/14 13:06:31 UTC
Table: 'Expresso Nitro(622615295)#0' 3-max (real money) Seat #3 is the button
Seat 1: _SKR (250)
Seat 2: Anthoback (260)
Seat 3: Ti62Jean (390)
*** ANTE/BLINDS ***
_SKR posts small blind 15
Anthoback posts big blind 30
Dealt to _SKR [9d Kc]
*** PRE-FLOP *** 
Ti62Jean folds
_SKR raises 220 to 250 and is all-in
Anthoback folds
_SKR collected 280 from pot
*** SUMMARY ***
Total pot 280 | No rake
Seat 1: _SKR (small blind) won 280


Winamax Poker - Tournament "Expresso Nitro" buyIn: 0.93€ + 0.07€ level: 2 - HandId: #2674112330014392321-5-1673701605 - Holdem no limit (15/30) - 2023/01/14 13:06:45 UTC
Table: 'Expresso Nitro(622615295)#0' 3-max (real money) Seat #1 is the button
Seat 1: _SKR (280)
Seat 2: Anthoback (230)
Seat 3: Ti62Jean (390)
*** ANTE/BLINDS ***
Anthoback posts small blind 15
Ti62Jean posts big blind 30
Dealt to _SKR [Qd 5c]
*** PRE-FLOP *** 
_SKR folds
Anthoback calls 15
Ti62Jean raises 360 to 390 and is all-in
Anthoback folds
Ti62Jean collected 420 from pot
*** SUMMARY ***
Total pot 420 | No rake
Seat 3: Ti62Jean (big blind) won 420


Winamax Poker - Tournament "Expresso Nitro" buyIn: 0.93€ + 0.07€ level: 2 - HandId: #2674112330014392321-6-1673701618 - Holdem no limit (15/30) - 2023/01/14 13:06:58 UTC
Table: 'Expresso Nitro(622615295)#0' 3-max (real money) Seat #2 is the button
Seat 1: _SKR (280)
Seat 2: Anthoback (200)
Seat 3: Ti62Jean (420)
*** ANTE/BLINDS ***
Ti62Jean posts small blind 15
_SKR posts big blind 30
Dealt to _SKR [9s 2d]
*** PRE-FLOP *** 
Anthoback calls 30
Ti62Jean calls 15
_SKR checks
*** FLOP *** [Qs Ks Ts]
Ti62Jean checks
_SKR checks
Anthoback checks
*** TURN *** [Qs Ks Ts][7c]
Ti62Jean bets 30
_SKR folds
Anthoback folds
Ti62Jean collected 120 from pot
*** SUMMARY ***
Total pot 120 | No rake
Board: [Qs Ks Ts 7c]
Seat 3: Ti62Jean (small blind) won 120


Winamax Poker - Tournament "Expresso Nitro" buyIn: 0.93€ + 0.07€ level: 3 - HandId: #2674112330014392321-7-1673701657 - Holdem no limit (20/40) - 2023/01/14 13:07:37 UTC
Table: 'Expresso Nitro(622615295)#0' 3-max (real money) Seat #3 is the button
Seat 1: _SKR (250)
Seat 2: Anthoback (170)
Seat 3: Ti62Jean (480)
*** ANTE/BLINDS ***
_SKR posts small blind 20
Anthoback posts big blind 40
Dealt to _SKR [Tc Jc]
*** PRE-FLOP *** 
Ti62Jean folds
_SKR raises 210 to 250 and is all-in
Anthoback calls 130 and is all-in
*** FLOP *** [As Qs 3d]
*** TURN *** [As Qs 3d][4h]
*** RIVER *** [As Qs 3d 4h][6d]
*** SHOW DOWN ***
_SKR shows [Tc Jc] (High card : Ace)
Anthoback shows [Kc 3c] (One pair : 3)
Anthoback collected 340 from main pot
_SKR collected 80 from side pot 1
*** SUMMARY ***
Total pot 420 | No rake
Board: [As Qs 3d 4h 6d]
Seat 1: _SKR (small blind) showed [Tc Jc] and won 80 with High card : Ace
Seat 2: Anthoback (big blind) showed [Kc 3c] and won 340 with One pair : 3


Winamax Poker - Tournament "Expresso Nitro" buyIn: 0.93€ + 0.07€ level: 3 - HandId: #2674112330014392321-8-1673701671 - Holdem no limit (20/40) - 2023/01/14 13:07:51 UTC
Table: 'Expresso Nitro(622615295)#0' 3-max (real money) Seat #1 is the button
Seat 1: _SKR (80)
Seat 2: Anthoback (340)
Seat 3: Ti62Jean (480)
*** ANTE/BLINDS ***
Anthoback posts small blind 20
Ti62Jean posts big blind 40
Dealt to _SKR [2h 8d]
*** PRE-FLOP *** 
_SKR folds
Anthoback folds
Ti62Jean collected 60 from pot
*** SUMMARY ***
Total pot 60 | No rake
Seat 3: Ti62Jean (big blind) won 60


Winamax Poker - Tournament "Expresso Nitro" buyIn: 0.93€ + 0.07€ level: 3 - HandId: #2674112330014392321-9-1673701676 - Holdem no limit (20/40) - 2023/01/14 13:07:56 UTC
Table: 'Expresso Nitro(622615295)#0' 3-max (real money) Seat #2 is the button
Seat 1: _SKR (80)
Seat 2: Anthoback (320)
Seat 3: Ti62Jean (500)
*** ANTE/BLINDS ***
Ti62Jean posts small blind 20
_SKR posts big blind 40
Dealt to _SKR [7d 8c]
*** PRE-FLOP *** 
Anthoback folds
Ti62Jean raises 460 to 500 and is all-in
_SKR calls 40 and is all-in
*** FLOP *** [2c 6h 2s]
*** TURN *** [2c 6h 2s][7s]
*** RIVER *** [2c 6h 2s 7s][2d]
*** SHOW DOWN ***
_SKR shows [7d 8c] (Full of 2 and 7)
Ti62Jean shows [6d Ad] (Full of 2 and 6)
Ti62Jean collected 420 from side pot 1
_SKR collected 160 from main pot
*** SUMMARY ***
Total pot 580 | No rake
Board: [2c 6h 2s 7s 2d]
Seat 1: _SKR (big blind) showed [7d 8c] and won 160 with Full of 2 and 7
Seat 3: Ti62Jean (small blind) showed [6d Ad] and won 420 with Full of 2 and 6


Winamax Poker - Tournament "Expresso Nitro" buyIn: 0.93€ + 0.07€ level: 3 - HandId: #2674112330014392321-10-1673701693 - Holdem no limit (20/40) - 2023/01/14 13:08:13 UTC
Table: 'Expresso Nitro(622615295)#0' 3-max (real money) Seat #3 is the button
Seat 1: _SKR (160)
Seat 2: Anthoback (320)
Seat 3: Ti62Jean (420)
*** ANTE/BLINDS ***
_SKR posts small blind 20
Anthoback posts big blind 40
Dealt to _SKR [Tc 5c]
*** PRE-FLOP *** 
Ti62Jean raises 380 to 420 and is all-in
_SKR folds
Anthoback folds
Ti62Jean collected 480 from pot
*** SUMMARY ***
Total pot 480 | No rake
Seat 3: Ti62Jean (button) won 480


Winamax Poker - Tournament "Expresso Nitro" buyIn: 0.93€ + 0.07€ level: 4 - HandId: #2674112330014392321-11-1673701706 - Holdem no limit (30/60) - 2023/01/14 13:08:26 UTC
Table: 'Expresso Nitro(622615295)#0' 3-max (real money) Seat #1 is the button
Seat 1: _SKR (140)
Seat 2: Anthoback (280)
Seat 3: Ti62Jean (480)
*** ANTE/BLINDS ***
Anthoback posts small blind 30
Ti62Jean posts big blind 60
Dealt to _SKR [Qs 6s]
*** PRE-FLOP *** 
_SKR raises 80 to 140 and is all-in
Anthoback folds
Ti62Jean raises 80 to 220
*** FLOP *** [3c 2d 6h]
*** TURN *** [3c 2d 6h][Jd]
*** RIVER *** [3c 2d 6h Jd][6c]
*** SHOW DOWN ***
_SKR shows [Qs 6s] (Trips of 6)
Ti62Jean shows [8d Ah] (One pair : 6)
Ti62Jean collected 80 from side pot 1
_SKR collected 310 from main pot
*** SUMMARY ***
Total pot 390 | No rake
Board: [3c 2d 6h Jd 6c]
Seat 1: _SKR (button) showed [Qs 6s] and won 310 with Trips of 6
Seat 3: Ti62Jean (big blind) showed [8d Ah] and won 80 with One pair : 6


Winamax Poker - Tournament "Expresso Nitro" buyIn: 0.93€ + 0.07€ level: 4 - HandId: #2674112330014392321-12-1673701723 - Holdem no limit (30/60) - 2023/01/14 13:08:43 UTC
Table: 'Expresso Nitro(622615295)#0' 3-max (real money) Seat #2 is the button
Seat 1: _SKR (310)
Seat 2: Anthoback (250)
Seat 3: Ti62Jean (340)
*** ANTE/BLINDS ***
Ti62Jean posts small blind 30
_SKR posts big blind 60
Dealt to _SKR [7s Ts]
*** PRE-FLOP *** 
Anthoback raises 190 to 250 and is all-in
Ti62Jean raises 90 to 340 and is all-in
_SKR folds
*** FLOP *** [2c 3d As]
*** TURN *** [2c 3d As][Js]
*** RIVER *** [2c 3d As Js][Td]
*** SHOW DOWN ***
Anthoback shows [Ac Th] (Two pairs : Aces and Tens)
Ti62Jean shows [6h 5c] (High card : Ace)
Ti62Jean collected 90 from side pot 1
Anthoback collected 560 from main pot
*** SUMMARY ***
Total pot 650 | No rake
Board: [2c 3d As Js Td]
Seat 2: Anthoback (button) showed [Ac Th] and won 560 with Two pairs : Aces and Tens
Seat 3: Ti62Jean (small blind) showed [6h 5c] and won 90 with High card : Ace


Winamax Poker - Tournament "Expresso Nitro" buyIn: 0.93€ + 0.07€ level: 4 - HandId: #2674112330014392321-13-1673701738 - Holdem no limit (30/60) - 2023/01/14 13:08:58 UTC
Table: 'Expresso Nitro(622615295)#0' 3-max (real money) Seat #3 is the button
Seat 1: _SKR (250)
Seat 2: Anthoback (560)
Seat 3: Ti62Jean (90)
*** ANTE/BLINDS ***
_SKR posts small blind 30
Anthoback posts big blind 60
Dealt to _SKR [5d 4c]
*** PRE-FLOP *** 
Ti62Jean raises 30 to 90 and is all-in
_SKR folds
Anthoback calls 30
*** FLOP *** [2s As Kd]
*** TURN *** [2s As Kd][Kc]
*** RIVER *** [2s As Kd Kc][8c]
*** SHOW DOWN ***
Anthoback shows [Ts 6s] (One pair : Kings)
Ti62Jean shows [Ad Kh] (Full of Kings and Aces)
Ti62Jean collected 210 from pot
*** SUMMARY ***
Total pot 210 | No rake
Board: [2s As Kd Kc 8c]
Seat 2: Anthoback (big blind) showed [Ts 6s] and lost with One pair : Kings
Seat 3: Ti62Jean (button) showed [Ad Kh] and won 210 with Full of Kings and Aces


Winamax Poker - Tournament "Expresso Nitro" buyIn: 0.93€ + 0.07€ level: 4 - HandId: #2674112330014392321-14-1673701762 - Holdem no limit (30/60) - 2023/01/14 13:09:22 UTC
Table: 'Expresso Nitro(622615295)#0' 3-max (real money) Seat #1 is the button
Seat 1: _SKR (220)
Seat 2: Anthoback (470)
Seat 3: Ti62Jean (210)
*** ANTE/BLINDS ***
Anthoback posts small blind 30
Ti62Jean posts big blind 60
Dealt to _SKR [7h Ac]
*** PRE-FLOP *** 
_SKR raises 160 to 220 and is all-in
Anthoback calls 190
Ti62Jean calls 150 and is all-in
*** FLOP *** [Qc 9d 6d]
*** TURN *** [Qc 9d 6d][5s]
*** RIVER *** [Qc 9d 6d 5s][7d]
*** SHOW DOWN ***
_SKR shows [7h Ac] (One pair : 7)
Anthoback shows [8d 8s] (Straight 9 high)
Ti62Jean shows [4c 8h] (Straight 9 high)
Ti62Jean collected 315 from main pot
Anthoback collected 335 from side pot 1
*** SUMMARY ***
Total pot 650 | No rake
Board: [Qc 9d 6d 5s 7d]
Seat 1: _SKR (button) showed [7h Ac] and lost with One pair : 7
Seat 2: Anthoback (small blind) showed [8d 8s] and won 335 with Straight 9 high
Seat 3: Ti62Jean (big blind) showed [4c 8h] and won 315 with Straight 9 high


