Winamax Poker - Tournament "Expresso Nitro" buyIn: 0.93€ + 0.07€ level: 1 - HandId: #2718622145549697025-1-1676292108 - Holdem no limit (10/20) - 2023/02/13 12:41:48 UTC
Table: 'Expresso Nitro(632978544)#0' 3-max (real money) Seat #2 is the button
Seat 1: _SKR (300)
Seat 2: Full one As (300)
Seat 3: javito111 (300)
*** ANTE/BLINDS ***
javito111 posts small blind 10
_SKR posts big blind 20
Dealt to _SKR [Qd 5c]
*** PRE-FLOP *** 
Full one As folds
javito111 folds
_SKR collected 30 from pot
*** SUMMARY ***
Total pot 30 | No rake
Seat 1: _SKR (big blind) won 30


Winamax Poker - Tournament "Expresso Nitro" buyIn: 0.93€ + 0.07€ level: 1 - HandId: #2718622145549697025-2-1676292125 - Holdem no limit (10/20) - 2023/02/13 12:42:05 UTC
Table: 'Expresso Nitro(632978544)#0' 3-max (real money) Seat #3 is the button
Seat 1: _SKR (310)
Seat 2: Full one As (300)
Seat 3: javito111 (290)
*** ANTE/BLINDS ***
_SKR posts small blind 10
Full one As posts big blind 20
Dealt to _SKR [2d 2s]
*** PRE-FLOP *** 
javito111 raises 20 to 40
_SKR folds
Full one As calls 20
*** FLOP *** [Kc 6d 5h]
Full one As checks
javito111 bets 31
Full one As calls 31
*** TURN *** [Kc 6d 5h][4d]
Full one As bets 20
javito111 calls 20
*** RIVER *** [Kc 6d 5h 4d][2h]
Full one As bets 209 and is all-in
javito111 folds
Full one As collected 401 from pot
*** SUMMARY ***
Total pot 401 | No rake
Board: [Kc 6d 5h 4d 2h]
Seat 2: Full one As (big blind) won 401


Winamax Poker - Tournament "Expresso Nitro" buyIn: 0.93€ + 0.07€ level: 2 - HandId: #2718622145549697025-3-1676292166 - Holdem no limit (15/30) - 2023/02/13 12:42:46 UTC
Table: 'Expresso Nitro(632978544)#0' 3-max (real money) Seat #1 is the button
Seat 1: _SKR (300)
Seat 2: Full one As (401)
Seat 3: javito111 (199)
*** ANTE/BLINDS ***
Full one As posts small blind 15
javito111 posts big blind 30
Dealt to _SKR [Ah 5d]
*** PRE-FLOP *** 
_SKR raises 270 to 300 and is all-in
Full one As folds
javito111 folds
_SKR collected 345 from pot
*** SUMMARY ***
Total pot 345 | No rake
Seat 1: _SKR (button) won 345


Winamax Poker - Tournament "Expresso Nitro" buyIn: 0.93€ + 0.07€ level: 2 - HandId: #2718622145549697025-4-1676292176 - Holdem no limit (15/30) - 2023/02/13 12:42:56 UTC
Table: 'Expresso Nitro(632978544)#0' 3-max (real money) Seat #2 is the button
Seat 1: _SKR (345)
Seat 2: Full one As (386)
Seat 3: javito111 (169)
*** ANTE/BLINDS ***
javito111 posts small blind 15
_SKR posts big blind 30
Dealt to _SKR [3c Kd]
*** PRE-FLOP *** 
Full one As folds
javito111 folds
_SKR collected 45 from pot
*** SUMMARY ***
Total pot 45 | No rake
Seat 1: _SKR (big blind) won 45


Winamax Poker - Tournament "Expresso Nitro" buyIn: 0.93€ + 0.07€ level: 2 - HandId: #2718622145549697025-5-1676292190 - Holdem no limit (15/30) - 2023/02/13 12:43:10 UTC
Table: 'Expresso Nitro(632978544)#0' 3-max (real money) Seat #3 is the button
Seat 1: _SKR (360)
Seat 2: Full one As (386)
Seat 3: javito111 (154)
*** ANTE/BLINDS ***
_SKR posts small blind 15
Full one As posts big blind 30
Dealt to _SKR [Js Ts]
*** PRE-FLOP *** 
javito111 folds
_SKR calls 15
Full one As raises 356 to 386 and is all-in
_SKR folds
Full one As collected 416 from pot
*** SUMMARY ***
Total pot 416 | No rake
Seat 2: Full one As (big blind) won 416


Winamax Poker - Tournament "Expresso Nitro" buyIn: 0.93€ + 0.07€ level: 2 - HandId: #2718622145549697025-6-1676292203 - Holdem no limit (15/30) - 2023/02/13 12:43:23 UTC
Table: 'Expresso Nitro(632978544)#0' 3-max (real money) Seat #1 is the button
Seat 1: _SKR (330)
Seat 2: Full one As (416)
Seat 3: javito111 (154)
*** ANTE/BLINDS ***
Full one As posts small blind 15
javito111 posts big blind 30
Dealt to _SKR [Ts Jc]
*** PRE-FLOP *** 
_SKR folds
Full one As calls 15
javito111 checks
*** FLOP *** [3s Td 5h]
Full one As checks
javito111 bets 124 and is all-in
Full one As calls 124
*** TURN *** [3s Td 5h][9h]
*** RIVER *** [3s Td 5h 9h][Ad]
*** SHOW DOWN ***
Full one As shows [Jh Tc] (One pair : Tens)
javito111 shows [9d 3h] (Two pairs : 9 and 3)
javito111 collected 308 from pot
*** SUMMARY ***
Total pot 308 | No rake
Board: [3s Td 5h 9h Ad]
Seat 2: Full one As (small blind) showed [Jh Tc] and lost with One pair : Tens
Seat 3: javito111 (big blind) showed [9d 3h] and won 308 with Two pairs : 9 and 3


Winamax Poker - Tournament "Expresso Nitro" buyIn: 0.93€ + 0.07€ level: 3 - HandId: #2718622145549697025-7-1676292227 - Holdem no limit (20/40) - 2023/02/13 12:43:47 UTC
Table: 'Expresso Nitro(632978544)#0' 3-max (real money) Seat #2 is the button
Seat 1: _SKR (330)
Seat 2: Full one As (262)
Seat 3: javito111 (308)
*** ANTE/BLINDS ***
javito111 posts small blind 20
_SKR posts big blind 40
Dealt to _SKR [4h Js]
*** PRE-FLOP *** 
Full one As folds
javito111 raises 268 to 308 and is all-in
_SKR folds
javito111 collected 348 from pot
*** SUMMARY ***
Total pot 348 | No rake
Seat 3: javito111 (small blind) won 348


Winamax Poker - Tournament "Expresso Nitro" buyIn: 0.93€ + 0.07€ level: 3 - HandId: #2718622145549697025-8-1676292236 - Holdem no limit (20/40) - 2023/02/13 12:43:56 UTC
Table: 'Expresso Nitro(632978544)#0' 3-max (real money) Seat #3 is the button
Seat 1: _SKR (290)
Seat 2: Full one As (262)
Seat 3: javito111 (348)
*** ANTE/BLINDS ***
_SKR posts small blind 20
Full one As posts big blind 40
Dealt to _SKR [Ah 3h]
*** PRE-FLOP *** 
javito111 raises 40 to 80
_SKR raises 210 to 290 and is all-in
Full one As folds
javito111 calls 210
*** FLOP *** [Kh 4c Qs]
*** TURN *** [Kh 4c Qs][5d]
*** RIVER *** [Kh 4c Qs 5d][5c]
*** SHOW DOWN ***
javito111 shows [9s 8s] (One pair : 5)
_SKR shows [Ah 3h] (One pair : 5)
_SKR collected 620 from pot
*** SUMMARY ***
Total pot 620 | No rake
Board: [Kh 4c Qs 5d 5c]
Seat 1: _SKR (small blind) showed [Ah 3h] and won 620 with One pair : 5
Seat 3: javito111 (button) showed [9s 8s] and lost with One pair : 5


Winamax Poker - Tournament "Expresso Nitro" buyIn: 0.93€ + 0.07€ level: 3 - HandId: #2718622145549697025-9-1676292260 - Holdem no limit (20/40) - 2023/02/13 12:44:20 UTC
Table: 'Expresso Nitro(632978544)#0' 3-max (real money) Seat #1 is the button
Seat 1: _SKR (620)
Seat 2: Full one As (222)
Seat 3: javito111 (58)
*** ANTE/BLINDS ***
Full one As posts small blind 20
javito111 posts big blind 40
Dealt to _SKR [9c 2d]
*** PRE-FLOP *** 
_SKR folds
Full one As raises 182 to 222 and is all-in
javito111 calls 18 and is all-in
*** FLOP *** [6h Jh 4s]
*** TURN *** [6h Jh 4s][Js]
*** RIVER *** [6h Jh 4s Js][3c]
*** SHOW DOWN ***
javito111 shows [Ah 8d] (One pair : Jacks)
Full one As shows [Ks 4c] (Two pairs : Jacks and 4)
Full one As collected 280 from pot
*** SUMMARY ***
Total pot 280 | No rake
Board: [6h Jh 4s Js 3c]
Seat 2: Full one As (small blind) showed [Ks 4c] and won 280 with Two pairs : Jacks and 4
Seat 3: javito111 (big blind) showed [Ah 8d] and lost with One pair : Jacks


Winamax Poker - Tournament "Expresso Nitro" buyIn: 0.93€ + 0.07€ level: 3 - HandId: #2718622145549697025-10-1676292275 - Holdem no limit (20/40) - 2023/02/13 12:44:35 UTC
Table: 'Expresso Nitro(632978544)#0' 3-max (real money) Seat #1 is the button
Seat 1: _SKR (620)
Seat 2: Full one As (280)
*** ANTE/BLINDS ***
_SKR posts small blind 20
Full one As posts big blind 40
Dealt to _SKR [8s Qc]
*** PRE-FLOP *** 
_SKR raises 580 to 620 and is all-in
Full one As folds
_SKR collected 660 from pot
*** SUMMARY ***
Total pot 660 | No rake
Seat 1: _SKR (small blind) (button) won 660


Winamax Poker - Tournament "Expresso Nitro" buyIn: 0.93€ + 0.07€ level: 3 - HandId: #2718622145549697025-11-1676292282 - Holdem no limit (20/40) - 2023/02/13 12:44:42 UTC
Table: 'Expresso Nitro(632978544)#0' 3-max (real money) Seat #2 is the button
Seat 1: _SKR (660)
Seat 2: Full one As (240)
*** ANTE/BLINDS ***
Full one As posts small blind 20
_SKR posts big blind 40
Dealt to _SKR [Ks 3s]
*** PRE-FLOP *** 
Full one As calls 20
_SKR raises 620 to 660 and is all-in
Full one As calls 200 and is all-in
*** FLOP *** [Kh As 8c]
*** TURN *** [Kh As 8c][4d]
*** RIVER *** [Kh As 8c 4d][Qc]
*** SHOW DOWN ***
_SKR shows [Ks 3s] (One pair : Kings)
Full one As shows [Ad Qh] (Two pairs : Aces and Queens)
Full one As collected 480 from main pot
_SKR collected 420 from side pot 1
*** SUMMARY ***
Total pot 900 | No rake
Board: [Kh As 8c 4d Qc]
Seat 1: _SKR (big blind) showed [Ks 3s] and won 420 with One pair : Kings
Seat 2: Full one As (small blind) (button) showed [Ad Qh] and won 480 with Two pairs : Aces and Queens


Winamax Poker - Tournament "Expresso Nitro" buyIn: 0.93€ + 0.07€ level: 4 - HandId: #2718622145549697025-12-1676292297 - Holdem no limit (30/60) - 2023/02/13 12:44:57 UTC
Table: 'Expresso Nitro(632978544)#0' 3-max (real money) Seat #1 is the button
Seat 1: _SKR (420)
Seat 2: Full one As (480)
*** ANTE/BLINDS ***
_SKR posts small blind 30
Full one As posts big blind 60
Dealt to _SKR [2h 8d]
*** PRE-FLOP *** 
_SKR folds
Full one As collected 90 from pot
*** SUMMARY ***
Total pot 90 | No rake
Seat 2: Full one As (big blind) won 90


Winamax Poker - Tournament "Expresso Nitro" buyIn: 0.93€ + 0.07€ level: 4 - HandId: #2718622145549697025-13-1676292308 - Holdem no limit (30/60) - 2023/02/13 12:45:08 UTC
Table: 'Expresso Nitro(632978544)#0' 3-max (real money) Seat #2 is the button
Seat 1: _SKR (390)
Seat 2: Full one As (510)
*** ANTE/BLINDS ***
Full one As posts small blind 30
_SKR posts big blind 60
Dealt to _SKR [7s Qc]
*** PRE-FLOP *** 
Full one As raises 450 to 510 and is all-in
_SKR calls 330 and is all-in
*** FLOP *** [9h 8s 8c]
*** TURN *** [9h 8s 8c][5d]
*** RIVER *** [9h 8s 8c 5d][2d]
*** SHOW DOWN ***
_SKR shows [7s Qc] (One pair : 8)
Full one As shows [3d Jh] (One pair : 8)
Full one As collected 120 from side pot 1
_SKR collected 780 from main pot
*** SUMMARY ***
Total pot 900 | No rake
Board: [9h 8s 8c 5d 2d]
Seat 1: _SKR (big blind) showed [7s Qc] and won 780 with One pair : 8
Seat 2: Full one As (small blind) (button) showed [3d Jh] and won 120 with One pair : 8


Winamax Poker - Tournament "Expresso Nitro" buyIn: 0.93€ + 0.07€ level: 4 - HandId: #2718622145549697025-14-1676292323 - Holdem no limit (30/60) - 2023/02/13 12:45:23 UTC
Table: 'Expresso Nitro(632978544)#0' 3-max (real money) Seat #1 is the button
Seat 1: _SKR (780)
Seat 2: Full one As (120)
*** ANTE/BLINDS ***
_SKR posts small blind 30
Full one As posts big blind 60
Dealt to _SKR [9h 7h]
*** PRE-FLOP *** 
_SKR raises 720 to 780 and is all-in
Full one As calls 60 and is all-in
*** FLOP *** [8h Ac Qs]
*** TURN *** [8h Ac Qs][3d]
*** RIVER *** [8h Ac Qs 3d][8c]
*** SHOW DOWN ***
Full one As shows [4c 7s] (One pair : 8)
_SKR shows [9h 7h] (One pair : 8)
_SKR collected 900 from pot
*** SUMMARY ***
Total pot 900 | No rake
Board: [8h Ac Qs 3d 8c]
Seat 1: _SKR (small blind) (button) showed [9h 7h] and won 900 with One pair : 8
Seat 2: Full one As (big blind) showed [4c 7s] and lost with One pair : 8


