Winamax Poker - Tournament "Expresso Nitro" buyIn: 0.93€ + 0.07€ level: 1 - HandId: #2661558574399881217-1-1673018935 - Holdem no limit (10/20) - 2023/01/06 15:28:55 UTC
Table: 'Expresso Nitro(619692396)#0' 3-max (real money) Seat #2 is the button
Seat 1: Taisy (300)
Seat 2: _SKR (300)
Seat 3: Fran14380 (300)
*** ANTE/BLINDS ***
Fran14380 posts small blind 10
Taisy posts big blind 20
Dealt to _SKR [2h 3d]
*** PRE-FLOP *** 
_SKR folds
Fran14380 raises 40 to 60
Taisy folds
Fran14380 collected 80 from pot
*** SUMMARY ***
Total pot 80 | No rake
Seat 3: Fran14380 (small blind) won 80


Winamax Poker - Tournament "Expresso Nitro" buyIn: 0.93€ + 0.07€ level: 1 - HandId: #2661558574399881217-2-1673018943 - Holdem no limit (10/20) - 2023/01/06 15:29:03 UTC
Table: 'Expresso Nitro(619692396)#0' 3-max (real money) Seat #3 is the button
Seat 1: Taisy (280)
Seat 2: _SKR (300)
Seat 3: Fran14380 (320)
*** ANTE/BLINDS ***
Taisy posts small blind 10
_SKR posts big blind 20
Dealt to _SKR [Qs 9d]
*** PRE-FLOP *** 
Fran14380 calls 20
Taisy folds
_SKR checks
*** FLOP *** [Ks 4h Th]
_SKR checks
Fran14380 bets 50
_SKR folds
Fran14380 collected 100 from pot
*** SUMMARY ***
Total pot 100 | No rake
Board: [Ks 4h Th]
Seat 3: Fran14380 (button) won 100


Winamax Poker - Tournament "Expresso Nitro" buyIn: 0.93€ + 0.07€ level: 1 - HandId: #2661558574399881217-3-1673018957 - Holdem no limit (10/20) - 2023/01/06 15:29:17 UTC
Table: 'Expresso Nitro(619692396)#0' 3-max (real money) Seat #1 is the button
Seat 1: Taisy (270)
Seat 2: _SKR (280)
Seat 3: Fran14380 (350)
*** ANTE/BLINDS ***
_SKR posts small blind 10
Fran14380 posts big blind 20
Dealt to _SKR [9s 9h]
*** PRE-FLOP *** 
Taisy calls 20
_SKR raises 260 to 280 and is all-in
Fran14380 folds
Taisy folds
_SKR collected 320 from pot
*** SUMMARY ***
Total pot 320 | No rake
Seat 2: _SKR (small blind) won 320


Winamax Poker - Tournament "Expresso Nitro" buyIn: 0.93€ + 0.07€ level: 1 - HandId: #2661558574399881217-4-1673018968 - Holdem no limit (10/20) - 2023/01/06 15:29:28 UTC
Table: 'Expresso Nitro(619692396)#0' 3-max (real money) Seat #2 is the button
Seat 1: Taisy (250)
Seat 2: _SKR (320)
Seat 3: Fran14380 (330)
*** ANTE/BLINDS ***
Fran14380 posts small blind 10
Taisy posts big blind 20
Dealt to _SKR [7d Kd]
*** PRE-FLOP *** 
_SKR raises 20 to 40
Fran14380 calls 30
Taisy raises 20 to 60
_SKR calls 20
Fran14380 calls 20
*** FLOP *** [2d Tc Ac]
Fran14380 checks
Taisy bets 20
_SKR folds
Fran14380 folds
Taisy collected 200 from pot
*** SUMMARY ***
Total pot 200 | No rake
Board: [2d Tc Ac]
Seat 1: Taisy (big blind) won 200


Winamax Poker - Tournament "Expresso Nitro" buyIn: 0.93€ + 0.07€ level: 2 - HandId: #2661558574399881217-5-1673019009 - Holdem no limit (15/30) - 2023/01/06 15:30:09 UTC
Table: 'Expresso Nitro(619692396)#0' 3-max (real money) Seat #3 is the button
Seat 1: Taisy (370)
Seat 2: _SKR (260)
Seat 3: Fran14380 (270)
*** ANTE/BLINDS ***
Taisy posts small blind 15
_SKR posts big blind 30
Dealt to _SKR [3h Qd]
*** PRE-FLOP *** 
Fran14380 calls 30
Taisy folds
_SKR checks
*** FLOP *** [7h 2c Js]
_SKR checks
Fran14380 checks
*** TURN *** [7h 2c Js][5h]
_SKR checks
Fran14380 checks
*** RIVER *** [7h 2c Js 5h][Ac]
_SKR checks
Fran14380 checks
*** SHOW DOWN ***
_SKR shows [3h Qd] (High card : Ace)
Fran14380 shows [Kh 4c] (High card : Ace)
Fran14380 collected 75 from pot
*** SUMMARY ***
Total pot 75 | No rake
Board: [7h 2c Js 5h Ac]
Seat 2: _SKR (big blind) showed [3h Qd] and lost with High card : Ace
Seat 3: Fran14380 (button) showed [Kh 4c] and won 75 with High card : Ace


Winamax Poker - Tournament "Expresso Nitro" buyIn: 0.93€ + 0.07€ level: 2 - HandId: #2661558574399881217-6-1673019040 - Holdem no limit (15/30) - 2023/01/06 15:30:40 UTC
Table: 'Expresso Nitro(619692396)#0' 3-max (real money) Seat #1 is the button
Seat 1: Taisy (355)
Seat 2: _SKR (230)
Seat 3: Fran14380 (315)
*** ANTE/BLINDS ***
_SKR posts small blind 15
Fran14380 posts big blind 30
Dealt to _SKR [4d Th]
*** PRE-FLOP *** 
Taisy calls 30
_SKR folds
Fran14380 checks
*** FLOP *** [4h 5c 9d]
Fran14380 checks
Taisy checks
*** TURN *** [4h 5c 9d][3h]
Fran14380 checks
Taisy checks
*** RIVER *** [4h 5c 9d 3h][7s]
Fran14380 checks
Taisy checks
*** SHOW DOWN ***
Fran14380 shows [Ks 8c] (High card : King)
Taisy shows [6c Jc] (Straight 7 high)
Taisy collected 75 from pot
*** SUMMARY ***
Total pot 75 | No rake
Board: [4h 5c 9d 3h 7s]
Seat 1: Taisy (button) showed [6c Jc] and won 75 with Straight 7 high
Seat 3: Fran14380 (big blind) showed [Ks 8c] and lost with High card : King


Winamax Poker - Tournament "Expresso Nitro" buyIn: 0.93€ + 0.07€ level: 3 - HandId: #2661558574399881217-7-1673019066 - Holdem no limit (20/40) - 2023/01/06 15:31:06 UTC
Table: 'Expresso Nitro(619692396)#0' 3-max (real money) Seat #2 is the button
Seat 1: Taisy (400)
Seat 2: _SKR (215)
Seat 3: Fran14380 (285)
*** ANTE/BLINDS ***
Fran14380 posts small blind 20
Taisy posts big blind 40
Dealt to _SKR [6h Kd]
*** PRE-FLOP *** 
_SKR raises 175 to 215 and is all-in
Fran14380 folds
Taisy folds
_SKR collected 275 from pot
*** SUMMARY ***
Total pot 275 | No rake
Seat 2: _SKR (button) won 275


Winamax Poker - Tournament "Expresso Nitro" buyIn: 0.93€ + 0.07€ level: 3 - HandId: #2661558574399881217-8-1673019073 - Holdem no limit (20/40) - 2023/01/06 15:31:13 UTC
Table: 'Expresso Nitro(619692396)#0' 3-max (real money) Seat #3 is the button
Seat 1: Taisy (360)
Seat 2: _SKR (275)
Seat 3: Fran14380 (265)
*** ANTE/BLINDS ***
Taisy posts small blind 20
_SKR posts big blind 40
Dealt to _SKR [6c 6h]
*** PRE-FLOP *** 
Fran14380 folds
Taisy calls 20
_SKR raises 235 to 275 and is all-in
Taisy folds
_SKR collected 315 from pot
*** SUMMARY ***
Total pot 315 | No rake
Seat 2: _SKR (big blind) won 315


Winamax Poker - Tournament "Expresso Nitro" buyIn: 0.93€ + 0.07€ level: 3 - HandId: #2661558574399881217-9-1673019082 - Holdem no limit (20/40) - 2023/01/06 15:31:22 UTC
Table: 'Expresso Nitro(619692396)#0' 3-max (real money) Seat #1 is the button
Seat 1: Taisy (320)
Seat 2: _SKR (315)
Seat 3: Fran14380 (265)
*** ANTE/BLINDS ***
_SKR posts small blind 20
Fran14380 posts big blind 40
Dealt to _SKR [3s 5s]
*** PRE-FLOP *** 
Taisy calls 40
_SKR folds
Fran14380 raises 225 to 265 and is all-in
Taisy raises 55 to 320 and is all-in
*** FLOP *** [9s As Jh]
*** TURN *** [9s As Jh][6s]
*** RIVER *** [9s As Jh 6s][4c]
*** SHOW DOWN ***
Fran14380 shows [Jc Qc] (One pair : Jacks)
Taisy shows [Qd Qh] (One pair : Queens)
Taisy collected 605 from pot
*** SUMMARY ***
Total pot 605 | No rake
Board: [9s As Jh 6s 4c]
Seat 1: Taisy (button) showed [Qd Qh] and won 605 with One pair : Queens
Seat 3: Fran14380 (big blind) showed [Jc Qc] and lost with One pair : Jacks


Winamax Poker - Tournament "Expresso Nitro" buyIn: 0.93€ + 0.07€ level: 3 - HandId: #2661558574399881217-10-1673019102 - Holdem no limit (20/40) - 2023/01/06 15:31:42 UTC
Table: 'Expresso Nitro(619692396)#0' 3-max (real money) Seat #1 is the button
Seat 1: Taisy (605)
Seat 2: _SKR (295)
*** ANTE/BLINDS ***
Taisy posts small blind 20
_SKR posts big blind 40
Dealt to _SKR [Kh Kc]
*** PRE-FLOP *** 
Taisy folds
_SKR collected 60 from pot
*** SUMMARY ***
Total pot 60 | No rake
Seat 2: _SKR (big blind) won 60


Winamax Poker - Tournament "Expresso Nitro" buyIn: 0.93€ + 0.07€ level: 3 - HandId: #2661558574399881217-11-1673019106 - Holdem no limit (20/40) - 2023/01/06 15:31:46 UTC
Table: 'Expresso Nitro(619692396)#0' 3-max (real money) Seat #2 is the button
Seat 1: Taisy (585)
Seat 2: _SKR (315)
*** ANTE/BLINDS ***
_SKR posts small blind 20
Taisy posts big blind 40
Dealt to _SKR [9c Ts]
*** PRE-FLOP *** 
_SKR folds
Taisy collected 60 from pot
*** SUMMARY ***
Total pot 60 | No rake
Seat 1: Taisy (big blind) won 60


Winamax Poker - Tournament "Expresso Nitro" buyIn: 0.93€ + 0.07€ level: 3 - HandId: #2661558574399881217-12-1673019111 - Holdem no limit (20/40) - 2023/01/06 15:31:51 UTC
Table: 'Expresso Nitro(619692396)#0' 3-max (real money) Seat #1 is the button
Seat 1: Taisy (605)
Seat 2: _SKR (295)
*** ANTE/BLINDS ***
Taisy posts small blind 20
_SKR posts big blind 40
Dealt to _SKR [5c 6s]
*** PRE-FLOP *** 
Taisy calls 20
_SKR checks
*** FLOP *** [4s Th 6d]
_SKR checks
Taisy checks
*** TURN *** [4s Th 6d][6h]
_SKR bets 40
Taisy calls 40
*** RIVER *** [4s Th 6d 6h][Td]
_SKR bets 80
Taisy folds
_SKR collected 240 from pot
*** SUMMARY ***
Total pot 240 | No rake
Board: [4s Th 6d 6h Td]
Seat 2: _SKR (big blind) won 240


Winamax Poker - Tournament "Expresso Nitro" buyIn: 0.93€ + 0.07€ level: 4 - HandId: #2661558574399881217-13-1673019132 - Holdem no limit (30/60) - 2023/01/06 15:32:12 UTC
Table: 'Expresso Nitro(619692396)#0' 3-max (real money) Seat #2 is the button
Seat 1: Taisy (525)
Seat 2: _SKR (375)
*** ANTE/BLINDS ***
_SKR posts small blind 30
Taisy posts big blind 60
Dealt to _SKR [5c As]
*** PRE-FLOP *** 
_SKR raises 315 to 375 and is all-in
Taisy raises 150 to 525 and is all-in
*** FLOP *** [3d Qd 2s]
*** TURN *** [3d Qd 2s][6h]
*** RIVER *** [3d Qd 2s 6h][Tc]
*** SHOW DOWN ***
_SKR shows [5c As] (High card : Ace)
Taisy shows [Ac Js] (High card : Ace)
Taisy collected 900 from pot
*** SUMMARY ***
Total pot 900 | No rake
Board: [3d Qd 2s 6h Tc]
Seat 1: Taisy (big blind) showed [Ac Js] and won 900 with High card : Ace
Seat 2: _SKR (small blind) (button) showed [5c As] and lost with High card : Ace


