Winamax Poker - Tournament "Expresso Nitro" buyIn: 0.93€ + 0.07€ level: 1 - HandId: #2671059308346605569-1-1673529033 - Holdem no limit (10/20) - 2023/01/12 13:10:33 UTC
Table: 'Expresso Nitro(621904458)#0' 3-max (real money) Seat #3 is the button
Seat 1: _SKR (300)
Seat 2: Carte3821745 (300)
Seat 3: chatar88580 (300)
*** ANTE/BLINDS ***
_SKR posts small blind 10
Carte3821745 posts big blind 20
Dealt to _SKR [6c 8s]
*** PRE-FLOP *** 
chatar88580 raises 280 to 300 and is all-in
_SKR folds
Carte3821745 calls 280 and is all-in
*** FLOP *** [3h 7h Ts]
*** TURN *** [3h 7h Ts][4s]
*** RIVER *** [3h 7h Ts 4s][As]
*** SHOW DOWN ***
Carte3821745 shows [Qh Tc] (One pair : Tens)
chatar88580 shows [Ac Qs] (One pair : Aces)
chatar88580 collected 610 from pot
*** SUMMARY ***
Total pot 610 | No rake
Board: [3h 7h Ts 4s As]
Seat 2: Carte3821745 (big blind) showed [Qh Tc] and lost with One pair : Tens
Seat 3: chatar88580 (button) showed [Ac Qs] and won 610 with One pair : Aces


Winamax Poker - Tournament "Expresso Nitro" buyIn: 0.93€ + 0.07€ level: 1 - HandId: #2671059308346605569-2-1673529050 - Holdem no limit (10/20) - 2023/01/12 13:10:50 UTC
Table: 'Expresso Nitro(621904458)#0' 3-max (real money) Seat #3 is the button
Seat 1: _SKR (290)
Seat 3: chatar88580 (610)
*** ANTE/BLINDS ***
chatar88580 posts small blind 10
_SKR posts big blind 20
Dealt to _SKR [2c 5h]
*** PRE-FLOP *** 
chatar88580 calls 10
_SKR checks
*** FLOP *** [3s Kd Qc]
_SKR checks
chatar88580 bets 32
_SKR folds
chatar88580 collected 72 from pot
*** SUMMARY ***
Total pot 72 | No rake
Board: [3s Kd Qc]
Seat 3: chatar88580 (small blind) (button) won 72


Winamax Poker - Tournament "Expresso Nitro" buyIn: 0.93€ + 0.07€ level: 1 - HandId: #2671059308346605569-3-1673529066 - Holdem no limit (10/20) - 2023/01/12 13:11:06 UTC
Table: 'Expresso Nitro(621904458)#0' 3-max (real money) Seat #1 is the button
Seat 1: _SKR (270)
Seat 3: chatar88580 (630)
*** ANTE/BLINDS ***
_SKR posts small blind 10
chatar88580 posts big blind 20
Dealt to _SKR [7h Js]
*** PRE-FLOP *** 
_SKR folds
chatar88580 collected 30 from pot
*** SUMMARY ***
Total pot 30 | No rake
Seat 3: chatar88580 (big blind) won 30


Winamax Poker - Tournament "Expresso Nitro" buyIn: 0.93€ + 0.07€ level: 1 - HandId: #2671059308346605569-4-1673529069 - Holdem no limit (10/20) - 2023/01/12 13:11:09 UTC
Table: 'Expresso Nitro(621904458)#0' 3-max (real money) Seat #3 is the button
Seat 1: _SKR (260)
Seat 3: chatar88580 (640)
*** ANTE/BLINDS ***
chatar88580 posts small blind 10
_SKR posts big blind 20
Dealt to _SKR [4s 6c]
*** PRE-FLOP *** 
chatar88580 raises 620 to 640 and is all-in
_SKR folds
chatar88580 collected 660 from pot
*** SUMMARY ***
Total pot 660 | No rake
Seat 3: chatar88580 (small blind) (button) won 660


Winamax Poker - Tournament "Expresso Nitro" buyIn: 0.93€ + 0.07€ level: 1 - HandId: #2671059308346605569-5-1673529077 - Holdem no limit (10/20) - 2023/01/12 13:11:17 UTC
Table: 'Expresso Nitro(621904458)#0' 3-max (real money) Seat #1 is the button
Seat 1: _SKR (240)
Seat 3: chatar88580 (660)
*** ANTE/BLINDS ***
_SKR posts small blind 10
chatar88580 posts big blind 20
Dealt to _SKR [Tc Qc]
*** PRE-FLOP *** 
_SKR raises 220 to 240 and is all-in
chatar88580 folds
_SKR collected 260 from pot
*** SUMMARY ***
Total pot 260 | No rake
Seat 1: _SKR (small blind) (button) won 260


Winamax Poker - Tournament "Expresso Nitro" buyIn: 0.93€ + 0.07€ level: 1 - HandId: #2671059308346605569-6-1673529083 - Holdem no limit (10/20) - 2023/01/12 13:11:23 UTC
Table: 'Expresso Nitro(621904458)#0' 3-max (real money) Seat #3 is the button
Seat 1: _SKR (260)
Seat 3: chatar88580 (640)
*** ANTE/BLINDS ***
chatar88580 posts small blind 10
_SKR posts big blind 20
Dealt to _SKR [4s 6c]
*** PRE-FLOP *** 
chatar88580 raises 620 to 640 and is all-in
_SKR folds
chatar88580 collected 660 from pot
*** SUMMARY ***
Total pot 660 | No rake
Seat 3: chatar88580 (small blind) (button) won 660


Winamax Poker - Tournament "Expresso Nitro" buyIn: 0.93€ + 0.07€ level: 2 - HandId: #2671059308346605569-7-1673529090 - Holdem no limit (15/30) - 2023/01/12 13:11:30 UTC
Table: 'Expresso Nitro(621904458)#0' 3-max (real money) Seat #1 is the button
Seat 1: _SKR (240)
Seat 3: chatar88580 (660)
*** ANTE/BLINDS ***
_SKR posts small blind 15
chatar88580 posts big blind 30
Dealt to _SKR [Jd Kc]
*** PRE-FLOP *** 
_SKR raises 210 to 240 and is all-in
chatar88580 calls 210
*** FLOP *** [Qc 5s Td]
*** TURN *** [Qc 5s Td][7d]
*** RIVER *** [Qc 5s Td 7d][2s]
*** SHOW DOWN ***
chatar88580 shows [9c Ks] (High card : King)
_SKR shows [Jd Kc] (High card : King)
_SKR collected 480 from pot
*** SUMMARY ***
Total pot 480 | No rake
Board: [Qc 5s Td 7d 2s]
Seat 1: _SKR (small blind) (button) showed [Jd Kc] and won 480 with High card : King
Seat 3: chatar88580 (big blind) showed [9c Ks] and lost with High card : King


Winamax Poker - Tournament "Expresso Nitro" buyIn: 0.93€ + 0.07€ level: 2 - HandId: #2671059308346605569-8-1673529104 - Holdem no limit (15/30) - 2023/01/12 13:11:44 UTC
Table: 'Expresso Nitro(621904458)#0' 3-max (real money) Seat #3 is the button
Seat 1: _SKR (480)
Seat 3: chatar88580 (420)
*** ANTE/BLINDS ***
chatar88580 posts small blind 15
_SKR posts big blind 30
Dealt to _SKR [3h Tc]
*** PRE-FLOP *** 
chatar88580 folds
_SKR collected 45 from pot
*** SUMMARY ***
Total pot 45 | No rake
Seat 1: _SKR (big blind) won 45


Winamax Poker - Tournament "Expresso Nitro" buyIn: 0.93€ + 0.07€ level: 2 - HandId: #2671059308346605569-9-1673529108 - Holdem no limit (15/30) - 2023/01/12 13:11:48 UTC
Table: 'Expresso Nitro(621904458)#0' 3-max (real money) Seat #1 is the button
Seat 1: _SKR (495)
Seat 3: chatar88580 (405)
*** ANTE/BLINDS ***
_SKR posts small blind 15
chatar88580 posts big blind 30
Dealt to _SKR [Qh 8s]
*** PRE-FLOP *** 
_SKR raises 30 to 60
chatar88580 calls 30
*** FLOP *** [Js 6c Ad]
chatar88580 checks
_SKR checks
*** TURN *** [Js 6c Ad][4d]
chatar88580 checks
_SKR checks
*** RIVER *** [Js 6c Ad 4d][7s]
chatar88580 checks
_SKR checks
*** SHOW DOWN ***
_SKR shows [Qh 8s] (High card : Ace)
chatar88580 shows [2d 4c] (One pair : 4)
chatar88580 collected 120 from pot
*** SUMMARY ***
Total pot 120 | No rake
Board: [Js 6c Ad 4d 7s]
Seat 1: _SKR (small blind) (button) showed [Qh 8s] and lost with High card : Ace
Seat 3: chatar88580 (big blind) showed [2d 4c] and won 120 with One pair : 4


Winamax Poker - Tournament "Expresso Nitro" buyIn: 0.93€ + 0.07€ level: 3 - HandId: #2671059308346605569-10-1673529152 - Holdem no limit (20/40) - 2023/01/12 13:12:32 UTC
Table: 'Expresso Nitro(621904458)#0' 3-max (real money) Seat #3 is the button
Seat 1: _SKR (435)
Seat 3: chatar88580 (465)
*** ANTE/BLINDS ***
chatar88580 posts small blind 20
_SKR posts big blind 40
Dealt to _SKR [8h 8d]
*** PRE-FLOP *** 
chatar88580 calls 20
_SKR raises 395 to 435 and is all-in
chatar88580 folds
_SKR collected 475 from pot
*** SUMMARY ***
Total pot 475 | No rake
Seat 1: _SKR (big blind) won 475


Winamax Poker - Tournament "Expresso Nitro" buyIn: 0.93€ + 0.07€ level: 3 - HandId: #2671059308346605569-11-1673529158 - Holdem no limit (20/40) - 2023/01/12 13:12:38 UTC
Table: 'Expresso Nitro(621904458)#0' 3-max (real money) Seat #1 is the button
Seat 1: _SKR (475)
Seat 3: chatar88580 (425)
*** ANTE/BLINDS ***
_SKR posts small blind 20
chatar88580 posts big blind 40
Dealt to _SKR [Kc 9h]
*** PRE-FLOP *** 
_SKR raises 435 to 475 and is all-in
chatar88580 folds
_SKR collected 515 from pot
*** SUMMARY ***
Total pot 515 | No rake
Seat 1: _SKR (small blind) (button) won 515


Winamax Poker - Tournament "Expresso Nitro" buyIn: 0.93€ + 0.07€ level: 3 - HandId: #2671059308346605569-12-1673529164 - Holdem no limit (20/40) - 2023/01/12 13:12:44 UTC
Table: 'Expresso Nitro(621904458)#0' 3-max (real money) Seat #3 is the button
Seat 1: _SKR (515)
Seat 3: chatar88580 (385)
*** ANTE/BLINDS ***
chatar88580 posts small blind 20
_SKR posts big blind 40
Dealt to _SKR [Ah 7h]
*** PRE-FLOP *** 
chatar88580 raises 345 to 385 and is all-in
_SKR calls 345
*** FLOP *** [Qd Jh As]
*** TURN *** [Qd Jh As][Jc]
*** RIVER *** [Qd Jh As Jc][8s]
*** SHOW DOWN ***
chatar88580 shows [Qs Ks] (Two pairs : Queens and Jacks)
_SKR shows [Ah 7h] (Two pairs : Aces and Jacks)
_SKR collected 770 from pot
*** SUMMARY ***
Total pot 770 | No rake
Board: [Qd Jh As Jc 8s]
Seat 1: _SKR (big blind) showed [Ah 7h] and won 770 with Two pairs : Aces and Jacks
Seat 3: chatar88580 (small blind) (button) showed [Qs Ks] and lost with Two pairs : Queens and Jacks


