Winamax Poker - Tournament "Expresso Nitro" buyIn: 0.93€ + 0.07€ level: 1 - HandId: #2718691775559499777-1-1676295706 - Holdem no limit (10/20) - 2023/02/13 13:41:46 UTC
Table: 'Expresso Nitro(632994756)#0' 3-max (real money) Seat #2 is the button
Seat 1: clemb2st71 (300)
Seat 2: _SKR (300)
Seat 3: MichTheRiver (300)
*** ANTE/BLINDS ***
MichTheRiver posts small blind 10
clemb2st71 posts big blind 20
Dealt to _SKR [3s 4h]
*** PRE-FLOP *** 
_SKR folds
MichTheRiver folds
clemb2st71 collected 30 from pot
*** SUMMARY ***
Total pot 30 | No rake
Seat 1: clemb2st71 (big blind) won 30


Winamax Poker - Tournament "Expresso Nitro" buyIn: 0.93€ + 0.07€ level: 1 - HandId: #2718691775559499777-2-1676295710 - Holdem no limit (10/20) - 2023/02/13 13:41:50 UTC
Table: 'Expresso Nitro(632994756)#0' 3-max (real money) Seat #3 is the button
Seat 1: clemb2st71 (310)
Seat 2: _SKR (300)
Seat 3: MichTheRiver (290)
*** ANTE/BLINDS ***
clemb2st71 posts small blind 10
_SKR posts big blind 20
Dealt to _SKR [4c 4d]
*** PRE-FLOP *** 
MichTheRiver folds
clemb2st71 calls 10
_SKR raises 280 to 300 and is all-in
clemb2st71 folds
_SKR collected 320 from pot
*** SUMMARY ***
Total pot 320 | No rake
Seat 2: _SKR (big blind) won 320


Winamax Poker - Tournament "Expresso Nitro" buyIn: 0.93€ + 0.07€ level: 1 - HandId: #2718691775559499777-3-1676295725 - Holdem no limit (10/20) - 2023/02/13 13:42:05 UTC
Table: 'Expresso Nitro(632994756)#0' 3-max (real money) Seat #1 is the button
Seat 1: clemb2st71 (290)
Seat 2: _SKR (320)
Seat 3: MichTheRiver (290)
*** ANTE/BLINDS ***
_SKR posts small blind 10
MichTheRiver posts big blind 20
Dealt to _SKR [Qh 5d]
*** PRE-FLOP *** 
clemb2st71 folds
_SKR calls 10
MichTheRiver checks
*** FLOP *** [7c 7h 6s]
_SKR checks
MichTheRiver bets 40
_SKR folds
MichTheRiver collected 80 from pot
*** SUMMARY ***
Total pot 80 | No rake
Board: [7c 7h 6s]
Seat 3: MichTheRiver (big blind) won 80


Winamax Poker - Tournament "Expresso Nitro" buyIn: 0.93€ + 0.07€ level: 1 - HandId: #2718691775559499777-4-1676295740 - Holdem no limit (10/20) - 2023/02/13 13:42:20 UTC
Table: 'Expresso Nitro(632994756)#0' 3-max (real money) Seat #2 is the button
Seat 1: clemb2st71 (290)
Seat 2: _SKR (300)
Seat 3: MichTheRiver (310)
*** ANTE/BLINDS ***
MichTheRiver posts small blind 10
clemb2st71 posts big blind 20
Dealt to _SKR [Th Ac]
*** PRE-FLOP *** 
_SKR raises 20 to 40
MichTheRiver folds
clemb2st71 calls 20
*** FLOP *** [Qh 7h Td]
clemb2st71 bets 20
_SKR calls 20
*** TURN *** [Qh 7h Td][3h]
clemb2st71 bets 20
_SKR calls 20
*** RIVER *** [Qh 7h Td 3h][3c]
clemb2st71 bets 20
_SKR calls 20
*** SHOW DOWN ***
_SKR shows [Th Ac] (Two pairs : Tens and 3)
clemb2st71 shows [Qd Jd] (Two pairs : Queens and 3)
clemb2st71 collected 210 from pot
*** SUMMARY ***
Total pot 210 | No rake
Board: [Qh 7h Td 3h 3c]
Seat 1: clemb2st71 (big blind) showed [Qd Jd] and won 210 with Two pairs : Queens and 3
Seat 2: _SKR (button) showed [Th Ac] and lost with Two pairs : Tens and 3


Winamax Poker - Tournament "Expresso Nitro" buyIn: 0.93€ + 0.07€ level: 2 - HandId: #2718691775559499777-5-1676295763 - Holdem no limit (15/30) - 2023/02/13 13:42:43 UTC
Table: 'Expresso Nitro(632994756)#0' 3-max (real money) Seat #3 is the button
Seat 1: clemb2st71 (400)
Seat 2: _SKR (200)
Seat 3: MichTheRiver (300)
*** ANTE/BLINDS ***
clemb2st71 posts small blind 15
_SKR posts big blind 30
Dealt to _SKR [9h 7d]
*** PRE-FLOP *** 
MichTheRiver raises 270 to 300 and is all-in
clemb2st71 folds
_SKR folds
MichTheRiver collected 345 from pot
*** SUMMARY ***
Total pot 345 | No rake
Seat 3: MichTheRiver (button) won 345


Winamax Poker - Tournament "Expresso Nitro" buyIn: 0.93€ + 0.07€ level: 2 - HandId: #2718691775559499777-6-1676295771 - Holdem no limit (15/30) - 2023/02/13 13:42:51 UTC
Table: 'Expresso Nitro(632994756)#0' 3-max (real money) Seat #1 is the button
Seat 1: clemb2st71 (385)
Seat 2: _SKR (170)
Seat 3: MichTheRiver (345)
*** ANTE/BLINDS ***
_SKR posts small blind 15
MichTheRiver posts big blind 30
Dealt to _SKR [4s Jc]
*** PRE-FLOP *** 
clemb2st71 folds
_SKR folds
MichTheRiver collected 45 from pot
*** SUMMARY ***
Total pot 45 | No rake
Seat 3: MichTheRiver (big blind) won 45


Winamax Poker - Tournament "Expresso Nitro" buyIn: 0.93€ + 0.07€ level: 2 - HandId: #2718691775559499777-7-1676295779 - Holdem no limit (15/30) - 2023/02/13 13:42:59 UTC
Table: 'Expresso Nitro(632994756)#0' 3-max (real money) Seat #2 is the button
Seat 1: clemb2st71 (385)
Seat 2: _SKR (155)
Seat 3: MichTheRiver (360)
*** ANTE/BLINDS ***
MichTheRiver posts small blind 15
clemb2st71 posts big blind 30
Dealt to _SKR [4d Kh]
*** PRE-FLOP *** 
_SKR folds
MichTheRiver folds
clemb2st71 collected 45 from pot
*** SUMMARY ***
Total pot 45 | No rake
Seat 1: clemb2st71 (big blind) won 45


Winamax Poker - Tournament "Expresso Nitro" buyIn: 0.93€ + 0.07€ level: 2 - HandId: #2718691775559499777-8-1676295785 - Holdem no limit (15/30) - 2023/02/13 13:43:05 UTC
Table: 'Expresso Nitro(632994756)#0' 3-max (real money) Seat #3 is the button
Seat 1: clemb2st71 (400)
Seat 2: _SKR (155)
Seat 3: MichTheRiver (345)
*** ANTE/BLINDS ***
clemb2st71 posts small blind 15
_SKR posts big blind 30
Dealt to _SKR [9h 7h]
*** PRE-FLOP *** 
MichTheRiver calls 30
clemb2st71 folds
_SKR checks
*** FLOP *** [2h 9d Qs]
_SKR checks
MichTheRiver bets 60
_SKR raises 65 to 125 and is all-in
MichTheRiver calls 65
*** TURN *** [2h 9d Qs][6c]
*** RIVER *** [2h 9d Qs 6c][2s]
*** SHOW DOWN ***
_SKR shows [9h 7h] (Two pairs : 9 and 2)
MichTheRiver shows [2c Kh] (Trips of 2)
MichTheRiver collected 325 from pot
*** SUMMARY ***
Total pot 325 | No rake
Board: [2h 9d Qs 6c 2s]
Seat 2: _SKR (big blind) showed [9h 7h] and lost with Two pairs : 9 and 2
Seat 3: MichTheRiver (button) showed [2c Kh] and won 325 with Trips of 2


