Winamax Poker - Tournament "Expresso Nitro" buyIn: 1.86€ + 0.14€ level: 1 - HandId: #2677092345828081665-1-1673876779 - Holdem no limit (10/20) - 2023/01/16 13:46:19 UTC
Table: 'Expresso Nitro(623309134)#0' 3-max (real money) Seat #2 is the button
Seat 1: LoKKy11 (300)
Seat 2: _SKR (300)
Seat 3: SuisMonPetit (300)
*** ANTE/BLINDS ***
SuisMonPetit posts small blind 10
LoKKy11 posts big blind 20
Dealt to _SKR [Kd 5d]
*** PRE-FLOP *** 
_SKR folds
SuisMonPetit calls 10
LoKKy11 checks
*** FLOP *** [7s As 7c]
SuisMonPetit checks
LoKKy11 checks
*** TURN *** [7s As 7c][Ks]
SuisMonPetit bets 20
LoKKy11 raises 30 to 50
SuisMonPetit folds
LoKKy11 collected 110 from pot
*** SUMMARY ***
Total pot 110 | No rake
Board: [7s As 7c Ks]
Seat 1: LoKKy11 (big blind) won 110


Winamax Poker - Tournament "Expresso Nitro" buyIn: 1.86€ + 0.14€ level: 1 - HandId: #2677092345828081665-2-1673876802 - Holdem no limit (10/20) - 2023/01/16 13:46:42 UTC
Table: 'Expresso Nitro(623309134)#0' 3-max (real money) Seat #3 is the button
Seat 1: LoKKy11 (340)
Seat 2: _SKR (300)
Seat 3: SuisMonPetit (260)
*** ANTE/BLINDS ***
LoKKy11 posts small blind 10
_SKR posts big blind 20
Dealt to _SKR [5h Jh]
*** PRE-FLOP *** 
SuisMonPetit folds
LoKKy11 raises 25 to 45
_SKR calls 25
*** FLOP *** [4c 9h 2d]
LoKKy11 checks
_SKR checks
*** TURN *** [4c 9h 2d][7h]
LoKKy11 checks
_SKR checks
*** RIVER *** [4c 9h 2d 7h][8d]
LoKKy11 checks
_SKR checks
*** SHOW DOWN ***
_SKR shows [5h Jh] (High card : Jack)
LoKKy11 shows [3s Ac] (High card : Ace)
LoKKy11 collected 90 from pot
*** SUMMARY ***
Total pot 90 | No rake
Board: [4c 9h 2d 7h 8d]
Seat 1: LoKKy11 (small blind) showed [3s Ac] and won 90 with High card : Ace
Seat 2: _SKR (big blind) showed [5h Jh] and lost with High card : Jack


Winamax Poker - Tournament "Expresso Nitro" buyIn: 1.86€ + 0.14€ level: 2 - HandId: #2677092345828081665-3-1673876860 - Holdem no limit (15/30) - 2023/01/16 13:47:40 UTC
Table: 'Expresso Nitro(623309134)#0' 3-max (real money) Seat #1 is the button
Seat 1: LoKKy11 (385)
Seat 2: _SKR (255)
Seat 3: SuisMonPetit (260)
*** ANTE/BLINDS ***
_SKR posts small blind 15
SuisMonPetit posts big blind 30
Dealt to _SKR [3s Qh]
*** PRE-FLOP *** 
LoKKy11 folds
_SKR folds
SuisMonPetit collected 45 from pot
*** SUMMARY ***
Total pot 45 | No rake
Seat 3: SuisMonPetit (big blind) won 45


Winamax Poker - Tournament "Expresso Nitro" buyIn: 1.86€ + 0.14€ level: 2 - HandId: #2677092345828081665-4-1673876866 - Holdem no limit (15/30) - 2023/01/16 13:47:46 UTC
Table: 'Expresso Nitro(623309134)#0' 3-max (real money) Seat #2 is the button
Seat 1: LoKKy11 (385)
Seat 2: _SKR (240)
Seat 3: SuisMonPetit (275)
*** ANTE/BLINDS ***
SuisMonPetit posts small blind 15
LoKKy11 posts big blind 30
Dealt to _SKR [7s 5s]
*** PRE-FLOP *** 
_SKR folds
SuisMonPetit raises 245 to 275 and is all-in
LoKKy11 folds
SuisMonPetit collected 305 from pot
*** SUMMARY ***
Total pot 305 | No rake
Seat 3: SuisMonPetit (small blind) won 305


Winamax Poker - Tournament "Expresso Nitro" buyIn: 1.86€ + 0.14€ level: 2 - HandId: #2677092345828081665-5-1673876875 - Holdem no limit (15/30) - 2023/01/16 13:47:55 UTC
Table: 'Expresso Nitro(623309134)#0' 3-max (real money) Seat #3 is the button
Seat 1: LoKKy11 (355)
Seat 2: _SKR (240)
Seat 3: SuisMonPetit (305)
*** ANTE/BLINDS ***
LoKKy11 posts small blind 15
_SKR posts big blind 30
Dealt to _SKR [4d 2c]
*** PRE-FLOP *** 
SuisMonPetit folds
LoKKy11 calls 15
_SKR checks
*** FLOP *** [3s As 8d]
LoKKy11 bets 30
_SKR folds
LoKKy11 collected 90 from pot
*** SUMMARY ***
Total pot 90 | No rake
Board: [3s As 8d]
Seat 1: LoKKy11 (small blind) won 90


Winamax Poker - Tournament "Expresso Nitro" buyIn: 1.86€ + 0.14€ level: 2 - HandId: #2677092345828081665-6-1673876888 - Holdem no limit (15/30) - 2023/01/16 13:48:08 UTC
Table: 'Expresso Nitro(623309134)#0' 3-max (real money) Seat #1 is the button
Seat 1: LoKKy11 (385)
Seat 2: _SKR (210)
Seat 3: SuisMonPetit (305)
*** ANTE/BLINDS ***
_SKR posts small blind 15
SuisMonPetit posts big blind 30
Dealt to _SKR [Th As]
*** PRE-FLOP *** 
LoKKy11 raises 355 to 385 and is all-in
_SKR calls 195 and is all-in
SuisMonPetit folds
*** FLOP *** [Jh Qc 5c]
*** TURN *** [Jh Qc 5c][6d]
*** RIVER *** [Jh Qc 5c 6d][Ts]
*** SHOW DOWN ***
LoKKy11 shows [7d Ad] (High card : Ace)
_SKR shows [Th As] (One pair : Tens)
_SKR collected 450 from main pot
LoKKy11 collected 175 from side pot 1
*** SUMMARY ***
Total pot 625 | No rake
Board: [Jh Qc 5c 6d Ts]
Seat 1: LoKKy11 (button) showed [7d Ad] and won 175 with High card : Ace
Seat 2: _SKR (small blind) showed [Th As] and won 450 with One pair : Tens


Winamax Poker - Tournament "Expresso Nitro" buyIn: 1.86€ + 0.14€ level: 3 - HandId: #2677092345828081665-7-1673876901 - Holdem no limit (20/40) - 2023/01/16 13:48:21 UTC
Table: 'Expresso Nitro(623309134)#0' 3-max (real money) Seat #2 is the button
Seat 1: LoKKy11 (175)
Seat 2: _SKR (450)
Seat 3: SuisMonPetit (275)
*** ANTE/BLINDS ***
SuisMonPetit posts small blind 20
LoKKy11 posts big blind 40
Dealt to _SKR [Jh Jc]
*** PRE-FLOP *** 
_SKR raises 410 to 450 and is all-in
SuisMonPetit folds
LoKKy11 folds
_SKR collected 510 from pot
*** SUMMARY ***
Total pot 510 | No rake
Seat 2: _SKR (button) won 510


Winamax Poker - Tournament "Expresso Nitro" buyIn: 1.86€ + 0.14€ level: 3 - HandId: #2677092345828081665-8-1673876907 - Holdem no limit (20/40) - 2023/01/16 13:48:27 UTC
Table: 'Expresso Nitro(623309134)#0' 3-max (real money) Seat #3 is the button
Seat 1: LoKKy11 (135)
Seat 2: _SKR (510)
Seat 3: SuisMonPetit (255)
*** ANTE/BLINDS ***
LoKKy11 posts small blind 20
_SKR posts big blind 40
Dealt to _SKR [Ks Td]
*** PRE-FLOP *** 
SuisMonPetit folds
LoKKy11 calls 20
_SKR raises 470 to 510 and is all-in
LoKKy11 folds
_SKR collected 550 from pot
*** SUMMARY ***
Total pot 550 | No rake
Seat 2: _SKR (big blind) won 550


Winamax Poker - Tournament "Expresso Nitro" buyIn: 1.86€ + 0.14€ level: 3 - HandId: #2677092345828081665-9-1673876917 - Holdem no limit (20/40) - 2023/01/16 13:48:37 UTC
Table: 'Expresso Nitro(623309134)#0' 3-max (real money) Seat #1 is the button
Seat 1: LoKKy11 (95)
Seat 2: _SKR (550)
Seat 3: SuisMonPetit (255)
*** ANTE/BLINDS ***
_SKR posts small blind 20
SuisMonPetit posts big blind 40
Dealt to _SKR [7s 5h]
*** PRE-FLOP *** 
LoKKy11 folds
_SKR folds
SuisMonPetit collected 60 from pot
*** SUMMARY ***
Total pot 60 | No rake
Seat 3: SuisMonPetit (big blind) won 60


Winamax Poker - Tournament "Expresso Nitro" buyIn: 1.86€ + 0.14€ level: 3 - HandId: #2677092345828081665-10-1673876924 - Holdem no limit (20/40) - 2023/01/16 13:48:44 UTC
Table: 'Expresso Nitro(623309134)#0' 3-max (real money) Seat #2 is the button
Seat 1: LoKKy11 (95)
Seat 2: _SKR (530)
Seat 3: SuisMonPetit (275)
*** ANTE/BLINDS ***
SuisMonPetit posts small blind 20
LoKKy11 posts big blind 40
Dealt to _SKR [8h 2h]
*** PRE-FLOP *** 
_SKR folds
SuisMonPetit raises 235 to 275 and is all-in
LoKKy11 folds
SuisMonPetit collected 315 from pot
*** SUMMARY ***
Total pot 315 | No rake
Seat 3: SuisMonPetit (small blind) won 315


Winamax Poker - Tournament "Expresso Nitro" buyIn: 1.86€ + 0.14€ level: 3 - HandId: #2677092345828081665-11-1673876932 - Holdem no limit (20/40) - 2023/01/16 13:48:52 UTC
Table: 'Expresso Nitro(623309134)#0' 3-max (real money) Seat #3 is the button
Seat 1: LoKKy11 (55)
Seat 2: _SKR (530)
Seat 3: SuisMonPetit (315)
*** ANTE/BLINDS ***
LoKKy11 posts small blind 20
_SKR posts big blind 40
Dealt to _SKR [Kh 3s]
*** PRE-FLOP *** 
SuisMonPetit calls 40
LoKKy11 raises 15 to 55 and is all-in
_SKR folds
SuisMonPetit calls 15
*** FLOP *** [Kd 9c Js]
*** TURN *** [Kd 9c Js][2h]
*** RIVER *** [Kd 9c Js 2h][Jc]
*** SHOW DOWN ***
SuisMonPetit shows [Ad Ac] (Two pairs : Aces and Jacks)
LoKKy11 shows [Th Jh] (Trips of Jacks)
LoKKy11 collected 150 from pot
*** SUMMARY ***
Total pot 150 | No rake
Board: [Kd 9c Js 2h Jc]
Seat 1: LoKKy11 (small blind) showed [Th Jh] and won 150 with Trips of Jacks
Seat 3: SuisMonPetit (button) showed [Ad Ac] and lost with Two pairs : Aces and Jacks


Winamax Poker - Tournament "Expresso Nitro" buyIn: 1.86€ + 0.14€ level: 3 - HandId: #2677092345828081665-12-1673876949 - Holdem no limit (20/40) - 2023/01/16 13:49:09 UTC
Table: 'Expresso Nitro(623309134)#0' 3-max (real money) Seat #1 is the button
Seat 1: LoKKy11 (150)
Seat 2: _SKR (490)
Seat 3: SuisMonPetit (260)
*** ANTE/BLINDS ***
_SKR posts small blind 20
SuisMonPetit posts big blind 40
Dealt to _SKR [Js As]
*** PRE-FLOP *** 
LoKKy11 raises 110 to 150 and is all-in
_SKR raises 340 to 490 and is all-in
SuisMonPetit folds
*** FLOP *** [6s 9c 7c]
*** TURN *** [6s 9c 7c][4s]
*** RIVER *** [6s 9c 7c 4s][2h]
*** SHOW DOWN ***
LoKKy11 shows [3h 3s] (One pair : 3)
_SKR shows [Js As] (High card : Ace)
_SKR collected 340 from side pot 1
LoKKy11 collected 340 from main pot
*** SUMMARY ***
Total pot 680 | No rake
Board: [6s 9c 7c 4s 2h]
Seat 1: LoKKy11 (button) showed [3h 3s] and won 340 with One pair : 3
Seat 2: _SKR (small blind) showed [Js As] and won 340 with High card : Ace


Winamax Poker - Tournament "Expresso Nitro" buyIn: 1.86€ + 0.14€ level: 4 - HandId: #2677092345828081665-13-1673876970 - Holdem no limit (30/60) - 2023/01/16 13:49:30 UTC
Table: 'Expresso Nitro(623309134)#0' 3-max (real money) Seat #2 is the button
Seat 1: LoKKy11 (340)
Seat 2: _SKR (340)
Seat 3: SuisMonPetit (220)
*** ANTE/BLINDS ***
SuisMonPetit posts small blind 30
LoKKy11 posts big blind 60
Dealt to _SKR [3c Th]
*** PRE-FLOP *** 
_SKR folds
SuisMonPetit folds
LoKKy11 collected 90 from pot
*** SUMMARY ***
Total pot 90 | No rake
Seat 1: LoKKy11 (big blind) won 90


Winamax Poker - Tournament "Expresso Nitro" buyIn: 1.86€ + 0.14€ level: 4 - HandId: #2677092345828081665-14-1673876976 - Holdem no limit (30/60) - 2023/01/16 13:49:36 UTC
Table: 'Expresso Nitro(623309134)#0' 3-max (real money) Seat #3 is the button
Seat 1: LoKKy11 (370)
Seat 2: _SKR (340)
Seat 3: SuisMonPetit (190)
*** ANTE/BLINDS ***
LoKKy11 posts small blind 30
_SKR posts big blind 60
Dealt to _SKR [7s 7h]
*** PRE-FLOP *** 
SuisMonPetit raises 130 to 190 and is all-in
LoKKy11 raises 180 to 370 and is all-in
_SKR calls 280 and is all-in
*** FLOP *** [3c 2c 8s]
*** TURN *** [3c 2c 8s][Qc]
*** RIVER *** [3c 2c 8s Qc][8d]
*** SHOW DOWN ***
SuisMonPetit shows [5h Ah] (One pair : 8)
LoKKy11 shows [Ac 5d] (One pair : 8)
_SKR shows [7s 7h] (Two pairs : 8 and 7)
_SKR collected 870 from main pot
LoKKy11 collected 30 from side pot 1
*** SUMMARY ***
Total pot 900 | No rake
Board: [3c 2c 8s Qc 8d]
Seat 1: LoKKy11 (small blind) showed [Ac 5d] and won 30 with One pair : 8
Seat 2: _SKR (big blind) showed [7s 7h] and won 870 with Two pairs : 8 and 7
Seat 3: SuisMonPetit (button) showed [5h Ah] and lost with One pair : 8


Winamax Poker - Tournament "Expresso Nitro" buyIn: 1.86€ + 0.14€ level: 4 - HandId: #2677092345828081665-15-1673876992 - Holdem no limit (30/60) - 2023/01/16 13:49:52 UTC
Table: 'Expresso Nitro(623309134)#0' 3-max (real money) Seat #2 is the button
Seat 1: LoKKy11 (30)
Seat 2: _SKR (870)
*** ANTE/BLINDS ***
_SKR posts small blind 30
LoKKy11 posts big blind 30 and is all-in
Dealt to _SKR [3h Qd]
*** PRE-FLOP *** 
*** FLOP *** [5d Ad Jh]
*** TURN *** [5d Ad Jh][7d]
*** RIVER *** [5d Ad Jh 7d][8h]
*** SHOW DOWN ***
_SKR shows [3h Qd] (High card : Ace)
LoKKy11 shows [Td Tc] (One pair : Tens)
LoKKy11 collected 60 from pot
*** SUMMARY ***
Total pot 60 | No rake
Board: [5d Ad Jh 7d 8h]
Seat 1: LoKKy11 (big blind) showed [Td Tc] and won 60 with One pair : Tens
Seat 2: _SKR (small blind) (button) showed [3h Qd] and lost with High card : Ace


Winamax Poker - Tournament "Expresso Nitro" buyIn: 1.86€ + 0.14€ level: 4 - HandId: #2677092345828081665-16-1673877002 - Holdem no limit (30/60) - 2023/01/16 13:50:02 UTC
Table: 'Expresso Nitro(623309134)#0' 3-max (real money) Seat #1 is the button
Seat 1: LoKKy11 (60)
Seat 2: _SKR (840)
*** ANTE/BLINDS ***
LoKKy11 posts small blind 30
_SKR posts big blind 60
Dealt to _SKR [4c Ac]
*** PRE-FLOP *** 
LoKKy11 calls 30 and is all-in
*** FLOP *** [8d 3s 9c]
*** TURN *** [8d 3s 9c][Qd]
*** RIVER *** [8d 3s 9c Qd][Js]
*** SHOW DOWN ***
_SKR shows [4c Ac] (High card : Ace)
LoKKy11 shows [4s 4h] (One pair : 4)
LoKKy11 collected 120 from pot
*** SUMMARY ***
Total pot 120 | No rake
Board: [8d 3s 9c Qd Js]
Seat 1: LoKKy11 (small blind) (button) showed [4s 4h] and won 120 with One pair : 4
Seat 2: _SKR (big blind) showed [4c Ac] and lost with High card : Ace


Winamax Poker - Tournament "Expresso Nitro" buyIn: 1.86€ + 0.14€ level: 4 - HandId: #2677092345828081665-17-1673877013 - Holdem no limit (30/60) - 2023/01/16 13:50:13 UTC
Table: 'Expresso Nitro(623309134)#0' 3-max (real money) Seat #2 is the button
Seat 1: LoKKy11 (120)
Seat 2: _SKR (780)
*** ANTE/BLINDS ***
_SKR posts small blind 30
LoKKy11 posts big blind 60
Dealt to _SKR [2c 5s]
*** PRE-FLOP *** 
_SKR folds
LoKKy11 collected 90 from pot
*** SUMMARY ***
Total pot 90 | No rake
Seat 1: LoKKy11 (big blind) won 90


Winamax Poker - Tournament "Expresso Nitro" buyIn: 1.86€ + 0.14€ level: 5 - HandId: #2677092345828081665-18-1673877017 - Holdem no limit (40/80) - 2023/01/16 13:50:17 UTC
Table: 'Expresso Nitro(623309134)#0' 3-max (real money) Seat #1 is the button
Seat 1: LoKKy11 (150)
Seat 2: _SKR (750)
*** ANTE/BLINDS ***
LoKKy11 posts small blind 40
_SKR posts big blind 80
Dealt to _SKR [5c 2h]
*** PRE-FLOP *** 
LoKKy11 raises 70 to 150 and is all-in
_SKR calls 70
*** FLOP *** [9s 7h Js]
*** TURN *** [9s 7h Js][6d]
*** RIVER *** [9s 7h Js 6d][Ah]
*** SHOW DOWN ***
LoKKy11 shows [3c 4c] (High card : Ace)
_SKR shows [5c 2h] (High card : Ace)
_SKR collected 150 from pot
LoKKy11 collected 150 from pot
*** SUMMARY ***
Total pot 300 | No rake
Board: [9s 7h Js 6d Ah]
Seat 1: LoKKy11 (small blind) (button) showed [3c 4c] and won 150 with High card : Ace
Seat 2: _SKR (big blind) showed [5c 2h] and won 150 with High card : Ace


Winamax Poker - Tournament "Expresso Nitro" buyIn: 1.86€ + 0.14€ level: 5 - HandId: #2677092345828081665-19-1673877028 - Holdem no limit (40/80) - 2023/01/16 13:50:28 UTC
Table: 'Expresso Nitro(623309134)#0' 3-max (real money) Seat #2 is the button
Seat 1: LoKKy11 (150)
Seat 2: _SKR (750)
*** ANTE/BLINDS ***
_SKR posts small blind 40
LoKKy11 posts big blind 80
Dealt to _SKR [Kh Qd]
*** PRE-FLOP *** 
_SKR raises 670 to 750 and is all-in
LoKKy11 calls 70 and is all-in
*** FLOP *** [Ad 8c 8s]
*** TURN *** [Ad 8c 8s][Jd]
*** RIVER *** [Ad 8c 8s Jd][3s]
*** SHOW DOWN ***
LoKKy11 shows [6h Js] (Two pairs : Jacks and 8)
_SKR shows [Kh Qd] (One pair : 8)
_SKR collected 600 from side pot 1
LoKKy11 collected 300 from main pot
*** SUMMARY ***
Total pot 900 | No rake
Board: [Ad 8c 8s Jd 3s]
Seat 1: LoKKy11 (big blind) showed [6h Js] and won 300 with Two pairs : Jacks and 8
Seat 2: _SKR (small blind) (button) showed [Kh Qd] and won 600 with One pair : 8


Winamax Poker - Tournament "Expresso Nitro" buyIn: 1.86€ + 0.14€ level: 5 - HandId: #2677092345828081665-20-1673877038 - Holdem no limit (40/80) - 2023/01/16 13:50:38 UTC
Table: 'Expresso Nitro(623309134)#0' 3-max (real money) Seat #1 is the button
Seat 1: LoKKy11 (300)
Seat 2: _SKR (600)
*** ANTE/BLINDS ***
LoKKy11 posts small blind 40
_SKR posts big blind 80
Dealt to _SKR [Qd 3c]
*** PRE-FLOP *** 
LoKKy11 folds
_SKR collected 120 from pot
*** SUMMARY ***
Total pot 120 | No rake
Seat 2: _SKR (big blind) won 120


Winamax Poker - Tournament "Expresso Nitro" buyIn: 1.86€ + 0.14€ level: 5 - HandId: #2677092345828081665-21-1673877042 - Holdem no limit (40/80) - 2023/01/16 13:50:42 UTC
Table: 'Expresso Nitro(623309134)#0' 3-max (real money) Seat #2 is the button
Seat 1: LoKKy11 (260)
Seat 2: _SKR (640)
*** ANTE/BLINDS ***
_SKR posts small blind 40
LoKKy11 posts big blind 80
Dealt to _SKR [Jc 3c]
*** PRE-FLOP *** 
_SKR raises 560 to 640 and is all-in
LoKKy11 calls 180 and is all-in
*** FLOP *** [Js 6h 9s]
*** TURN *** [Js 6h 9s][Ts]
*** RIVER *** [Js 6h 9s Ts][8s]
*** SHOW DOWN ***
LoKKy11 shows [Qh Kc] (Straight King high)
_SKR shows [Jc 3c] (One pair : Jacks)
_SKR collected 380 from side pot 1
LoKKy11 collected 520 from main pot
*** SUMMARY ***
Total pot 900 | No rake
Board: [Js 6h 9s Ts 8s]
Seat 1: LoKKy11 (big blind) showed [Qh Kc] and won 520 with Straight King high
Seat 2: _SKR (small blind) (button) showed [Jc 3c] and won 380 with One pair : Jacks


Winamax Poker - Tournament "Expresso Nitro" buyIn: 1.86€ + 0.14€ level: 5 - HandId: #2677092345828081665-22-1673877052 - Holdem no limit (40/80) - 2023/01/16 13:50:52 UTC
Table: 'Expresso Nitro(623309134)#0' 3-max (real money) Seat #1 is the button
Seat 1: LoKKy11 (520)
Seat 2: _SKR (380)
*** ANTE/BLINDS ***
LoKKy11 posts small blind 40
_SKR posts big blind 80
Dealt to _SKR [9s Qh]
*** PRE-FLOP *** 
LoKKy11 raises 440 to 520 and is all-in
_SKR calls 300 and is all-in
*** FLOP *** [Jd 4h Qs]
*** TURN *** [Jd 4h Qs][3h]
*** RIVER *** [Jd 4h Qs 3h][9c]
*** SHOW DOWN ***
_SKR shows [9s Qh] (Two pairs : Queens and 9)
LoKKy11 shows [4c 4s] (Trips of 4)
LoKKy11 collected 900 from pot
*** SUMMARY ***
Total pot 900 | No rake
Board: [Jd 4h Qs 3h 9c]
Seat 1: LoKKy11 (small blind) (button) showed [4c 4s] and won 900 with Trips of 4
Seat 2: _SKR (big blind) showed [9s Qh] and lost with Two pairs : Queens and 9


