Winamax Poker - Tournament "Starting Block WiPT - Deglingos !" buyIn: 0€ + 0€ level: 1 - HandId: #2680928056566087681-1-1674085298 - Holdem no limit (3/10/20) - 2023/01/18 23:41:38 UTC
Table: 'Starting Block WiPT - Deglingos !(624202205)#0' 6-max (real money) Seat #3 is the button
Seat 1: pochtron57 (500)
Seat 2: Albax69 (500)
Seat 3: _SKR (500)
Seat 4: Gaby12345 (500)
Seat 5: Melou7757 (500)
Seat 6: JuMitrooo (500)
*** ANTE/BLINDS ***
Gaby12345 posts ante 3
Melou7757 posts ante 3
pochtron57 posts ante 3
Albax69 posts ante 3
_SKR posts ante 3
JuMitrooo posts ante 3
Gaby12345 posts small blind 10
Melou7757 posts big blind 20
Dealt to _SKR [6d 5s]
*** PRE-FLOP *** 
JuMitrooo raises 477 to 497 and is all-in
pochtron57 calls 497 and is all-in
Albax69 calls 497 and is all-in
_SKR folds
Gaby12345 folds
Melou7757 folds
*** FLOP *** [6c 5c Ts]
*** TURN *** [6c 5c Ts][9d]
*** RIVER *** [6c 5c Ts 9d][9h]
*** SHOW DOWN ***
pochtron57 shows [5h Qd] (Two pairs : 9 and 5)
Albax69 shows [Th Kd] (Two pairs : Tens and 9)
JuMitrooo shows [Jh Jd] (Two pairs : Jacks and 9)
JuMitrooo collected 1539 from pot
*** SUMMARY ***
Total pot 1539 | No rake
Board: [6c 5c Ts 9d 9h]
Seat 1: pochtron57 showed [5h Qd] and lost with Two pairs : 9 and 5
Seat 2: Albax69 showed [Th Kd] and lost with Two pairs : Tens and 9
Seat 6: JuMitrooo showed [Jh Jd] and won 1539 with Two pairs : Jacks and 9


Winamax Poker - Tournament "Starting Block WiPT - Deglingos !" buyIn: 0€ + 0€ level: 1 - HandId: #2680928056566087681-2-1674085325 - Holdem no limit (3/10/20) - 2023/01/18 23:42:05 UTC
Table: 'Starting Block WiPT - Deglingos !(624202205)#0' 6-max (real money) Seat #4 is the button
Seat 3: _SKR (497)
Seat 4: Gaby12345 (487)
Seat 5: Melou7757 (477)
Seat 6: JuMitrooo (1539)
*** ANTE/BLINDS ***
Melou7757 posts ante 3
JuMitrooo posts ante 3
_SKR posts ante 3
Gaby12345 posts ante 3
Melou7757 posts small blind 10
JuMitrooo posts big blind 20
Dealt to _SKR [7h Tc]
*** PRE-FLOP *** 
_SKR folds
Gaby12345 calls 20
Melou7757 raises 20 to 40
JuMitrooo raises 1496 to 1536 and is all-in
Gaby12345 folds
Melou7757 calls 434 and is all-in
*** FLOP *** [Jc 7c Kc]
*** TURN *** [Jc 7c Kc][Ks]
*** RIVER *** [Jc 7c Kc Ks][3h]
*** SHOW DOWN ***
Melou7757 shows [Qd Ad] (One pair : Kings)
JuMitrooo shows [9h As] (One pair : Kings)
JuMitrooo collected 1062 from side pot 1
Melou7757 collected 980 from main pot
*** SUMMARY ***
Total pot 2042 | No rake
Board: [Jc 7c Kc Ks 3h]
Seat 5: Melou7757 (small blind) showed [Qd Ad] and won 980 with One pair : Kings
Seat 6: JuMitrooo (big blind) showed [9h As] and won 1062 with One pair : Kings


Winamax Poker - Tournament "Starting Block WiPT - Deglingos !" buyIn: 0€ + 0€ level: 1 - HandId: #2680928056566087681-3-1674085347 - Holdem no limit (3/10/20) - 2023/01/18 23:42:27 UTC
Table: 'Starting Block WiPT - Deglingos !(624202205)#0' 6-max (real money) Seat #5 is the button
Seat 3: _SKR (494)
Seat 4: Gaby12345 (464)
Seat 5: Melou7757 (980)
Seat 6: JuMitrooo (1062)
*** ANTE/BLINDS ***
JuMitrooo posts ante 3
_SKR posts ante 3
Gaby12345 posts ante 3
Melou7757 posts ante 3
JuMitrooo posts small blind 10
_SKR posts big blind 20
Dealt to _SKR [Kd Kc]
*** PRE-FLOP *** 
Gaby12345 raises 20 to 40
Melou7757 folds
JuMitrooo folds
_SKR raises 100 to 140
Gaby12345 calls 100
*** FLOP *** [4c 7h As]
_SKR checks
Gaby12345 bets 151
_SKR calls 151
*** TURN *** [4c 7h As][5c]
_SKR checks
Gaby12345 bets 170 and is all-in
_SKR calls 170
*** RIVER *** [4c 7h As 5c][Th]
*** SHOW DOWN ***
Gaby12345 shows [2h Kh] (High card : Ace)
_SKR shows [Kd Kc] (One pair : Kings)
_SKR collected 944 from pot
*** SUMMARY ***
Total pot 944 | No rake
Board: [4c 7h As 5c Th]
Seat 3: _SKR (big blind) showed [Kd Kc] and won 944 with One pair : Kings
Seat 4: Gaby12345 showed [2h Kh] and lost with High card : Ace


Winamax Poker - Tournament "Starting Block WiPT - Deglingos !" buyIn: 0€ + 0€ level: 1 - HandId: #2680928056566087681-4-1674085390 - Holdem no limit (3/10/20) - 2023/01/18 23:43:10 UTC
Table: 'Starting Block WiPT - Deglingos !(624202205)#0' 6-max (real money) Seat #6 is the button
Seat 3: _SKR (974)
Seat 5: Melou7757 (977)
Seat 6: JuMitrooo (1049)
*** ANTE/BLINDS ***
_SKR posts ante 3
Melou7757 posts ante 3
JuMitrooo posts ante 3
_SKR posts small blind 10
Melou7757 posts big blind 20
Dealt to _SKR [Qd Th]
*** PRE-FLOP *** 
JuMitrooo raises 30 to 50
_SKR calls 40
Melou7757 calls 30
*** FLOP *** [Ts 2s 8c]
_SKR checks
Melou7757 bets 20
JuMitrooo calls 20
_SKR raises 135 to 155
Melou7757 calls 135
JuMitrooo folds
*** TURN *** [Ts 2s 8c][3d]
_SKR bets 245
Melou7757 calls 245
*** RIVER *** [Ts 2s 8c 3d][9h]
_SKR bets 521 and is all-in
Melou7757 calls 521
*** SHOW DOWN ***
Melou7757 shows [Jd 8h] (One pair : 8)
_SKR shows [Qd Th] (One pair : Tens)
_SKR collected 2021 from pot
*** SUMMARY ***
Total pot 2021 | No rake
Board: [Ts 2s 8c 3d 9h]
Seat 3: _SKR (small blind) showed [Qd Th] and won 2021 with One pair : Tens
Seat 5: Melou7757 (big blind) showed [Jd 8h] and lost with One pair : 8


Winamax Poker - Tournament "Starting Block WiPT - Deglingos !" buyIn: 0€ + 0€ level: 1 - HandId: #2680928056566087681-5-1674085467 - Holdem no limit (3/10/20) - 2023/01/18 23:44:27 UTC
Table: 'Starting Block WiPT - Deglingos !(624202205)#0' 6-max (real money) Seat #3 is the button
Seat 3: _SKR (2021)
Seat 5: Melou7757 (3)
Seat 6: JuMitrooo (976)
*** ANTE/BLINDS ***
Melou7757 posts ante 3 and is all-in
JuMitrooo posts ante 3
_SKR posts ante 3
Melou7757 posts small blind 0 and is all-in
JuMitrooo posts big blind 20
Dealt to _SKR [2d Qc]
*** PRE-FLOP *** 
_SKR folds
*** FLOP *** [Kd 6d 7h]
*** TURN *** [Kd 6d 7h][7d]
*** RIVER *** [Kd 6d 7h 7d][4c]
*** SHOW DOWN ***
Melou7757 shows [3h 5c] (Straight 7 high)
JuMitrooo shows [Kc 2h] (Two pairs : Kings and 7)
JuMitrooo collected 20 from side pot 1
Melou7757 collected 9 from main pot
*** SUMMARY ***
Total pot 29 | No rake
Board: [Kd 6d 7h 7d 4c]
Seat 5: Melou7757 (small blind) showed [3h 5c] and won 9 with Straight 7 high
Seat 6: JuMitrooo (big blind) showed [Kc 2h] and won 20 with Two pairs : Kings and 7


Winamax Poker - Tournament "Starting Block WiPT - Deglingos !" buyIn: 0€ + 0€ level: 2 - HandId: #2680928056566087681-6-1674085478 - Holdem no limit (4/15/30) - 2023/01/18 23:44:38 UTC
Table: 'Starting Block WiPT - Deglingos !(624202205)#0' 6-max (real money) Seat #5 is the button
Seat 3: _SKR (2018)
Seat 5: Melou7757 (9)
Seat 6: JuMitrooo (973)
*** ANTE/BLINDS ***
JuMitrooo posts ante 4
_SKR posts ante 4
Melou7757 posts ante 4
JuMitrooo posts small blind 15
_SKR posts big blind 30
Dealt to _SKR [5s Kd]
*** PRE-FLOP *** 
Melou7757 calls 5 and is all-in
JuMitrooo raises 77 to 107
_SKR folds
*** FLOP *** [8d 6s 9c]
*** TURN *** [8d 6s 9c][Kh]
*** RIVER *** [8d 6s 9c Kh][7h]
*** SHOW DOWN ***
Melou7757 shows [Ts As] (Straight Ten high)
JuMitrooo shows [Ah 9d] (One pair : 9)
JuMitrooo collected 127 from side pot 1
Melou7757 collected 27 from main pot
*** SUMMARY ***
Total pot 154 | No rake
Board: [8d 6s 9c Kh 7h]
Seat 5: Melou7757 (button) showed [Ts As] and won 27 with Straight Ten high
Seat 6: JuMitrooo (small blind) showed [Ah 9d] and won 127 with One pair : 9


Winamax Poker - Tournament "Starting Block WiPT - Deglingos !" buyIn: 0€ + 0€ level: 2 - HandId: #2680928056566087681-7-1674085492 - Holdem no limit (4/15/30) - 2023/01/18 23:44:52 UTC
Table: 'Starting Block WiPT - Deglingos !(624202205)#0' 6-max (real money) Seat #6 is the button
Seat 3: _SKR (1984)
Seat 5: Melou7757 (27)
Seat 6: JuMitrooo (989)
*** ANTE/BLINDS ***
_SKR posts ante 4
Melou7757 posts ante 4
JuMitrooo posts ante 4
_SKR posts small blind 15
Melou7757 posts big blind 23 and is all-in
Dealt to _SKR [9s 5d]
*** PRE-FLOP *** 
JuMitrooo raises 52 to 75
_SKR folds
*** FLOP *** [3h 7d 7h]
*** TURN *** [3h 7d 7h][2d]
*** RIVER *** [3h 7d 7h 2d][6c]
*** SHOW DOWN ***
Melou7757 shows [4c Ks] (One pair : 7)
JuMitrooo shows [Jd 8d] (One pair : 7)
JuMitrooo collected 52 from side pot 1
Melou7757 collected 73 from main pot
*** SUMMARY ***
Total pot 125 | No rake
Board: [3h 7d 7h 2d 6c]
Seat 5: Melou7757 (big blind) showed [4c Ks] and won 73 with One pair : 7
Seat 6: JuMitrooo (button) showed [Jd 8d] and won 52 with One pair : 7


Winamax Poker - Tournament "Starting Block WiPT - Deglingos !" buyIn: 0€ + 0€ level: 2 - HandId: #2680928056566087681-8-1674085503 - Holdem no limit (4/15/30) - 2023/01/18 23:45:03 UTC
Table: 'Starting Block WiPT - Deglingos !(624202205)#0' 6-max (real money) Seat #3 is the button
Seat 3: _SKR (1965)
Seat 5: Melou7757 (73)
Seat 6: JuMitrooo (962)
*** ANTE/BLINDS ***
Melou7757 posts ante 4
JuMitrooo posts ante 4
_SKR posts ante 4
Melou7757 posts small blind 15
JuMitrooo posts big blind 30
Dealt to _SKR [3d 9h]
*** PRE-FLOP *** 
_SKR folds
Melou7757 calls 15
JuMitrooo raises 928 to 958 and is all-in
Melou7757 calls 39 and is all-in
*** FLOP *** [3h 7h Ac]
*** TURN *** [3h 7h Ac][5s]
*** RIVER *** [3h 7h Ac 5s][2s]
*** SHOW DOWN ***
Melou7757 shows [2c Jc] (One pair : 2)
JuMitrooo shows [Kd Kc] (One pair : Kings)
JuMitrooo collected 1039 from pot
*** SUMMARY ***
Total pot 1039 | No rake
Board: [3h 7h Ac 5s 2s]
Seat 5: Melou7757 (small blind) showed [2c Jc] and lost with One pair : 2
Seat 6: JuMitrooo (big blind) showed [Kd Kc] and won 1039 with One pair : Kings


Winamax Poker - Tournament "Starting Block WiPT - Deglingos !" buyIn: 0€ + 0€ level: 2 - HandId: #2680928056566087681-9-1674085520 - Holdem no limit (4/15/30) - 2023/01/18 23:45:20 UTC
Table: 'Starting Block WiPT - Deglingos !(624202205)#0' 6-max (real money) Seat #6 is the button
Seat 3: _SKR (1961)
Seat 6: JuMitrooo (1039)
*** ANTE/BLINDS ***
JuMitrooo posts ante 4
_SKR posts ante 4
JuMitrooo posts small blind 15
_SKR posts big blind 30
Dealt to _SKR [8h Jh]
*** PRE-FLOP *** 
JuMitrooo calls 15
_SKR raises 68 to 98
JuMitrooo calls 68
*** FLOP *** [2s 7c 5h]
_SKR bets 102
JuMitrooo calls 102
*** TURN *** [2s 7c 5h][Ah]
_SKR bets 265
JuMitrooo folds
_SKR collected 673 from pot
*** SUMMARY ***
Total pot 673 | No rake
Board: [2s 7c 5h Ah]
Seat 3: _SKR (big blind) won 673


Winamax Poker - Tournament "Starting Block WiPT - Deglingos !" buyIn: 0€ + 0€ level: 2 - HandId: #2680928056566087681-10-1674085561 - Holdem no limit (4/15/30) - 2023/01/18 23:46:01 UTC
Table: 'Starting Block WiPT - Deglingos !(624202205)#0' 6-max (real money) Seat #3 is the button
Seat 3: _SKR (2165)
Seat 6: JuMitrooo (835)
*** ANTE/BLINDS ***
_SKR posts ante 4
JuMitrooo posts ante 4
_SKR posts small blind 15
JuMitrooo posts big blind 30
Dealt to _SKR [2s 5c]
*** PRE-FLOP *** 
_SKR folds
JuMitrooo collected 53 from pot
*** SUMMARY ***
Total pot 53 | No rake
Seat 6: JuMitrooo (big blind) won 53


Winamax Poker - Tournament "Starting Block WiPT - Deglingos !" buyIn: 0€ + 0€ level: 2 - HandId: #2680928056566087681-11-1674085565 - Holdem no limit (4/15/30) - 2023/01/18 23:46:05 UTC
Table: 'Starting Block WiPT - Deglingos !(624202205)#0' 6-max (real money) Seat #6 is the button
Seat 3: _SKR (2146)
Seat 6: JuMitrooo (854)
*** ANTE/BLINDS ***
JuMitrooo posts ante 4
_SKR posts ante 4
JuMitrooo posts small blind 15
_SKR posts big blind 30
Dealt to _SKR [Tc 4h]
*** PRE-FLOP *** 
JuMitrooo raises 60 to 90
_SKR folds
JuMitrooo collected 128 from pot
*** SUMMARY ***
Total pot 128 | No rake
Seat 6: JuMitrooo (small blind) (button) won 128


Winamax Poker - Tournament "Starting Block WiPT - Deglingos !" buyIn: 0€ + 0€ level: 2 - HandId: #2680928056566087681-12-1674085570 - Holdem no limit (4/15/30) - 2023/01/18 23:46:10 UTC
Table: 'Starting Block WiPT - Deglingos !(624202205)#0' 6-max (real money) Seat #3 is the button
Seat 3: _SKR (2112)
Seat 6: JuMitrooo (888)
*** ANTE/BLINDS ***
_SKR posts ante 4
JuMitrooo posts ante 4
_SKR posts small blind 15
JuMitrooo posts big blind 30
Dealt to _SKR [5s Ts]
*** PRE-FLOP *** 
_SKR calls 15
JuMitrooo checks
*** FLOP *** [9c Kd Th]
JuMitrooo checks
_SKR checks
*** TURN *** [9c Kd Th][6h]
JuMitrooo checks
_SKR checks
*** RIVER *** [9c Kd Th 6h][Jh]
JuMitrooo bets 68
_SKR calls 68
*** SHOW DOWN ***
_SKR shows [5s Ts] (One pair : Tens)
JuMitrooo shows [Td 4d] (One pair : Tens)
JuMitrooo collected 102 from pot
_SKR collected 102 from pot
*** SUMMARY ***
Total pot 204 | No rake
Board: [9c Kd Th 6h Jh]
Seat 3: _SKR (small blind) (button) showed [5s Ts] and won 102 with One pair : Tens
Seat 6: JuMitrooo (big blind) showed [Td 4d] and won 102 with One pair : Tens


Winamax Poker - Tournament "Starting Block WiPT - Deglingos !" buyIn: 0€ + 0€ level: 2 - HandId: #2680928056566087681-13-1674085586 - Holdem no limit (4/15/30) - 2023/01/18 23:46:26 UTC
Table: 'Starting Block WiPT - Deglingos !(624202205)#0' 6-max (real money) Seat #6 is the button
Seat 3: _SKR (2112)
Seat 6: JuMitrooo (888)
*** ANTE/BLINDS ***
JuMitrooo posts ante 4
_SKR posts ante 4
JuMitrooo posts small blind 15
_SKR posts big blind 30
Dealt to _SKR [9h 5h]
*** PRE-FLOP *** 
JuMitrooo raises 60 to 90
_SKR folds
JuMitrooo collected 128 from pot
*** SUMMARY ***
Total pot 128 | No rake
Seat 6: JuMitrooo (small blind) (button) won 128


Winamax Poker - Tournament "Starting Block WiPT - Deglingos !" buyIn: 0€ + 0€ level: 2 - HandId: #2680928056566087681-14-1674085591 - Holdem no limit (4/15/30) - 2023/01/18 23:46:31 UTC
Table: 'Starting Block WiPT - Deglingos !(624202205)#0' 6-max (real money) Seat #3 is the button
Seat 3: _SKR (2078)
Seat 6: JuMitrooo (922)
*** ANTE/BLINDS ***
_SKR posts ante 4
JuMitrooo posts ante 4
_SKR posts small blind 15
JuMitrooo posts big blind 30
Dealt to _SKR [Qc 4s]
*** PRE-FLOP *** 
_SKR folds
JuMitrooo collected 53 from pot
*** SUMMARY ***
Total pot 53 | No rake
Seat 6: JuMitrooo (big blind) won 53


Winamax Poker - Tournament "Starting Block WiPT - Deglingos !" buyIn: 0€ + 0€ level: 2 - HandId: #2680928056566087681-15-1674085603 - Holdem no limit (4/15/30) - 2023/01/18 23:46:43 UTC
Table: 'Starting Block WiPT - Deglingos !(624202205)#0' 6-max (real money) Seat #6 is the button
Seat 3: _SKR (2059)
Seat 6: JuMitrooo (941)
*** ANTE/BLINDS ***
JuMitrooo posts ante 4
_SKR posts ante 4
JuMitrooo posts small blind 15
_SKR posts big blind 30
Dealt to _SKR [Td 5c]
*** PRE-FLOP *** 
JuMitrooo raises 60 to 90
_SKR folds
JuMitrooo collected 128 from pot
*** SUMMARY ***
Total pot 128 | No rake
Seat 6: JuMitrooo (small blind) (button) won 128


Winamax Poker - Tournament "Starting Block WiPT - Deglingos !" buyIn: 0€ + 0€ level: 2 - HandId: #2680928056566087681-16-1674085611 - Holdem no limit (4/15/30) - 2023/01/18 23:46:51 UTC
Table: 'Starting Block WiPT - Deglingos !(624202205)#0' 6-max (real money) Seat #3 is the button
Seat 3: _SKR (2025)
Seat 6: JuMitrooo (975)
*** ANTE/BLINDS ***
_SKR posts ante 4
JuMitrooo posts ante 4
_SKR posts small blind 15
JuMitrooo posts big blind 30
Dealt to _SKR [6d 8h]
*** PRE-FLOP *** 
_SKR raises 45 to 75
JuMitrooo raises 896 to 971 and is all-in
_SKR folds
JuMitrooo collected 1054 from pot
*** SUMMARY ***
Total pot 1054 | No rake
Seat 6: JuMitrooo (big blind) won 1054


Winamax Poker - Tournament "Starting Block WiPT - Deglingos !" buyIn: 0€ + 0€ level: 2 - HandId: #2680928056566087681-17-1674085628 - Holdem no limit (4/15/30) - 2023/01/18 23:47:08 UTC
Table: 'Starting Block WiPT - Deglingos !(624202205)#0' 6-max (real money) Seat #6 is the button
Seat 3: _SKR (1946)
Seat 6: JuMitrooo (1054)
*** ANTE/BLINDS ***
JuMitrooo posts ante 4
_SKR posts ante 4
JuMitrooo posts small blind 15
_SKR posts big blind 30
Dealt to _SKR [6s Qc]
*** PRE-FLOP *** 
JuMitrooo raises 30 to 60
_SKR calls 30
*** FLOP *** [4d Js 9c]
_SKR checks
JuMitrooo bets 83
_SKR folds
JuMitrooo collected 211 from pot
*** SUMMARY ***
Total pot 211 | No rake
Board: [4d Js 9c]
Seat 6: JuMitrooo (small blind) (button) won 211


Winamax Poker - Tournament "Starting Block WiPT - Deglingos !" buyIn: 0€ + 0€ level: 2 - HandId: #2680928056566087681-18-1674085640 - Holdem no limit (4/15/30) - 2023/01/18 23:47:20 UTC
Table: 'Starting Block WiPT - Deglingos !(624202205)#0' 6-max (real money) Seat #3 is the button
Seat 3: _SKR (1882)
Seat 6: JuMitrooo (1118)
*** ANTE/BLINDS ***
_SKR posts ante 4
JuMitrooo posts ante 4
_SKR posts small blind 15
JuMitrooo posts big blind 30
Dealt to _SKR [Ks Jh]
*** PRE-FLOP *** 
_SKR raises 45 to 75
JuMitrooo calls 45
*** FLOP *** [Ts 6c 6h]
JuMitrooo checks
_SKR checks
*** TURN *** [Ts 6c 6h][9d]
JuMitrooo checks
_SKR checks
*** RIVER *** [Ts 6c 6h 9d][Kh]
JuMitrooo checks
_SKR bets 158
JuMitrooo raises 474 to 632
_SKR calls 474
*** SHOW DOWN ***
_SKR shows [Ks Jh] (Two pairs : Kings and 6)
JuMitrooo shows [6d Kc] (Full of 6 and Kings)
JuMitrooo collected 1422 from pot
*** SUMMARY ***
Total pot 1422 | No rake
Board: [Ts 6c 6h 9d Kh]
Seat 3: _SKR (small blind) (button) showed [Ks Jh] and lost with Two pairs : Kings and 6
Seat 6: JuMitrooo (big blind) showed [6d Kc] and won 1422 with Full of 6 and Kings


Winamax Poker - Tournament "Starting Block WiPT - Deglingos !" buyIn: 0€ + 0€ level: 3 - HandId: #2680928056566087681-19-1674085664 - Holdem no limit (5/20/40) - 2023/01/18 23:47:44 UTC
Table: 'Starting Block WiPT - Deglingos !(624202205)#0' 6-max (real money) Seat #6 is the button
Seat 3: _SKR (1171)
Seat 6: JuMitrooo (1829)
*** ANTE/BLINDS ***
JuMitrooo posts ante 5
_SKR posts ante 5
JuMitrooo posts small blind 20
_SKR posts big blind 40
Dealt to _SKR [3h Ts]
*** PRE-FLOP *** 
JuMitrooo raises 60 to 100
_SKR folds
JuMitrooo collected 150 from pot
*** SUMMARY ***
Total pot 150 | No rake
Seat 6: JuMitrooo (small blind) (button) won 150


Winamax Poker - Tournament "Starting Block WiPT - Deglingos !" buyIn: 0€ + 0€ level: 3 - HandId: #2680928056566087681-20-1674085668 - Holdem no limit (5/20/40) - 2023/01/18 23:47:48 UTC
Table: 'Starting Block WiPT - Deglingos !(624202205)#0' 6-max (real money) Seat #3 is the button
Seat 3: _SKR (1126)
Seat 6: JuMitrooo (1874)
*** ANTE/BLINDS ***
_SKR posts ante 5
JuMitrooo posts ante 5
_SKR posts small blind 20
JuMitrooo posts big blind 40
Dealt to _SKR [Qc Jh]
*** PRE-FLOP *** 
_SKR raises 60 to 100
JuMitrooo calls 60
*** FLOP *** [Ts Kh Ks]
JuMitrooo checks
_SKR bets 105
JuMitrooo calls 105
*** TURN *** [Ts Kh Ks][Ac]
JuMitrooo checks
_SKR bets 210
JuMitrooo calls 210
*** RIVER *** [Ts Kh Ks Ac][8c]
JuMitrooo checks
_SKR bets 706 and is all-in
JuMitrooo folds
_SKR collected 1546 from pot
*** SUMMARY ***
Total pot 1546 | No rake
Board: [Ts Kh Ks Ac 8c]
Seat 3: _SKR (small blind) (button) won 1546


Winamax Poker - Tournament "Starting Block WiPT - Deglingos !" buyIn: 0€ + 0€ level: 3 - HandId: #2680928056566087681-21-1674085688 - Holdem no limit (5/20/40) - 2023/01/18 23:48:08 UTC
Table: 'Starting Block WiPT - Deglingos !(624202205)#0' 6-max (real money) Seat #6 is the button
Seat 3: _SKR (1546)
Seat 6: JuMitrooo (1454)
*** ANTE/BLINDS ***
JuMitrooo posts ante 5
_SKR posts ante 5
JuMitrooo posts small blind 20
_SKR posts big blind 40
Dealt to _SKR [8s Qh]
*** PRE-FLOP *** 
JuMitrooo calls 20
_SKR checks
*** FLOP *** [Jd 3d Tc]
_SKR checks
JuMitrooo bets 90
_SKR raises 144 to 234
JuMitrooo raises 281 to 515
_SKR calls 281
*** TURN *** [Jd 3d Tc][2d]
_SKR bets 986 and is all-in
JuMitrooo folds
_SKR collected 2106 from pot
*** SUMMARY ***
Total pot 2106 | No rake
Board: [Jd 3d Tc 2d]
Seat 3: _SKR (big blind) won 2106


Winamax Poker - Tournament "Starting Block WiPT - Deglingos !" buyIn: 0€ + 0€ level: 3 - HandId: #2680928056566087681-22-1674085706 - Holdem no limit (5/20/40) - 2023/01/18 23:48:26 UTC
Table: 'Starting Block WiPT - Deglingos !(624202205)#0' 6-max (real money) Seat #3 is the button
Seat 3: _SKR (2106)
Seat 6: JuMitrooo (894)
*** ANTE/BLINDS ***
_SKR posts ante 5
JuMitrooo posts ante 5
_SKR posts small blind 20
JuMitrooo posts big blind 40
Dealt to _SKR [Kh 6d]
*** PRE-FLOP *** 
_SKR raises 60 to 100
JuMitrooo calls 60
*** FLOP *** [7h 8c 5c]
JuMitrooo checks
_SKR checks
*** TURN *** [7h 8c 5c][Qd]
JuMitrooo bets 789 and is all-in
_SKR folds
JuMitrooo collected 999 from pot
*** SUMMARY ***
Total pot 999 | No rake
Board: [7h 8c 5c Qd]
Seat 6: JuMitrooo (big blind) won 999


Winamax Poker - Tournament "Starting Block WiPT - Deglingos !" buyIn: 0€ + 0€ level: 3 - HandId: #2680928056566087681-23-1674085716 - Holdem no limit (5/20/40) - 2023/01/18 23:48:36 UTC
Table: 'Starting Block WiPT - Deglingos !(624202205)#0' 6-max (real money) Seat #6 is the button
Seat 3: _SKR (2001)
Seat 6: JuMitrooo (999)
*** ANTE/BLINDS ***
JuMitrooo posts ante 5
_SKR posts ante 5
JuMitrooo posts small blind 20
_SKR posts big blind 40
Dealt to _SKR [Qd Ts]
*** PRE-FLOP *** 
JuMitrooo raises 954 to 994 and is all-in
_SKR folds
JuMitrooo collected 1044 from pot
*** SUMMARY ***
Total pot 1044 | No rake
Seat 6: JuMitrooo (small blind) (button) won 1044


Winamax Poker - Tournament "Starting Block WiPT - Deglingos !" buyIn: 0€ + 0€ level: 3 - HandId: #2680928056566087681-24-1674085720 - Holdem no limit (5/20/40) - 2023/01/18 23:48:40 UTC
Table: 'Starting Block WiPT - Deglingos !(624202205)#0' 6-max (real money) Seat #3 is the button
Seat 3: _SKR (1956)
Seat 6: JuMitrooo (1044)
*** ANTE/BLINDS ***
_SKR posts ante 5
JuMitrooo posts ante 5
_SKR posts small blind 20
JuMitrooo posts big blind 40
Dealt to _SKR [6d 7s]
*** PRE-FLOP *** 
_SKR raises 60 to 100
JuMitrooo raises 939 to 1039 and is all-in
_SKR folds
JuMitrooo collected 1149 from pot
*** SUMMARY ***
Total pot 1149 | No rake
Seat 6: JuMitrooo (big blind) won 1149


Winamax Poker - Tournament "Starting Block WiPT - Deglingos !" buyIn: 0€ + 0€ level: 3 - HandId: #2680928056566087681-25-1674085726 - Holdem no limit (5/20/40) - 2023/01/18 23:48:46 UTC
Table: 'Starting Block WiPT - Deglingos !(624202205)#0' 6-max (real money) Seat #6 is the button
Seat 3: _SKR (1851)
Seat 6: JuMitrooo (1149)
*** ANTE/BLINDS ***
JuMitrooo posts ante 5
_SKR posts ante 5
JuMitrooo posts small blind 20
_SKR posts big blind 40
Dealt to _SKR [Qs 3c]
*** PRE-FLOP *** 
JuMitrooo calls 20
_SKR checks
*** FLOP *** [4c Jd Th]
_SKR checks
JuMitrooo checks
*** TURN *** [4c Jd Th][8s]
_SKR checks
JuMitrooo bets 90
_SKR calls 90
*** RIVER *** [4c Jd Th 8s][Qd]
_SKR checks
JuMitrooo bets 270
_SKR calls 270
*** SHOW DOWN ***
_SKR shows [Qs 3c] (One pair : Queens)
JuMitrooo shows [8h Jh] (Two pairs : Jacks and 8)
JuMitrooo collected 810 from pot
*** SUMMARY ***
Total pot 810 | No rake
Board: [4c Jd Th 8s Qd]
Seat 3: _SKR (big blind) showed [Qs 3c] and lost with One pair : Queens
Seat 6: JuMitrooo (small blind) (button) showed [8h Jh] and won 810 with Two pairs : Jacks and 8


Winamax Poker - Tournament "Starting Block WiPT - Deglingos !" buyIn: 0€ + 0€ level: 3 - HandId: #2680928056566087681-26-1674085745 - Holdem no limit (5/20/40) - 2023/01/18 23:49:05 UTC
Table: 'Starting Block WiPT - Deglingos !(624202205)#0' 6-max (real money) Seat #3 is the button
Seat 3: _SKR (1446)
Seat 6: JuMitrooo (1554)
*** ANTE/BLINDS ***
_SKR posts ante 5
JuMitrooo posts ante 5
_SKR posts small blind 20
JuMitrooo posts big blind 40
Dealt to _SKR [6d Ad]
*** PRE-FLOP *** 
_SKR raises 60 to 100
JuMitrooo calls 60
*** FLOP *** [8d 4d Ac]
JuMitrooo checks
_SKR bets 105
JuMitrooo folds
_SKR collected 315 from pot
*** SUMMARY ***
Total pot 315 | No rake
Board: [8d 4d Ac]
Seat 3: _SKR (small blind) (button) won 315


Winamax Poker - Tournament "Starting Block WiPT - Deglingos !" buyIn: 0€ + 0€ level: 3 - HandId: #2680928056566087681-27-1674085754 - Holdem no limit (5/20/40) - 2023/01/18 23:49:14 UTC
Table: 'Starting Block WiPT - Deglingos !(624202205)#0' 6-max (real money) Seat #6 is the button
Seat 3: _SKR (1551)
Seat 6: JuMitrooo (1449)
*** ANTE/BLINDS ***
JuMitrooo posts ante 5
_SKR posts ante 5
JuMitrooo posts small blind 20
_SKR posts big blind 40
Dealt to _SKR [7s Qd]
*** PRE-FLOP *** 
JuMitrooo calls 20
_SKR checks
*** FLOP *** [8s 3d Jd]
_SKR checks
JuMitrooo bets 90
_SKR calls 90
*** TURN *** [8s 3d Jd][Jc]
_SKR checks
JuMitrooo checks
*** RIVER *** [8s 3d Jd Jc][3s]
_SKR bets 176
JuMitrooo raises 1138 to 1314 and is all-in
_SKR folds
JuMitrooo collected 1760 from pot
*** SUMMARY ***
Total pot 1760 | No rake
Board: [8s 3d Jd Jc 3s]
Seat 6: JuMitrooo (small blind) (button) won 1760


Winamax Poker - Tournament "Starting Block WiPT - Deglingos !" buyIn: 0€ + 0€ level: 3 - HandId: #2680928056566087681-28-1674085770 - Holdem no limit (5/20/40) - 2023/01/18 23:49:30 UTC
Table: 'Starting Block WiPT - Deglingos !(624202205)#0' 6-max (real money) Seat #3 is the button
Seat 3: _SKR (1240)
Seat 6: JuMitrooo (1760)
*** ANTE/BLINDS ***
_SKR posts ante 5
JuMitrooo posts ante 5
_SKR posts small blind 20
JuMitrooo posts big blind 40
Dealt to _SKR [8c Jd]
*** PRE-FLOP *** 
_SKR raises 60 to 100
JuMitrooo folds
_SKR collected 150 from pot
*** SUMMARY ***
Total pot 150 | No rake
Seat 3: _SKR (small blind) (button) won 150


Winamax Poker - Tournament "Starting Block WiPT - Deglingos !" buyIn: 0€ + 0€ level: 3 - HandId: #2680928056566087681-29-1674085777 - Holdem no limit (5/20/40) - 2023/01/18 23:49:37 UTC
Table: 'Starting Block WiPT - Deglingos !(624202205)#0' 6-max (real money) Seat #6 is the button
Seat 3: _SKR (1285)
Seat 6: JuMitrooo (1715)
*** ANTE/BLINDS ***
JuMitrooo posts ante 5
_SKR posts ante 5
JuMitrooo posts small blind 20
_SKR posts big blind 40
Dealt to _SKR [Jc 5h]
*** PRE-FLOP *** 
JuMitrooo calls 20
_SKR checks
*** FLOP *** [4s 9h 3c]
_SKR checks
JuMitrooo bets 59
_SKR folds
JuMitrooo collected 149 from pot
*** SUMMARY ***
Total pot 149 | No rake
Board: [4s 9h 3c]
Seat 6: JuMitrooo (small blind) (button) won 149


Winamax Poker - Tournament "Starting Block WiPT - Deglingos !" buyIn: 0€ + 0€ level: 3 - HandId: #2680928056566087681-30-1674085785 - Holdem no limit (5/20/40) - 2023/01/18 23:49:45 UTC
Table: 'Starting Block WiPT - Deglingos !(624202205)#0' 6-max (real money) Seat #3 is the button
Seat 3: _SKR (1240)
Seat 6: JuMitrooo (1760)
*** ANTE/BLINDS ***
_SKR posts ante 5
JuMitrooo posts ante 5
_SKR posts small blind 20
JuMitrooo posts big blind 40
Dealt to _SKR [5c 7c]
*** PRE-FLOP *** 
_SKR raises 60 to 100
JuMitrooo folds
_SKR collected 150 from pot
*** SUMMARY ***
Total pot 150 | No rake
Seat 3: _SKR (small blind) (button) won 150


Winamax Poker - Tournament "Starting Block WiPT - Deglingos !" buyIn: 0€ + 0€ level: 3 - HandId: #2680928056566087681-31-1674085791 - Holdem no limit (5/20/40) - 2023/01/18 23:49:51 UTC
Table: 'Starting Block WiPT - Deglingos !(624202205)#0' 6-max (real money) Seat #6 is the button
Seat 3: _SKR (1285)
Seat 6: JuMitrooo (1715)
*** ANTE/BLINDS ***
JuMitrooo posts ante 5
_SKR posts ante 5
JuMitrooo posts small blind 20
_SKR posts big blind 40
Dealt to _SKR [6d 7h]
*** PRE-FLOP *** 
JuMitrooo raises 60 to 100
_SKR calls 60
*** FLOP *** [8c 2d Qc]
_SKR checks
JuMitrooo bets 210
_SKR folds
JuMitrooo collected 420 from pot
*** SUMMARY ***
Total pot 420 | No rake
Board: [8c 2d Qc]
Seat 6: JuMitrooo (small blind) (button) won 420


Winamax Poker - Tournament "Starting Block WiPT - Deglingos !" buyIn: 0€ + 0€ level: 3 - HandId: #2680928056566087681-32-1674085801 - Holdem no limit (5/20/40) - 2023/01/18 23:50:01 UTC
Table: 'Starting Block WiPT - Deglingos !(624202205)#0' 6-max (real money) Seat #3 is the button
Seat 3: _SKR (1180)
Seat 6: JuMitrooo (1820)
*** ANTE/BLINDS ***
_SKR posts ante 5
JuMitrooo posts ante 5
_SKR posts small blind 20
JuMitrooo posts big blind 40
Dealt to _SKR [Tc Qh]
*** PRE-FLOP *** 
_SKR raises 60 to 100
JuMitrooo raises 1715 to 1815 and is all-in
_SKR folds
JuMitrooo collected 1925 from pot
*** SUMMARY ***
Total pot 1925 | No rake
Seat 6: JuMitrooo (big blind) won 1925


Winamax Poker - Tournament "Starting Block WiPT - Deglingos !" buyIn: 0€ + 0€ level: 3 - HandId: #2680928056566087681-33-1674085807 - Holdem no limit (5/20/40) - 2023/01/18 23:50:07 UTC
Table: 'Starting Block WiPT - Deglingos !(624202205)#0' 6-max (real money) Seat #6 is the button
Seat 3: _SKR (1075)
Seat 6: JuMitrooo (1925)
*** ANTE/BLINDS ***
JuMitrooo posts ante 5
_SKR posts ante 5
JuMitrooo posts small blind 20
_SKR posts big blind 40
Dealt to _SKR [2h 6h]
*** PRE-FLOP *** 
JuMitrooo calls 20
_SKR checks
*** FLOP *** [Ac Qd 9c]
_SKR checks
JuMitrooo checks
*** TURN *** [Ac Qd 9c][Ks]
_SKR checks
JuMitrooo checks
*** RIVER *** [Ac Qd 9c Ks][9d]
_SKR checks
JuMitrooo checks
*** SHOW DOWN ***
_SKR shows [2h 6h] (One pair : 9)
JuMitrooo shows [2c Jd] (One pair : 9)
JuMitrooo collected 45 from pot
_SKR collected 45 from pot
*** SUMMARY ***
Total pot 90 | No rake
Board: [Ac Qd 9c Ks 9d]
Seat 3: _SKR (big blind) showed [2h 6h] and won 45 with One pair : 9
Seat 6: JuMitrooo (small blind) (button) showed [2c Jd] and won 45 with One pair : 9


Winamax Poker - Tournament "Starting Block WiPT - Deglingos !" buyIn: 0€ + 0€ level: 3 - HandId: #2680928056566087681-34-1674085819 - Holdem no limit (5/20/40) - 2023/01/18 23:50:19 UTC
Table: 'Starting Block WiPT - Deglingos !(624202205)#0' 6-max (real money) Seat #3 is the button
Seat 3: _SKR (1075)
Seat 6: JuMitrooo (1925)
*** ANTE/BLINDS ***
_SKR posts ante 5
JuMitrooo posts ante 5
_SKR posts small blind 20
JuMitrooo posts big blind 40
Dealt to _SKR [8s 6s]
*** PRE-FLOP *** 
_SKR raises 60 to 100
JuMitrooo raises 150 to 250
_SKR calls 150
*** FLOP *** [Jc 3s 8c]
JuMitrooo bets 179
_SKR raises 641 to 820 and is all-in
JuMitrooo calls 641
*** TURN *** [Jc 3s 8c][3c]
*** RIVER *** [Jc 3s 8c 3c][9s]
*** SHOW DOWN ***
_SKR shows [8s 6s] (Two pairs : 8 and 3)
JuMitrooo shows [Ad Ah] (Two pairs : Aces and 3)
JuMitrooo collected 2150 from pot
*** SUMMARY ***
Total pot 2150 | No rake
Board: [Jc 3s 8c 3c 9s]
Seat 3: _SKR (small blind) (button) showed [8s 6s] and lost with Two pairs : 8 and 3
Seat 6: JuMitrooo (big blind) showed [Ad Ah] and won 2150 with Two pairs : Aces and 3


