Winamax Poker - Tournament "Expresso Nitro" buyIn: 0.93€ + 0.07€ level: 1 - HandId: #2734156638532403201-1-1677186961 - Holdem no limit (10/20) - 2023/02/23 21:16:01 UTC
Table: 'Expresso Nitro(636595450)#0' 3-max (real money) Seat #2 is the button
Seat 1: Zzendy (300)
Seat 2: Laulau38300 (300)
Seat 3: _SKR (300)
*** ANTE/BLINDS ***
_SKR posts small blind 10
Zzendy posts big blind 20
Dealt to _SKR [Jd 5c]
*** PRE-FLOP *** 
Laulau38300 calls 20
_SKR folds
Zzendy checks
*** FLOP *** [2d Qc Ks]
Zzendy checks
Laulau38300 bets 20
Zzendy calls 20
*** TURN *** [2d Qc Ks][8s]
Zzendy checks
Laulau38300 bets 20
Zzendy calls 20
*** RIVER *** [2d Qc Ks 8s][Qs]
Zzendy checks
Laulau38300 bets 20
Zzendy calls 20
*** SHOW DOWN ***
Zzendy shows [2s 9d] (Two pairs : Queens and 2)
Laulau38300 shows [Ad 8d] (Two pairs : Queens and 8)
Laulau38300 collected 170 from pot
*** SUMMARY ***
Total pot 170 | No rake
Board: [2d Qc Ks 8s Qs]
Seat 1: Zzendy (big blind) showed [2s 9d] and lost with Two pairs : Queens and 2
Seat 2: Laulau38300 (button) showed [Ad 8d] and won 170 with Two pairs : Queens and 8


Winamax Poker - Tournament "Expresso Nitro" buyIn: 0.93€ + 0.07€ level: 1 - HandId: #2734156638532403201-2-1677186989 - Holdem no limit (10/20) - 2023/02/23 21:16:29 UTC
Table: 'Expresso Nitro(636595450)#0' 3-max (real money) Seat #3 is the button
Seat 1: Zzendy (220)
Seat 2: Laulau38300 (390)
Seat 3: _SKR (290)
*** ANTE/BLINDS ***
Zzendy posts small blind 10
Laulau38300 posts big blind 20
Dealt to _SKR [Tc 8c]
*** PRE-FLOP *** 
_SKR folds
Zzendy calls 10
Laulau38300 checks
*** FLOP *** [Ts 9h Th]
Zzendy checks
Laulau38300 checks
*** TURN *** [Ts 9h Th][Ac]
Zzendy bets 20
Laulau38300 raises 80 to 100
Zzendy calls 80
*** RIVER *** [Ts 9h Th Ac][2d]
Zzendy checks
Laulau38300 bets 270 and is all-in
Zzendy folds
Laulau38300 collected 510 from pot
*** SUMMARY ***
Total pot 510 | No rake
Board: [Ts 9h Th Ac 2d]
Seat 2: Laulau38300 (big blind) won 510


Winamax Poker - Tournament "Expresso Nitro" buyIn: 0.93€ + 0.07€ level: 1 - HandId: #2734156638532403201-3-1677187012 - Holdem no limit (10/20) - 2023/02/23 21:16:52 UTC
Table: 'Expresso Nitro(636595450)#0' 3-max (real money) Seat #1 is the button
Seat 1: Zzendy (100)
Seat 2: Laulau38300 (510)
Seat 3: _SKR (290)
*** ANTE/BLINDS ***
Laulau38300 posts small blind 10
_SKR posts big blind 20
Dealt to _SKR [Kh 7d]
*** PRE-FLOP *** 
Zzendy raises 80 to 100 and is all-in
Laulau38300 calls 90
_SKR folds
*** FLOP *** [8h Ac 5h]
*** TURN *** [8h Ac 5h][Kd]
*** RIVER *** [8h Ac 5h Kd][Kc]
*** SHOW DOWN ***
Zzendy shows [Jh 5d] (Two pairs : Kings and 5)
Laulau38300 shows [6h 6s] (Two pairs : Kings and 6)
Laulau38300 collected 220 from pot
*** SUMMARY ***
Total pot 220 | No rake
Board: [8h Ac 5h Kd Kc]
Seat 1: Zzendy (button) showed [Jh 5d] and lost with Two pairs : Kings and 5
Seat 2: Laulau38300 (small blind) showed [6h 6s] and won 220 with Two pairs : Kings and 6


Winamax Poker - Tournament "Expresso Nitro" buyIn: 0.93€ + 0.07€ level: 2 - HandId: #2734156638532403201-4-1677187028 - Holdem no limit (15/30) - 2023/02/23 21:17:08 UTC
Table: 'Expresso Nitro(636595450)#0' 3-max (real money) Seat #3 is the button
Seat 2: Laulau38300 (630)
Seat 3: _SKR (270)
*** ANTE/BLINDS ***
_SKR posts small blind 15
Laulau38300 posts big blind 30
Dealt to _SKR [6d 7d]
*** PRE-FLOP *** 
_SKR calls 15
Laulau38300 checks
*** FLOP *** [Ts 5s As]
Laulau38300 checks
_SKR checks
*** TURN *** [Ts 5s As][4s]
Laulau38300 bets 30
_SKR folds
Laulau38300 collected 90 from pot
*** SUMMARY ***
Total pot 90 | No rake
Board: [Ts 5s As 4s]
Seat 2: Laulau38300 (big blind) won 90


Winamax Poker - Tournament "Expresso Nitro" buyIn: 0.93€ + 0.07€ level: 2 - HandId: #2734156638532403201-5-1677187056 - Holdem no limit (15/30) - 2023/02/23 21:17:36 UTC
Table: 'Expresso Nitro(636595450)#0' 3-max (real money) Seat #2 is the button
Seat 2: Laulau38300 (660)
Seat 3: _SKR (240)
*** ANTE/BLINDS ***
Laulau38300 posts small blind 15
_SKR posts big blind 30
Dealt to _SKR [8h Ah]
*** PRE-FLOP *** 
Laulau38300 raises 630 to 660 and is all-in
_SKR calls 210 and is all-in
*** FLOP *** [2d 3c Jd]
*** TURN *** [2d 3c Jd][3s]
*** RIVER *** [2d 3c Jd 3s][7d]
*** SHOW DOWN ***
_SKR shows [8h Ah] (One pair : 3)
Laulau38300 shows [Ts Th] (Two pairs : Tens and 3)
Laulau38300 collected 900 from pot
*** SUMMARY ***
Total pot 900 | No rake
Board: [2d 3c Jd 3s 7d]
Seat 2: Laulau38300 (small blind) (button) showed [Ts Th] and won 900 with Two pairs : Tens and 3
Seat 3: _SKR (big blind) showed [8h Ah] and lost with One pair : 3


