Winamax Poker - Tournament "Expresso Nitro" buyIn: 1.86€ + 0.14€ level: 1 - HandId: #2696927823355969537-1-1675103805 - Holdem no limit (10/20) - 2023/01/30 18:36:45 UTC
Table: 'Expresso Nitro(627927441)#0' 3-max (real money) Seat #2 is the button
Seat 1: _SKR (300)
Seat 2: flamixx13 (300)
Seat 3: Ercko (300)
*** ANTE/BLINDS ***
Ercko posts small blind 10
_SKR posts big blind 20
Dealt to _SKR [2h Kc]
*** PRE-FLOP *** 
flamixx13 folds
Ercko folds
_SKR collected 30 from pot
*** SUMMARY ***
Total pot 30 | No rake
Seat 1: _SKR (big blind) won 30


Winamax Poker - Tournament "Expresso Nitro" buyIn: 1.86€ + 0.14€ level: 1 - HandId: #2696927823355969537-2-1675103810 - Holdem no limit (10/20) - 2023/01/30 18:36:50 UTC
Table: 'Expresso Nitro(627927441)#0' 3-max (real money) Seat #3 is the button
Seat 1: _SKR (310)
Seat 2: flamixx13 (300)
Seat 3: Ercko (290)
*** ANTE/BLINDS ***
_SKR posts small blind 10
flamixx13 posts big blind 20
Dealt to _SKR [3h Ad]
*** PRE-FLOP *** 
Ercko calls 20
_SKR raises 290 to 310 and is all-in
flamixx13 folds
Ercko calls 270 and is all-in
*** FLOP *** [8c Qc Ks]
*** TURN *** [8c Qc Ks][Qh]
*** RIVER *** [8c Qc Ks Qh][4s]
*** SHOW DOWN ***
_SKR shows [3h Ad] (One pair : Queens)
Ercko shows [6h Qs] (Trips of Queens)
Ercko collected 600 from main pot
_SKR collected 20 from side pot 1
*** SUMMARY ***
Total pot 620 | No rake
Board: [8c Qc Ks Qh 4s]
Seat 1: _SKR (small blind) showed [3h Ad] and won 20 with One pair : Queens
Seat 3: Ercko (button) showed [6h Qs] and won 600 with Trips of Queens


Winamax Poker - Tournament "Expresso Nitro" buyIn: 1.86€ + 0.14€ level: 1 - HandId: #2696927823355969537-3-1675103848 - Holdem no limit (10/20) - 2023/01/30 18:37:28 UTC
Table: 'Expresso Nitro(627927441)#0' 3-max (real money) Seat #1 is the button
Seat 1: _SKR (20)
Seat 2: flamixx13 (280)
Seat 3: Ercko (600)
*** ANTE/BLINDS ***
flamixx13 posts small blind 10
Ercko posts big blind 20
Dealt to _SKR [Jd 5s]
*** PRE-FLOP *** 
_SKR folds
flamixx13 folds
Ercko collected 30 from pot
*** SUMMARY ***
Total pot 30 | No rake
Seat 3: Ercko (big blind) won 30


Winamax Poker - Tournament "Expresso Nitro" buyIn: 1.86€ + 0.14€ level: 1 - HandId: #2696927823355969537-4-1675103857 - Holdem no limit (10/20) - 2023/01/30 18:37:37 UTC
Table: 'Expresso Nitro(627927441)#0' 3-max (real money) Seat #2 is the button
Seat 1: _SKR (20)
Seat 2: flamixx13 (270)
Seat 3: Ercko (610)
*** ANTE/BLINDS ***
Ercko posts small blind 10
_SKR posts big blind 20 and is all-in
Dealt to _SKR [2s 2h]
*** PRE-FLOP *** 
flamixx13 calls 20
Ercko calls 10
*** FLOP *** [4h 5s 2c]
Ercko checks
flamixx13 folds
*** TURN *** [4h 5s 2c][8c]
*** RIVER *** [4h 5s 2c 8c][2d]
*** SHOW DOWN ***
Ercko shows [9c Tc] (One pair : 2)
_SKR shows [2s 2h] (Quads of 2)
_SKR collected 60 from pot
*** SUMMARY ***
Total pot 60 | No rake
Board: [4h 5s 2c 8c 2d]
Seat 1: _SKR (big blind) showed [2s 2h] and won 60 with Quads of 2
Seat 3: Ercko (small blind) showed [9c Tc] and lost with One pair : 2


Winamax Poker - Tournament "Expresso Nitro" buyIn: 1.86€ + 0.14€ level: 2 - HandId: #2696927823355969537-5-1675103883 - Holdem no limit (15/30) - 2023/01/30 18:38:03 UTC
Table: 'Expresso Nitro(627927441)#0' 3-max (real money) Seat #3 is the button
Seat 1: _SKR (60)
Seat 2: flamixx13 (250)
Seat 3: Ercko (590)
*** ANTE/BLINDS ***
_SKR posts small blind 15
flamixx13 posts big blind 30
Dealt to _SKR [Qs Ac]
*** PRE-FLOP *** 
Ercko folds
_SKR raises 30 to 60 and is all-in
flamixx13 folds
_SKR collected 90 from pot
*** SUMMARY ***
Total pot 90 | No rake
Seat 1: _SKR (small blind) won 90


Winamax Poker - Tournament "Expresso Nitro" buyIn: 1.86€ + 0.14€ level: 2 - HandId: #2696927823355969537-6-1675103895 - Holdem no limit (15/30) - 2023/01/30 18:38:15 UTC
Table: 'Expresso Nitro(627927441)#0' 3-max (real money) Seat #1 is the button
Seat 1: _SKR (90)
Seat 2: flamixx13 (220)
Seat 3: Ercko (590)
*** ANTE/BLINDS ***
flamixx13 posts small blind 15
Ercko posts big blind 30
Dealt to _SKR [7h Qc]
*** PRE-FLOP *** 
_SKR raises 60 to 90 and is all-in
flamixx13 raises 130 to 220 and is all-in
Ercko folds
*** FLOP *** [6c 5c 8d]
*** TURN *** [6c 5c 8d][Kd]
*** RIVER *** [6c 5c 8d Kd][4c]
*** SHOW DOWN ***
_SKR shows [7h Qc] (Straight 8 high)
flamixx13 shows [Ah 2h] (High card : Ace)
flamixx13 collected 130 from side pot 1
_SKR collected 210 from main pot
*** SUMMARY ***
Total pot 340 | No rake
Board: [6c 5c 8d Kd 4c]
Seat 1: _SKR (button) showed [7h Qc] and won 210 with Straight 8 high
Seat 2: flamixx13 (small blind) showed [Ah 2h] and won 130 with High card : Ace


Winamax Poker - Tournament "Expresso Nitro" buyIn: 1.86€ + 0.14€ level: 2 - HandId: #2696927823355969537-7-1675103916 - Holdem no limit (15/30) - 2023/01/30 18:38:36 UTC
Table: 'Expresso Nitro(627927441)#0' 3-max (real money) Seat #2 is the button
Seat 1: _SKR (210)
Seat 2: flamixx13 (130)
Seat 3: Ercko (560)
*** ANTE/BLINDS ***
Ercko posts small blind 15
_SKR posts big blind 30
Dealt to _SKR [Jh Th]
*** PRE-FLOP *** 
flamixx13 folds
Ercko folds
_SKR collected 45 from pot
*** SUMMARY ***
Total pot 45 | No rake
Seat 1: _SKR (big blind) won 45


Winamax Poker - Tournament "Expresso Nitro" buyIn: 1.86€ + 0.14€ level: 3 - HandId: #2696927823355969537-8-1675103922 - Holdem no limit (20/40) - 2023/01/30 18:38:42 UTC
Table: 'Expresso Nitro(627927441)#0' 3-max (real money) Seat #3 is the button
Seat 1: _SKR (225)
Seat 2: flamixx13 (130)
Seat 3: Ercko (545)
*** ANTE/BLINDS ***
_SKR posts small blind 20
flamixx13 posts big blind 40
Dealt to _SKR [5h 3c]
*** PRE-FLOP *** 
Ercko folds
_SKR folds
flamixx13 collected 60 from pot
*** SUMMARY ***
Total pot 60 | No rake
Seat 2: flamixx13 (big blind) won 60


Winamax Poker - Tournament "Expresso Nitro" buyIn: 1.86€ + 0.14€ level: 3 - HandId: #2696927823355969537-9-1675103929 - Holdem no limit (20/40) - 2023/01/30 18:38:49 UTC
Table: 'Expresso Nitro(627927441)#0' 3-max (real money) Seat #1 is the button
Seat 1: _SKR (205)
Seat 2: flamixx13 (150)
Seat 3: Ercko (545)
*** ANTE/BLINDS ***
flamixx13 posts small blind 20
Ercko posts big blind 40
Dealt to _SKR [Jc 7s]
*** PRE-FLOP *** 
_SKR folds
flamixx13 raises 110 to 150 and is all-in
Ercko folds
flamixx13 collected 190 from pot
*** SUMMARY ***
Total pot 190 | No rake
Seat 2: flamixx13 (small blind) won 190


Winamax Poker - Tournament "Expresso Nitro" buyIn: 1.86€ + 0.14€ level: 3 - HandId: #2696927823355969537-10-1675103943 - Holdem no limit (20/40) - 2023/01/30 18:39:03 UTC
Table: 'Expresso Nitro(627927441)#0' 3-max (real money) Seat #2 is the button
Seat 1: _SKR (205)
Seat 2: flamixx13 (190)
Seat 3: Ercko (505)
*** ANTE/BLINDS ***
Ercko posts small blind 20
_SKR posts big blind 40
Dealt to _SKR [Qs 5d]
*** PRE-FLOP *** 
flamixx13 folds
Ercko calls 20
_SKR raises 165 to 205 and is all-in
Ercko calls 165
*** FLOP *** [9h 3d 8c]
*** TURN *** [9h 3d 8c][Qd]
*** RIVER *** [9h 3d 8c Qd][As]
*** SHOW DOWN ***
_SKR shows [Qs 5d] (One pair : Queens)
Ercko shows [Ac 6h] (One pair : Aces)
Ercko collected 410 from pot
*** SUMMARY ***
Total pot 410 | No rake
Board: [9h 3d 8c Qd As]
Seat 1: _SKR (big blind) showed [Qs 5d] and lost with One pair : Queens
Seat 3: Ercko (small blind) showed [Ac 6h] and won 410 with One pair : Aces


