Winamax Poker - Tournament "Expresso Nitro" buyIn: 0.93€ + 0.07€ level: 1 - HandId: #2728655829103280129-1-1676860134 - Holdem no limit (10/20) - 2023/02/20 02:28:54 UTC
Table: 'Expresso Nitro(635314693)#0' 3-max (real money) Seat #2 is the button
Seat 1: _SKR (300)
Seat 2: flowwing_x (300)
Seat 3: Service au T (300)
*** ANTE/BLINDS ***
Service au T posts small blind 10
_SKR posts big blind 20
Dealt to _SKR [9h 9s]
*** PRE-FLOP *** 
flowwing_x folds
Service au T folds
_SKR collected 30 from pot
*** SUMMARY ***
Total pot 30 | No rake
Seat 1: _SKR (big blind) won 30


Winamax Poker - Tournament "Expresso Nitro" buyIn: 0.93€ + 0.07€ level: 1 - HandId: #2728655829103280129-2-1676860157 - Holdem no limit (10/20) - 2023/02/20 02:29:17 UTC
Table: 'Expresso Nitro(635314693)#0' 3-max (real money) Seat #3 is the button
Seat 1: _SKR (310)
Seat 2: flowwing_x (300)
Seat 3: Service au T (290)
*** ANTE/BLINDS ***
_SKR posts small blind 10
flowwing_x posts big blind 20
Dealt to _SKR [6c 4d]
*** PRE-FLOP *** 
Service au T raises 20 to 40
_SKR folds
flowwing_x folds
Service au T collected 70 from pot
*** SUMMARY ***
Total pot 70 | No rake
Seat 3: Service au T (button) won 70


Winamax Poker - Tournament "Expresso Nitro" buyIn: 0.93€ + 0.07€ level: 1 - HandId: #2728655829103280129-3-1676860176 - Holdem no limit (10/20) - 2023/02/20 02:29:36 UTC
Table: 'Expresso Nitro(635314693)#0' 3-max (real money) Seat #1 is the button
Seat 1: _SKR (300)
Seat 2: flowwing_x (280)
Seat 3: Service au T (320)
*** ANTE/BLINDS ***
flowwing_x posts small blind 10
Service au T posts big blind 20
Dealt to _SKR [4d 5h]
*** PRE-FLOP *** 
_SKR folds
flowwing_x raises 260 to 280 and is all-in
Service au T folds
flowwing_x collected 300 from pot
*** SUMMARY ***
Total pot 300 | No rake
Seat 2: flowwing_x (small blind) won 300


Winamax Poker - Tournament "Expresso Nitro" buyIn: 0.93€ + 0.07€ level: 2 - HandId: #2728655829103280129-4-1676860197 - Holdem no limit (15/30) - 2023/02/20 02:29:57 UTC
Table: 'Expresso Nitro(635314693)#0' 3-max (real money) Seat #2 is the button
Seat 1: _SKR (300)
Seat 2: flowwing_x (300)
Seat 3: Service au T (300)
*** ANTE/BLINDS ***
Service au T posts small blind 15
_SKR posts big blind 30
Dealt to _SKR [8d 9c]
*** PRE-FLOP *** 
flowwing_x folds
Service au T calls 15
_SKR checks
*** FLOP *** [2d 6h Jc]
Service au T checks
_SKR bets 30
Service au T calls 30
*** TURN *** [2d 6h Jc][4h]
Service au T checks
_SKR checks
*** RIVER *** [2d 6h Jc 4h][Kh]
Service au T checks
_SKR checks
*** SHOW DOWN ***
_SKR shows [8d 9c] (High card : King)
Service au T shows [Qd Td] (High card : King)
Service au T collected 120 from pot
*** SUMMARY ***
Total pot 120 | No rake
Board: [2d 6h Jc 4h Kh]
Seat 1: _SKR (big blind) showed [8d 9c] and lost with High card : King
Seat 3: Service au T (small blind) showed [Qd Td] and won 120 with High card : King


Winamax Poker - Tournament "Expresso Nitro" buyIn: 0.93€ + 0.07€ level: 2 - HandId: #2728655829103280129-5-1676860244 - Holdem no limit (15/30) - 2023/02/20 02:30:44 UTC
Table: 'Expresso Nitro(635314693)#0' 3-max (real money) Seat #3 is the button
Seat 1: _SKR (240)
Seat 2: flowwing_x (300)
Seat 3: Service au T (360)
*** ANTE/BLINDS ***
_SKR posts small blind 15
flowwing_x posts big blind 30
Dealt to _SKR [6s 9s]
*** PRE-FLOP *** 
Service au T folds
_SKR calls 15
flowwing_x checks
*** FLOP *** [Kc 6d 4c]
_SKR bets 30
flowwing_x raises 240 to 270 and is all-in
_SKR folds
flowwing_x collected 360 from pot
*** SUMMARY ***
Total pot 360 | No rake
Board: [Kc 6d 4c]
Seat 2: flowwing_x (big blind) won 360


Winamax Poker - Tournament "Expresso Nitro" buyIn: 0.93€ + 0.07€ level: 3 - HandId: #2728655829103280129-6-1676860278 - Holdem no limit (20/40) - 2023/02/20 02:31:18 UTC
Table: 'Expresso Nitro(635314693)#0' 3-max (real money) Seat #1 is the button
Seat 1: _SKR (180)
Seat 2: flowwing_x (360)
Seat 3: Service au T (360)
*** ANTE/BLINDS ***
flowwing_x posts small blind 20
Service au T posts big blind 40
Dealt to _SKR [2h 7d]
*** PRE-FLOP *** 
_SKR folds
flowwing_x calls 20
Service au T checks
*** FLOP *** [Tc 3s 5s]
flowwing_x bets 320 and is all-in
Service au T folds
flowwing_x collected 400 from pot
*** SUMMARY ***
Total pot 400 | No rake
Board: [Tc 3s 5s]
Seat 2: flowwing_x (small blind) won 400


Winamax Poker - Tournament "Expresso Nitro" buyIn: 0.93€ + 0.07€ level: 3 - HandId: #2728655829103280129-7-1676860299 - Holdem no limit (20/40) - 2023/02/20 02:31:39 UTC
Table: 'Expresso Nitro(635314693)#0' 3-max (real money) Seat #2 is the button
Seat 1: _SKR (180)
Seat 2: flowwing_x (400)
Seat 3: Service au T (320)
*** ANTE/BLINDS ***
Service au T posts small blind 20
_SKR posts big blind 40
Dealt to _SKR [9d 5c]
*** PRE-FLOP *** 
flowwing_x raises 360 to 400 and is all-in
Service au T folds
_SKR folds
flowwing_x collected 460 from pot
*** SUMMARY ***
Total pot 460 | No rake
Seat 2: flowwing_x (button) won 460


Winamax Poker - Tournament "Expresso Nitro" buyIn: 0.93€ + 0.07€ level: 4 - HandId: #2728655829103280129-8-1676860313 - Holdem no limit (30/60) - 2023/02/20 02:31:53 UTC
Table: 'Expresso Nitro(635314693)#0' 3-max (real money) Seat #3 is the button
Seat 1: _SKR (140)
Seat 2: flowwing_x (460)
Seat 3: Service au T (300)
*** ANTE/BLINDS ***
_SKR posts small blind 30
flowwing_x posts big blind 60
Dealt to _SKR [7d 5h]
*** PRE-FLOP *** 
Service au T folds
_SKR raises 80 to 140 and is all-in
flowwing_x calls 80
*** FLOP *** [3d Tc 7s]
*** TURN *** [3d Tc 7s][Ts]
*** RIVER *** [3d Tc 7s Ts][Qc]
*** SHOW DOWN ***
flowwing_x shows [3h Jc] (Two pairs : Tens and 3)
_SKR shows [7d 5h] (Two pairs : Tens and 7)
_SKR collected 280 from pot
*** SUMMARY ***
Total pot 280 | No rake
Board: [3d Tc 7s Ts Qc]
Seat 1: _SKR (small blind) showed [7d 5h] and won 280 with Two pairs : Tens and 7
Seat 2: flowwing_x (big blind) showed [3h Jc] and lost with Two pairs : Tens and 3


Winamax Poker - Tournament "Expresso Nitro" buyIn: 0.93€ + 0.07€ level: 4 - HandId: #2728655829103280129-9-1676860337 - Holdem no limit (30/60) - 2023/02/20 02:32:17 UTC
Table: 'Expresso Nitro(635314693)#0' 3-max (real money) Seat #1 is the button
Seat 1: _SKR (280)
Seat 2: flowwing_x (320)
Seat 3: Service au T (300)
*** ANTE/BLINDS ***
flowwing_x posts small blind 30
Service au T posts big blind 60
Dealt to _SKR [6s Tc]
*** PRE-FLOP *** 
_SKR folds
flowwing_x folds
Service au T collected 90 from pot
*** SUMMARY ***
Total pot 90 | No rake
Seat 3: Service au T (big blind) won 90


Winamax Poker - Tournament "Expresso Nitro" buyIn: 0.93€ + 0.07€ level: 4 - HandId: #2728655829103280129-10-1676860357 - Holdem no limit (30/60) - 2023/02/20 02:32:37 UTC
Table: 'Expresso Nitro(635314693)#0' 3-max (real money) Seat #2 is the button
Seat 1: _SKR (280)
Seat 2: flowwing_x (290)
Seat 3: Service au T (330)
*** ANTE/BLINDS ***
Service au T posts small blind 30
_SKR posts big blind 60
Dealt to _SKR [4c Tc]
*** PRE-FLOP *** 
flowwing_x folds
Service au T folds
_SKR collected 90 from pot
*** SUMMARY ***
Total pot 90 | No rake
Seat 1: _SKR (big blind) won 90


Winamax Poker - Tournament "Expresso Nitro" buyIn: 0.93€ + 0.07€ level: 4 - HandId: #2728655829103280129-11-1676860365 - Holdem no limit (30/60) - 2023/02/20 02:32:45 UTC
Table: 'Expresso Nitro(635314693)#0' 3-max (real money) Seat #3 is the button
Seat 1: _SKR (310)
Seat 2: flowwing_x (290)
Seat 3: Service au T (300)
*** ANTE/BLINDS ***
_SKR posts small blind 30
flowwing_x posts big blind 60
Dealt to _SKR [6h 9h]
*** PRE-FLOP *** 
Service au T raises 240 to 300 and is all-in
_SKR folds
flowwing_x calls 230 and is all-in
*** FLOP *** [7h Kd 5h]
*** TURN *** [7h Kd 5h][Jc]
*** RIVER *** [7h Kd 5h Jc][2c]
*** SHOW DOWN ***
flowwing_x shows [Ks 9s] (One pair : Kings)
Service au T shows [Ad 3h] (High card : Ace)
Service au T collected 10 from side pot 1
flowwing_x collected 610 from main pot
*** SUMMARY ***
Total pot 620 | No rake
Board: [7h Kd 5h Jc 2c]
Seat 2: flowwing_x (big blind) showed [Ks 9s] and won 610 with One pair : Kings
Seat 3: Service au T (button) showed [Ad 3h] and won 10 with High card : Ace


Winamax Poker - Tournament "Expresso Nitro" buyIn: 0.93€ + 0.07€ level: 5 - HandId: #2728655829103280129-12-1676860387 - Holdem no limit (40/80) - 2023/02/20 02:33:07 UTC
Table: 'Expresso Nitro(635314693)#0' 3-max (real money) Seat #1 is the button
Seat 1: _SKR (280)
Seat 2: flowwing_x (610)
Seat 3: Service au T (10)
*** ANTE/BLINDS ***
flowwing_x posts small blind 40
Service au T posts big blind 10 and is all-in
Dealt to _SKR [Kh 5s]
*** PRE-FLOP *** 
_SKR raises 240 to 280 and is all-in
flowwing_x folds
*** FLOP *** [3s 7d 3c]
*** TURN *** [3s 7d 3c][Ts]
*** RIVER *** [3s 7d 3c Ts][4h]
*** SHOW DOWN ***
_SKR shows [Kh 5s] (One pair : 3)
Service au T shows [7s Qd] (Two pairs : 7 and 3)
Service au T collected 30 from main pot
_SKR collected 300 from side pot 1
*** SUMMARY ***
Total pot 330 | No rake
Board: [3s 7d 3c Ts 4h]
Seat 1: _SKR (button) showed [Kh 5s] and won 300 with One pair : 3
Seat 3: Service au T (big blind) showed [7s Qd] and won 30 with Two pairs : 7 and 3


Winamax Poker - Tournament "Expresso Nitro" buyIn: 0.93€ + 0.07€ level: 5 - HandId: #2728655829103280129-13-1676860410 - Holdem no limit (40/80) - 2023/02/20 02:33:30 UTC
Table: 'Expresso Nitro(635314693)#0' 3-max (real money) Seat #2 is the button
Seat 1: _SKR (300)
Seat 2: flowwing_x (570)
Seat 3: Service au T (30)
*** ANTE/BLINDS ***
Service au T posts small blind 30 and is all-in
_SKR posts big blind 80
Dealt to _SKR [3s 3h]
*** PRE-FLOP *** 
flowwing_x folds
*** FLOP *** [Td 6c 8s]
*** TURN *** [Td 6c 8s][Tc]
*** RIVER *** [Td 6c 8s Tc][9h]
*** SHOW DOWN ***
_SKR shows [3s 3h] (Two pairs : Tens and 3)
Service au T shows [6h 7c] (Straight Ten high)
Service au T collected 60 from main pot
_SKR collected 50 from side pot 1
*** SUMMARY ***
Total pot 110 | No rake
Board: [Td 6c 8s Tc 9h]
Seat 1: _SKR (big blind) showed [3s 3h] and won 50 with Two pairs : Tens and 3
Seat 3: Service au T (small blind) showed [6h 7c] and won 60 with Straight Ten high


Winamax Poker - Tournament "Expresso Nitro" buyIn: 0.93€ + 0.07€ level: 5 - HandId: #2728655829103280129-14-1676860424 - Holdem no limit (40/80) - 2023/02/20 02:33:44 UTC
Table: 'Expresso Nitro(635314693)#0' 3-max (real money) Seat #3 is the button
Seat 1: _SKR (270)
Seat 2: flowwing_x (570)
Seat 3: Service au T (60)
*** ANTE/BLINDS ***
_SKR posts small blind 40
flowwing_x posts big blind 80
Dealt to _SKR [Ad Jd]
*** PRE-FLOP *** 
Service au T calls 60 and is all-in
_SKR raises 190 to 270 and is all-in
flowwing_x calls 190
*** FLOP *** [6h 2s 3s]
*** TURN *** [6h 2s 3s][3d]
*** RIVER *** [6h 2s 3s 3d][4s]
*** SHOW DOWN ***
_SKR shows [Ad Jd] (One pair : 3)
flowwing_x shows [6c 7c] (Two pairs : 6 and 3)
Service au T shows [3c 3h] (Quads of 3)
Service au T collected 180 from main pot
flowwing_x collected 420 from side pot 1
*** SUMMARY ***
Total pot 600 | No rake
Board: [6h 2s 3s 3d 4s]
Seat 1: _SKR (small blind) showed [Ad Jd] and lost with One pair : 3
Seat 2: flowwing_x (big blind) showed [6c 7c] and won 420 with Two pairs : 6 and 3
Seat 3: Service au T (button) showed [3c 3h] and won 180 with Quads of 3


