Winamax Poker - Tournament "Expresso Nitro" buyIn: 0.93€ + 0.07€ level: 1 - HandId: #2671082191932358657-1-1673530230 - Holdem no limit (10/20) - 2023/01/12 13:30:30 UTC
Table: 'Expresso Nitro(621909786)#0' 3-max (real money) Seat #3 is the button
Seat 1: _SKR (300)
Seat 2: OKKAAY-OKAY (300)
Seat 3: Skyzokatana (300)
*** ANTE/BLINDS ***
_SKR posts small blind 10
OKKAAY-OKAY posts big blind 20
Dealt to _SKR [4c 7d]
*** PRE-FLOP *** 
Skyzokatana calls 20
_SKR folds
OKKAAY-OKAY checks
*** FLOP *** [9s 9d 2c]
OKKAAY-OKAY checks
Skyzokatana bets 20
OKKAAY-OKAY calls 20
*** TURN *** [9s 9d 2c][7h]
OKKAAY-OKAY checks
Skyzokatana bets 20
OKKAAY-OKAY calls 20
*** RIVER *** [9s 9d 2c 7h][6h]
OKKAAY-OKAY checks
Skyzokatana checks
*** SHOW DOWN ***
Skyzokatana shows [Th 3h] (One pair : 9)
OKKAAY-OKAY shows [6c 7c] (Two pairs : 9 and 7)
OKKAAY-OKAY collected 130 from pot
*** SUMMARY ***
Total pot 130 | No rake
Board: [9s 9d 2c 7h 6h]
Seat 2: OKKAAY-OKAY (big blind) showed [6c 7c] and won 130 with Two pairs : 9 and 7
Seat 3: Skyzokatana (button) showed [Th 3h] and lost with One pair : 9


Winamax Poker - Tournament "Expresso Nitro" buyIn: 0.93€ + 0.07€ level: 1 - HandId: #2671082191932358657-2-1673530251 - Holdem no limit (10/20) - 2023/01/12 13:30:51 UTC
Table: 'Expresso Nitro(621909786)#0' 3-max (real money) Seat #1 is the button
Seat 1: _SKR (290)
Seat 2: OKKAAY-OKAY (370)
Seat 3: Skyzokatana (240)
*** ANTE/BLINDS ***
OKKAAY-OKAY posts small blind 10
Skyzokatana posts big blind 20
Dealt to _SKR [8s 8c]
*** PRE-FLOP *** 
_SKR raises 270 to 290 and is all-in
OKKAAY-OKAY folds
Skyzokatana folds
_SKR collected 320 from pot
*** SUMMARY ***
Total pot 320 | No rake
Seat 1: _SKR (button) won 320


Winamax Poker - Tournament "Expresso Nitro" buyIn: 0.93€ + 0.07€ level: 1 - HandId: #2671082191932358657-3-1673530256 - Holdem no limit (10/20) - 2023/01/12 13:30:56 UTC
Table: 'Expresso Nitro(621909786)#0' 3-max (real money) Seat #2 is the button
Seat 1: _SKR (320)
Seat 2: OKKAAY-OKAY (360)
Seat 3: Skyzokatana (220)
*** ANTE/BLINDS ***
Skyzokatana posts small blind 10
_SKR posts big blind 20
Dealt to _SKR [3h Ad]
*** PRE-FLOP *** 
OKKAAY-OKAY folds
Skyzokatana folds
_SKR collected 30 from pot
*** SUMMARY ***
Total pot 30 | No rake
Seat 1: _SKR (big blind) won 30


Winamax Poker - Tournament "Expresso Nitro" buyIn: 0.93€ + 0.07€ level: 1 - HandId: #2671082191932358657-4-1673530260 - Holdem no limit (10/20) - 2023/01/12 13:31:00 UTC
Table: 'Expresso Nitro(621909786)#0' 3-max (real money) Seat #3 is the button
Seat 1: _SKR (330)
Seat 2: OKKAAY-OKAY (360)
Seat 3: Skyzokatana (210)
*** ANTE/BLINDS ***
_SKR posts small blind 10
OKKAAY-OKAY posts big blind 20
Dealt to _SKR [Ah Qc]
*** PRE-FLOP *** 
Skyzokatana calls 20
_SKR raises 310 to 330 and is all-in
OKKAAY-OKAY raises 30 to 360 and is all-in
Skyzokatana calls 190 and is all-in
*** FLOP *** [5d 9d 3h]
*** TURN *** [5d 9d 3h][3s]
*** RIVER *** [5d 9d 3h 3s][2s]
*** SHOW DOWN ***
_SKR shows [Ah Qc] (One pair : 3)
OKKAAY-OKAY shows [7c Jc] (One pair : 3)
Skyzokatana shows [9c Jh] (Two pairs : 9 and 3)
Skyzokatana collected 630 from main pot
OKKAAY-OKAY collected 30 from side pot 2
_SKR collected 240 from side pot 1
*** SUMMARY ***
Total pot 900 | No rake
Board: [5d 9d 3h 3s 2s]
Seat 1: _SKR (small blind) showed [Ah Qc] and won 240 with One pair : 3
Seat 2: OKKAAY-OKAY (big blind) showed [7c Jc] and won 30 with One pair : 3
Seat 3: Skyzokatana (button) showed [9c Jh] and won 630 with Two pairs : 9 and 3


Winamax Poker - Tournament "Expresso Nitro" buyIn: 0.93€ + 0.07€ level: 1 - HandId: #2671082191932358657-5-1673530280 - Holdem no limit (10/20) - 2023/01/12 13:31:20 UTC
Table: 'Expresso Nitro(621909786)#0' 3-max (real money) Seat #1 is the button
Seat 1: _SKR (240)
Seat 2: OKKAAY-OKAY (30)
Seat 3: Skyzokatana (630)
*** ANTE/BLINDS ***
OKKAAY-OKAY posts small blind 10
Skyzokatana posts big blind 20
Dealt to _SKR [Th Js]
*** PRE-FLOP *** 
_SKR folds
OKKAAY-OKAY raises 10 to 30 and is all-in
Skyzokatana folds
OKKAAY-OKAY collected 50 from pot
*** SUMMARY ***
Total pot 50 | No rake
Seat 2: OKKAAY-OKAY (small blind) won 50


Winamax Poker - Tournament "Expresso Nitro" buyIn: 0.93€ + 0.07€ level: 2 - HandId: #2671082191932358657-6-1673530286 - Holdem no limit (15/30) - 2023/01/12 13:31:26 UTC
Table: 'Expresso Nitro(621909786)#0' 3-max (real money) Seat #2 is the button
Seat 1: _SKR (240)
Seat 2: OKKAAY-OKAY (50)
Seat 3: Skyzokatana (610)
*** ANTE/BLINDS ***
Skyzokatana posts small blind 15
_SKR posts big blind 30
Dealt to _SKR [Js 9c]
*** PRE-FLOP *** 
OKKAAY-OKAY raises 20 to 50 and is all-in
Skyzokatana calls 35
_SKR calls 20
*** FLOP *** [3h 8s 7h]
Skyzokatana bets 30
_SKR calls 30
*** TURN *** [3h 8s 7h][Kc]
Skyzokatana bets 30
_SKR folds
*** RIVER *** [3h 8s 7h Kc][8d]
*** SHOW DOWN ***
OKKAAY-OKAY shows [5d Tc] (One pair : 8)
Skyzokatana shows [4d 3s] (Two pairs : 8 and 3)
Skyzokatana collected 240 from pot
*** SUMMARY ***
Total pot 240 | No rake
Board: [3h 8s 7h Kc 8d]
Seat 2: OKKAAY-OKAY (button) showed [5d Tc] and lost with One pair : 8
Seat 3: Skyzokatana (small blind) showed [4d 3s] and won 240 with Two pairs : 8 and 3


Winamax Poker - Tournament "Expresso Nitro" buyIn: 0.93€ + 0.07€ level: 2 - HandId: #2671082191932358657-7-1673530321 - Holdem no limit (15/30) - 2023/01/12 13:32:01 UTC
Table: 'Expresso Nitro(621909786)#0' 3-max (real money) Seat #1 is the button
Seat 1: _SKR (160)
Seat 3: Skyzokatana (740)
*** ANTE/BLINDS ***
_SKR posts small blind 15
Skyzokatana posts big blind 30
Dealt to _SKR [9d 8h]
*** PRE-FLOP *** 
_SKR raises 130 to 160 and is all-in
Skyzokatana calls 130
*** FLOP *** [Ah 8c As]
*** TURN *** [Ah 8c As][7s]
*** RIVER *** [Ah 8c As 7s][4s]
*** SHOW DOWN ***
_SKR shows [9d 8h] (Two pairs : Aces and 8)
Skyzokatana shows [Qd Ac] (Trips of Aces)
Skyzokatana collected 320 from pot
*** SUMMARY ***
Total pot 320 | No rake
Board: [Ah 8c As 7s 4s]
Seat 1: _SKR (small blind) (button) showed [9d 8h] and lost with Two pairs : Aces and 8
Seat 3: Skyzokatana (big blind) showed [Qd Ac] and won 320 with Trips of Aces


