Winamax Poker - Tournament "Expresso Nitro" buyIn: 0.93€ + 0.07€ level: 1 - HandId: #2717697091198517249-1-1676231958 - Holdem no limit (10/20) - 2023/02/12 19:59:18 UTC
Table: 'Expresso Nitro(632763163)#0' 3-max (real money) Seat #3 is the button
Seat 1: Mananges (300)
Seat 2: Reno133176 (300)
Seat 3: _SKR (300)
*** ANTE/BLINDS ***
Mananges posts small blind 10
Reno133176 posts big blind 20
Dealt to _SKR [3h 9c]
*** PRE-FLOP *** 
_SKR folds
Mananges calls 10
Reno133176 checks
*** FLOP *** [5c Qs Tc]
Mananges checks
Reno133176 bets 40
Mananges folds
Reno133176 collected 80 from pot
*** SUMMARY ***
Total pot 80 | No rake
Board: [5c Qs Tc]
Seat 2: Reno133176 (big blind) won 80


Winamax Poker - Tournament "Expresso Nitro" buyIn: 0.93€ + 0.07€ level: 1 - HandId: #2717697091198517249-2-1676231974 - Holdem no limit (10/20) - 2023/02/12 19:59:34 UTC
Table: 'Expresso Nitro(632763163)#0' 3-max (real money) Seat #1 is the button
Seat 1: Mananges (280)
Seat 2: Reno133176 (320)
Seat 3: _SKR (300)
*** ANTE/BLINDS ***
Reno133176 posts small blind 10
_SKR posts big blind 20
Dealt to _SKR [Ah Jh]
*** PRE-FLOP *** 
Mananges calls 20
Reno133176 raises 20 to 40
_SKR raises 260 to 300 and is all-in
Mananges folds
Reno133176 calls 260
*** FLOP *** [8h 2c 3d]
*** TURN *** [8h 2c 3d][Qs]
*** RIVER *** [8h 2c 3d Qs][3h]
*** SHOW DOWN ***
Reno133176 shows [4s Ac] (One pair : 3)
_SKR shows [Ah Jh] (One pair : 3)
_SKR collected 620 from pot
*** SUMMARY ***
Total pot 620 | No rake
Board: [8h 2c 3d Qs 3h]
Seat 2: Reno133176 (small blind) showed [4s Ac] and lost with One pair : 3
Seat 3: _SKR (big blind) showed [Ah Jh] and won 620 with One pair : 3


Winamax Poker - Tournament "Expresso Nitro" buyIn: 0.93€ + 0.07€ level: 1 - HandId: #2717697091198517249-3-1676231996 - Holdem no limit (10/20) - 2023/02/12 19:59:56 UTC
Table: 'Expresso Nitro(632763163)#0' 3-max (real money) Seat #2 is the button
Seat 1: Mananges (260)
Seat 2: Reno133176 (20)
Seat 3: _SKR (620)
*** ANTE/BLINDS ***
_SKR posts small blind 10
Mananges posts big blind 20
Dealt to _SKR [Qd Qc]
*** PRE-FLOP *** 
Reno133176 calls 20 and is all-in
_SKR raises 30 to 50
Mananges calls 30
*** FLOP *** [2h 9d Kd]
_SKR bets 60
Mananges calls 60
*** TURN *** [2h 9d Kd][2c]
_SKR checks
Mananges bets 84
_SKR folds
*** RIVER *** [2h 9d Kd 2c][9h]
*** SHOW DOWN ***
Reno133176 shows [7d Ah] (Two pairs : 9 and 2)
Mananges shows [Kc 7h] (Two pairs : Kings and 9)
Mananges collected 324 from pot
*** SUMMARY ***
Total pot 324 | No rake
Board: [2h 9d Kd 2c 9h]
Seat 1: Mananges (big blind) showed [Kc 7h] and won 324 with Two pairs : Kings and 9
Seat 2: Reno133176 (button) showed [7d Ah] and lost with Two pairs : 9 and 2


Winamax Poker - Tournament "Expresso Nitro" buyIn: 0.93€ + 0.07€ level: 2 - HandId: #2717697091198517249-4-1676232030 - Holdem no limit (15/30) - 2023/02/12 20:00:30 UTC
Table: 'Expresso Nitro(632763163)#0' 3-max (real money) Seat #1 is the button
Seat 1: Mananges (390)
Seat 3: _SKR (510)
*** ANTE/BLINDS ***
Mananges posts small blind 15
_SKR posts big blind 30
Dealt to _SKR [9d 9s]
*** PRE-FLOP *** 
Mananges calls 15
_SKR raises 480 to 510 and is all-in
Mananges folds
_SKR collected 540 from pot
*** SUMMARY ***
Total pot 540 | No rake
Seat 3: _SKR (big blind) won 540


Winamax Poker - Tournament "Expresso Nitro" buyIn: 0.93€ + 0.07€ level: 2 - HandId: #2717697091198517249-5-1676232038 - Holdem no limit (15/30) - 2023/02/12 20:00:38 UTC
Table: 'Expresso Nitro(632763163)#0' 3-max (real money) Seat #3 is the button
Seat 1: Mananges (360)
Seat 3: _SKR (540)
*** ANTE/BLINDS ***
_SKR posts small blind 15
Mananges posts big blind 30
Dealt to _SKR [2h 5h]
*** PRE-FLOP *** 
_SKR folds
Mananges collected 45 from pot
*** SUMMARY ***
Total pot 45 | No rake
Seat 1: Mananges (big blind) won 45


Winamax Poker - Tournament "Expresso Nitro" buyIn: 0.93€ + 0.07€ level: 2 - HandId: #2717697091198517249-6-1676232043 - Holdem no limit (15/30) - 2023/02/12 20:00:43 UTC
Table: 'Expresso Nitro(632763163)#0' 3-max (real money) Seat #1 is the button
Seat 1: Mananges (375)
Seat 3: _SKR (525)
*** ANTE/BLINDS ***
Mananges posts small blind 15
_SKR posts big blind 30
Dealt to _SKR [9c 2d]
*** PRE-FLOP *** 
Mananges calls 15
_SKR checks
*** FLOP *** [5c Kc Td]
_SKR checks
Mananges checks
*** TURN *** [5c Kc Td][4d]
_SKR checks
Mananges bets 60
_SKR folds
Mananges collected 120 from pot
*** SUMMARY ***
Total pot 120 | No rake
Board: [5c Kc Td 4d]
Seat 1: Mananges (small blind) (button) won 120


Winamax Poker - Tournament "Expresso Nitro" buyIn: 0.93€ + 0.07€ level: 2 - HandId: #2717697091198517249-7-1676232065 - Holdem no limit (15/30) - 2023/02/12 20:01:05 UTC
Table: 'Expresso Nitro(632763163)#0' 3-max (real money) Seat #3 is the button
Seat 1: Mananges (405)
Seat 3: _SKR (495)
*** ANTE/BLINDS ***
_SKR posts small blind 15
Mananges posts big blind 30
Dealt to _SKR [8d 9d]
*** PRE-FLOP *** 
_SKR raises 30 to 60
Mananges calls 30
*** FLOP *** [3h Ts Kh]
Mananges checks
_SKR bets 42
Mananges calls 42
*** TURN *** [3h Ts Kh][Jd]
Mananges checks
_SKR checks
*** RIVER *** [3h Ts Kh Jd][7s]
Mananges bets 102
_SKR calls 102
*** SHOW DOWN ***
Mananges shows [Qs Qc] (One pair : Queens)
_SKR shows [8d 9d] (Straight Jack high)
_SKR collected 408 from pot
*** SUMMARY ***
Total pot 408 | No rake
Board: [3h Ts Kh Jd 7s]
Seat 1: Mananges (big blind) showed [Qs Qc] and lost with One pair : Queens
Seat 3: _SKR (small blind) (button) showed [8d 9d] and won 408 with Straight Jack high


Winamax Poker - Tournament "Expresso Nitro" buyIn: 0.93€ + 0.07€ level: 3 - HandId: #2717697091198517249-8-1676232090 - Holdem no limit (20/40) - 2023/02/12 20:01:30 UTC
Table: 'Expresso Nitro(632763163)#0' 3-max (real money) Seat #1 is the button
Seat 1: Mananges (201)
Seat 3: _SKR (699)
*** ANTE/BLINDS ***
Mananges posts small blind 20
_SKR posts big blind 40
Dealt to _SKR [Th Ts]
*** PRE-FLOP *** 
Mananges raises 161 to 201 and is all-in
_SKR calls 161
*** FLOP *** [5h Qh 3d]
*** TURN *** [5h Qh 3d][9c]
*** RIVER *** [5h Qh 3d 9c][8s]
*** SHOW DOWN ***
Mananges shows [2d 7d] (High card : Queen)
_SKR shows [Th Ts] (One pair : Tens)
_SKR collected 402 from pot
*** SUMMARY ***
Total pot 402 | No rake
Board: [5h Qh 3d 9c 8s]
Seat 1: Mananges (small blind) (button) showed [2d 7d] and lost with High card : Queen
Seat 3: _SKR (big blind) showed [Th Ts] and won 402 with One pair : Tens


