Winamax Poker - Tournament "Expresso Nitro" buyIn: 0.93€ + 0.07€ level: 1 - HandId: #2730609205999304705-1-1676988446 - Holdem no limit (10/20) - 2023/02/21 14:07:26 UTC
Table: 'Expresso Nitro(635769499)#0' 3-max (real money) Seat #3 is the button
Seat 1: AB-Brs62 (300)
Seat 2: LeBoardLaid (300)
Seat 3: _SKR (300)
*** ANTE/BLINDS ***
AB-Brs62 posts small blind 10
LeBoardLaid posts big blind 20
Dealt to _SKR [4s Kc]
*** PRE-FLOP *** 
_SKR folds
AB-Brs62 calls 10
LeBoardLaid checks
*** FLOP *** [9d Td 8c]
AB-Brs62 bets 40
LeBoardLaid calls 40
*** TURN *** [9d Td 8c][3c]
AB-Brs62 bets 240 and is all-in
LeBoardLaid folds
AB-Brs62 collected 360 from pot
*** SUMMARY ***
Total pot 360 | No rake
Board: [9d Td 8c 3c]
Seat 1: AB-Brs62 (small blind) won 360


Winamax Poker - Tournament "Expresso Nitro" buyIn: 0.93€ + 0.07€ level: 1 - HandId: #2730609205999304705-2-1676988464 - Holdem no limit (10/20) - 2023/02/21 14:07:44 UTC
Table: 'Expresso Nitro(635769499)#0' 3-max (real money) Seat #1 is the button
Seat 1: AB-Brs62 (360)
Seat 2: LeBoardLaid (240)
Seat 3: _SKR (300)
*** ANTE/BLINDS ***
LeBoardLaid posts small blind 10
_SKR posts big blind 20
Dealt to _SKR [Kc Jh]
*** PRE-FLOP *** 
AB-Brs62 calls 20
LeBoardLaid raises 220 to 240 and is all-in
_SKR folds
AB-Brs62 folds
LeBoardLaid collected 280 from pot
*** SUMMARY ***
Total pot 280 | No rake
Seat 2: LeBoardLaid (small blind) won 280


Winamax Poker - Tournament "Expresso Nitro" buyIn: 0.93€ + 0.07€ level: 1 - HandId: #2730609205999304705-3-1676988472 - Holdem no limit (10/20) - 2023/02/21 14:07:52 UTC
Table: 'Expresso Nitro(635769499)#0' 3-max (real money) Seat #2 is the button
Seat 1: AB-Brs62 (340)
Seat 2: LeBoardLaid (280)
Seat 3: _SKR (280)
*** ANTE/BLINDS ***
_SKR posts small blind 10
AB-Brs62 posts big blind 20
Dealt to _SKR [Ad Qd]
*** PRE-FLOP *** 
LeBoardLaid folds
_SKR raises 20 to 40
AB-Brs62 calls 20
*** FLOP *** [5h 4c Kc]
_SKR checks
AB-Brs62 checks
*** TURN *** [5h 4c Kc][Qc]
_SKR checks
AB-Brs62 checks
*** RIVER *** [5h 4c Kc Qc][3s]
_SKR checks
AB-Brs62 checks
*** SHOW DOWN ***
AB-Brs62 shows [6d Jd] (High card : King)
_SKR shows [Ad Qd] (One pair : Queens)
_SKR collected 80 from pot
*** SUMMARY ***
Total pot 80 | No rake
Board: [5h 4c Kc Qc 3s]
Seat 1: AB-Brs62 (big blind) showed [6d Jd] and lost with High card : King
Seat 3: _SKR (small blind) showed [Ad Qd] and won 80 with One pair : Queens


Winamax Poker - Tournament "Expresso Nitro" buyIn: 0.93€ + 0.07€ level: 1 - HandId: #2730609205999304705-4-1676988493 - Holdem no limit (10/20) - 2023/02/21 14:08:13 UTC
Table: 'Expresso Nitro(635769499)#0' 3-max (real money) Seat #3 is the button
Seat 1: AB-Brs62 (300)
Seat 2: LeBoardLaid (280)
Seat 3: _SKR (320)
*** ANTE/BLINDS ***
AB-Brs62 posts small blind 10
LeBoardLaid posts big blind 20
Dealt to _SKR [3h Tc]
*** PRE-FLOP *** 
_SKR folds
AB-Brs62 calls 10
LeBoardLaid checks
*** FLOP *** [7h 2h Qh]
AB-Brs62 checks
LeBoardLaid bets 30
AB-Brs62 calls 30
*** TURN *** [7h 2h Qh][6d]
AB-Brs62 bets 65
LeBoardLaid raises 165 to 230 and is all-in
AB-Brs62 calls 165
*** RIVER *** [7h 2h Qh 6d][5c]
*** SHOW DOWN ***
AB-Brs62 shows [9h 6s] (One pair : 6)
LeBoardLaid shows [6c Kh] (One pair : 6)
LeBoardLaid collected 560 from pot
*** SUMMARY ***
Total pot 560 | No rake
Board: [7h 2h Qh 6d 5c]
Seat 1: AB-Brs62 (small blind) showed [9h 6s] and lost with One pair : 6
Seat 2: LeBoardLaid (big blind) showed [6c Kh] and won 560 with One pair : 6


Winamax Poker - Tournament "Expresso Nitro" buyIn: 0.93€ + 0.07€ level: 2 - HandId: #2730609205999304705-5-1676988517 - Holdem no limit (15/30) - 2023/02/21 14:08:37 UTC
Table: 'Expresso Nitro(635769499)#0' 3-max (real money) Seat #1 is the button
Seat 1: AB-Brs62 (20)
Seat 2: LeBoardLaid (560)
Seat 3: _SKR (320)
*** ANTE/BLINDS ***
LeBoardLaid posts small blind 15
_SKR posts big blind 30
Dealt to _SKR [3s 5d]
*** PRE-FLOP *** 
AB-Brs62 calls 20 and is all-in
LeBoardLaid calls 15
_SKR checks
*** FLOP *** [Kd Qs 8s]
LeBoardLaid bets 30
_SKR folds
*** TURN *** [Kd Qs 8s][4d]
*** RIVER *** [Kd Qs 8s 4d][4h]
*** SHOW DOWN ***
AB-Brs62 shows [Qd 9s] (Two pairs : Queens and 4)
LeBoardLaid shows [2c Kc] (Two pairs : Kings and 4)
LeBoardLaid collected 110 from pot
*** SUMMARY ***
Total pot 110 | No rake
Board: [Kd Qs 8s 4d 4h]
Seat 1: AB-Brs62 (button) showed [Qd 9s] and lost with Two pairs : Queens and 4
Seat 2: LeBoardLaid (small blind) showed [2c Kc] and won 110 with Two pairs : Kings and 4


Winamax Poker - Tournament "Expresso Nitro" buyIn: 0.93€ + 0.07€ level: 2 - HandId: #2730609205999304705-6-1676988547 - Holdem no limit (15/30) - 2023/02/21 14:09:07 UTC
Table: 'Expresso Nitro(635769499)#0' 3-max (real money) Seat #3 is the button
Seat 2: LeBoardLaid (610)
Seat 3: _SKR (290)
*** ANTE/BLINDS ***
_SKR posts small blind 15
LeBoardLaid posts big blind 30
Dealt to _SKR [6s 6d]
*** PRE-FLOP *** 
_SKR raises 260 to 290 and is all-in
LeBoardLaid folds
_SKR collected 320 from pot
*** SUMMARY ***
Total pot 320 | No rake
Seat 3: _SKR (small blind) (button) won 320


Winamax Poker - Tournament "Expresso Nitro" buyIn: 0.93€ + 0.07€ level: 2 - HandId: #2730609205999304705-7-1676988554 - Holdem no limit (15/30) - 2023/02/21 14:09:14 UTC
Table: 'Expresso Nitro(635769499)#0' 3-max (real money) Seat #2 is the button
Seat 2: LeBoardLaid (580)
Seat 3: _SKR (320)
*** ANTE/BLINDS ***
LeBoardLaid posts small blind 15
_SKR posts big blind 30
Dealt to _SKR [Ts Kd]
*** PRE-FLOP *** 
LeBoardLaid raises 30 to 60
_SKR raises 260 to 320 and is all-in
LeBoardLaid calls 260
*** FLOP *** [8d 6s Ac]
*** TURN *** [8d 6s Ac][Js]
*** RIVER *** [8d 6s Ac Js][As]
*** SHOW DOWN ***
_SKR shows [Ts Kd] (One pair : Aces)
LeBoardLaid shows [Jc 6c] (Two pairs : Aces and Jacks)
LeBoardLaid collected 640 from pot
*** SUMMARY ***
Total pot 640 | No rake
Board: [8d 6s Ac Js As]
Seat 2: LeBoardLaid (small blind) (button) showed [Jc 6c] and won 640 with Two pairs : Aces and Jacks
Seat 3: _SKR (big blind) showed [Ts Kd] and lost with One pair : Aces


