Winamax Poker - Tournament "Expresso Nitro" buyIn: 1.86€ + 0.14€ level: 1 - HandId: #2696515115653529601-1-1675084547 - Holdem no limit (10/20) - 2023/01/30 13:15:47 UTC
Table: 'Expresso Nitro(627831350)#0' 3-max (real money) Seat #1 is the button
Seat 1: Amerthune (300)
Seat 2: _SKR (300)
Seat 3: Idris-212 (300)
*** ANTE/BLINDS ***
_SKR posts small blind 10
Idris-212 posts big blind 20
Dealt to _SKR [Qd Js]
*** PRE-FLOP *** 
Amerthune folds
_SKR raises 20 to 40
Idris-212 calls 20
*** FLOP *** [9c 9h Qc]
_SKR bets 40
Idris-212 calls 40
*** TURN *** [9c 9h Qc][Ac]
_SKR checks
Idris-212 checks
*** RIVER *** [9c 9h Qc Ac][Ah]
_SKR bets 80
Idris-212 calls 80
*** SHOW DOWN ***
_SKR shows [Qd Js] (Two pairs : Aces and Queens)
Idris-212 shows [4c 2c] (Flush Ace high)
Idris-212 collected 320 from pot
*** SUMMARY ***
Total pot 320 | No rake
Board: [9c 9h Qc Ac Ah]
Seat 2: _SKR (small blind) showed [Qd Js] and lost with Two pairs : Aces and Queens
Seat 3: Idris-212 (big blind) showed [4c 2c] and won 320 with Flush Ace high


Winamax Poker - Tournament "Expresso Nitro" buyIn: 1.86€ + 0.14€ level: 1 - HandId: #2696515115653529601-2-1675084579 - Holdem no limit (10/20) - 2023/01/30 13:16:19 UTC
Table: 'Expresso Nitro(627831350)#0' 3-max (real money) Seat #2 is the button
Seat 1: Amerthune (300)
Seat 2: _SKR (140)
Seat 3: Idris-212 (460)
*** ANTE/BLINDS ***
Idris-212 posts small blind 10
Amerthune posts big blind 20
Dealt to _SKR [Ac Tc]
*** PRE-FLOP *** 
_SKR raises 120 to 140 and is all-in
Idris-212 folds
Amerthune folds
_SKR collected 170 from pot
*** SUMMARY ***
Total pot 170 | No rake
Seat 2: _SKR (button) won 170


Winamax Poker - Tournament "Expresso Nitro" buyIn: 1.86€ + 0.14€ level: 1 - HandId: #2696515115653529601-3-1675084595 - Holdem no limit (10/20) - 2023/01/30 13:16:35 UTC
Table: 'Expresso Nitro(627831350)#0' 3-max (real money) Seat #3 is the button
Seat 1: Amerthune (280)
Seat 2: _SKR (170)
Seat 3: Idris-212 (450)
*** ANTE/BLINDS ***
Amerthune posts small blind 10
_SKR posts big blind 20
Dealt to _SKR [6c 5s]
*** PRE-FLOP *** 
Idris-212 folds
Amerthune raises 260 to 280 and is all-in
_SKR folds
Amerthune collected 300 from pot
*** SUMMARY ***
Total pot 300 | No rake
Seat 1: Amerthune (small blind) won 300


Winamax Poker - Tournament "Expresso Nitro" buyIn: 1.86€ + 0.14€ level: 1 - HandId: #2696515115653529601-4-1675084602 - Holdem no limit (10/20) - 2023/01/30 13:16:42 UTC
Table: 'Expresso Nitro(627831350)#0' 3-max (real money) Seat #1 is the button
Seat 1: Amerthune (300)
Seat 2: _SKR (150)
Seat 3: Idris-212 (450)
*** ANTE/BLINDS ***
_SKR posts small blind 10
Idris-212 posts big blind 20
Dealt to _SKR [Ac 3d]
*** PRE-FLOP *** 
Amerthune folds
_SKR raises 130 to 150 and is all-in
Idris-212 folds
_SKR collected 170 from pot
*** SUMMARY ***
Total pot 170 | No rake
Seat 2: _SKR (small blind) won 170


Winamax Poker - Tournament "Expresso Nitro" buyIn: 1.86€ + 0.14€ level: 2 - HandId: #2696515115653529601-5-1675084613 - Holdem no limit (15/30) - 2023/01/30 13:16:53 UTC
Table: 'Expresso Nitro(627831350)#0' 3-max (real money) Seat #2 is the button
Seat 1: Amerthune (300)
Seat 2: _SKR (170)
Seat 3: Idris-212 (430)
*** ANTE/BLINDS ***
Idris-212 posts small blind 15
Amerthune posts big blind 30
Dealt to _SKR [8d Td]
*** PRE-FLOP *** 
_SKR folds
Idris-212 calls 15
Amerthune checks
*** FLOP *** [2c 9h 6s]
Idris-212 bets 400 and is all-in
Amerthune folds
Idris-212 collected 460 from pot
*** SUMMARY ***
Total pot 460 | No rake
Board: [2c 9h 6s]
Seat 3: Idris-212 (small blind) won 460


Winamax Poker - Tournament "Expresso Nitro" buyIn: 1.86€ + 0.14€ level: 2 - HandId: #2696515115653529601-6-1675084628 - Holdem no limit (15/30) - 2023/01/30 13:17:08 UTC
Table: 'Expresso Nitro(627831350)#0' 3-max (real money) Seat #3 is the button
Seat 1: Amerthune (270)
Seat 2: _SKR (170)
Seat 3: Idris-212 (460)
*** ANTE/BLINDS ***
Amerthune posts small blind 15
_SKR posts big blind 30
Dealt to _SKR [2s 9d]
*** PRE-FLOP *** 
Idris-212 raises 430 to 460 and is all-in
Amerthune folds
_SKR folds
Idris-212 collected 505 from pot
*** SUMMARY ***
Total pot 505 | No rake
Seat 3: Idris-212 (button) won 505


Winamax Poker - Tournament "Expresso Nitro" buyIn: 1.86€ + 0.14€ level: 2 - HandId: #2696515115653529601-7-1675084643 - Holdem no limit (15/30) - 2023/01/30 13:17:23 UTC
Table: 'Expresso Nitro(627831350)#0' 3-max (real money) Seat #1 is the button
Seat 1: Amerthune (255)
Seat 2: _SKR (140)
Seat 3: Idris-212 (505)
*** ANTE/BLINDS ***
_SKR posts small blind 15
Idris-212 posts big blind 30
Dealt to _SKR [6d 3d]
*** PRE-FLOP *** 
Amerthune folds
_SKR folds
Idris-212 collected 45 from pot
*** SUMMARY ***
Total pot 45 | No rake
Seat 3: Idris-212 (big blind) won 45


Winamax Poker - Tournament "Expresso Nitro" buyIn: 1.86€ + 0.14€ level: 2 - HandId: #2696515115653529601-8-1675084654 - Holdem no limit (15/30) - 2023/01/30 13:17:34 UTC
Table: 'Expresso Nitro(627831350)#0' 3-max (real money) Seat #2 is the button
Seat 1: Amerthune (255)
Seat 2: _SKR (125)
Seat 3: Idris-212 (520)
*** ANTE/BLINDS ***
Idris-212 posts small blind 15
Amerthune posts big blind 30
Dealt to _SKR [4d 2h]
*** PRE-FLOP *** 
_SKR folds
Idris-212 calls 15
Amerthune checks
*** FLOP *** [3d 7c Qc]
Idris-212 checks
Amerthune bets 30
Idris-212 folds
Amerthune collected 90 from pot
*** SUMMARY ***
Total pot 90 | No rake
Board: [3d 7c Qc]
Seat 1: Amerthune (big blind) won 90


Winamax Poker - Tournament "Expresso Nitro" buyIn: 1.86€ + 0.14€ level: 3 - HandId: #2696515115653529601-9-1675084665 - Holdem no limit (20/40) - 2023/01/30 13:17:45 UTC
Table: 'Expresso Nitro(627831350)#0' 3-max (real money) Seat #3 is the button
Seat 1: Amerthune (285)
Seat 2: _SKR (125)
Seat 3: Idris-212 (490)
*** ANTE/BLINDS ***
Amerthune posts small blind 20
_SKR posts big blind 40
Dealt to _SKR [7c 4c]
*** PRE-FLOP *** 
Idris-212 folds
Amerthune raises 245 to 285 and is all-in
_SKR calls 85 and is all-in
*** FLOP *** [7d 6c Ah]
*** TURN *** [7d 6c Ah][7h]
*** RIVER *** [7d 6c Ah 7h][3c]
*** SHOW DOWN ***
Amerthune shows [Js Ac] (Two pairs : Aces and 7)
_SKR shows [7c 4c] (Trips of 7)
_SKR collected 250 from main pot
Amerthune collected 160 from side pot 1
*** SUMMARY ***
Total pot 410 | No rake
Board: [7d 6c Ah 7h 3c]
Seat 1: Amerthune (small blind) showed [Js Ac] and won 160 with Two pairs : Aces and 7
Seat 2: _SKR (big blind) showed [7c 4c] and won 250 with Trips of 7


Winamax Poker - Tournament "Expresso Nitro" buyIn: 1.86€ + 0.14€ level: 3 - HandId: #2696515115653529601-10-1675084684 - Holdem no limit (20/40) - 2023/01/30 13:18:04 UTC
Table: 'Expresso Nitro(627831350)#0' 3-max (real money) Seat #1 is the button
Seat 1: Amerthune (160)
Seat 2: _SKR (250)
Seat 3: Idris-212 (490)
*** ANTE/BLINDS ***
_SKR posts small blind 20
Idris-212 posts big blind 40
Dealt to _SKR [3h Js]
*** PRE-FLOP *** 
Amerthune raises 120 to 160 and is all-in
_SKR folds
Idris-212 folds
Amerthune collected 220 from pot
*** SUMMARY ***
Total pot 220 | No rake
Seat 1: Amerthune (button) won 220


Winamax Poker - Tournament "Expresso Nitro" buyIn: 1.86€ + 0.14€ level: 3 - HandId: #2696515115653529601-11-1675084691 - Holdem no limit (20/40) - 2023/01/30 13:18:11 UTC
Table: 'Expresso Nitro(627831350)#0' 3-max (real money) Seat #2 is the button
Seat 1: Amerthune (220)
Seat 2: _SKR (230)
Seat 3: Idris-212 (450)
*** ANTE/BLINDS ***
Idris-212 posts small blind 20
Amerthune posts big blind 40
Dealt to _SKR [6h 7d]
*** PRE-FLOP *** 
_SKR folds
Idris-212 raises 410 to 450 and is all-in
Amerthune folds
Idris-212 collected 490 from pot
*** SUMMARY ***
Total pot 490 | No rake
Seat 3: Idris-212 (small blind) won 490


Winamax Poker - Tournament "Expresso Nitro" buyIn: 1.86€ + 0.14€ level: 3 - HandId: #2696515115653529601-12-1675084699 - Holdem no limit (20/40) - 2023/01/30 13:18:19 UTC
Table: 'Expresso Nitro(627831350)#0' 3-max (real money) Seat #3 is the button
Seat 1: Amerthune (180)
Seat 2: _SKR (230)
Seat 3: Idris-212 (490)
*** ANTE/BLINDS ***
Amerthune posts small blind 20
_SKR posts big blind 40
Dealt to _SKR [4s 5s]
*** PRE-FLOP *** 
Idris-212 raises 450 to 490 and is all-in
Amerthune folds
_SKR folds
Idris-212 collected 550 from pot
*** SUMMARY ***
Total pot 550 | No rake
Seat 3: Idris-212 (button) won 550


Winamax Poker - Tournament "Expresso Nitro" buyIn: 1.86€ + 0.14€ level: 3 - HandId: #2696515115653529601-13-1675084706 - Holdem no limit (20/40) - 2023/01/30 13:18:26 UTC
Table: 'Expresso Nitro(627831350)#0' 3-max (real money) Seat #1 is the button
Seat 1: Amerthune (160)
Seat 2: _SKR (190)
Seat 3: Idris-212 (550)
*** ANTE/BLINDS ***
_SKR posts small blind 20
Idris-212 posts big blind 40
Dealt to _SKR [7h Ad]
*** PRE-FLOP *** 
Amerthune raises 120 to 160 and is all-in
_SKR raises 30 to 190 and is all-in
Idris-212 folds
*** FLOP *** [Kc 4s 6d]
*** TURN *** [Kc 4s 6d][7d]
*** RIVER *** [Kc 4s 6d 7d][5c]
*** SHOW DOWN ***
Amerthune shows [Qc Tc] (High card : King)
_SKR shows [7h Ad] (One pair : 7)
_SKR collected 390 from pot
*** SUMMARY ***
Total pot 390 | No rake
Board: [Kc 4s 6d 7d 5c]
Seat 1: Amerthune (button) showed [Qc Tc] and lost with High card : King
Seat 2: _SKR (small blind) showed [7h Ad] and won 390 with One pair : 7


Winamax Poker - Tournament "Expresso Nitro" buyIn: 1.86€ + 0.14€ level: 4 - HandId: #2696515115653529601-14-1675084728 - Holdem no limit (30/60) - 2023/01/30 13:18:48 UTC
Table: 'Expresso Nitro(627831350)#0' 3-max (real money) Seat #3 is the button
Seat 2: _SKR (390)
Seat 3: Idris-212 (510)
*** ANTE/BLINDS ***
Idris-212 posts small blind 30
_SKR posts big blind 60
Dealt to _SKR [2s 4d]
*** PRE-FLOP *** 
Idris-212 calls 30
_SKR checks
*** FLOP *** [Jd Tc 2h]
_SKR checks
Idris-212 checks
*** TURN *** [Jd Tc 2h][3s]
_SKR checks
Idris-212 bets 60
_SKR calls 60
*** RIVER *** [Jd Tc 2h 3s][9h]
_SKR checks
Idris-212 checks
*** SHOW DOWN ***
_SKR shows [2s 4d] (One pair : 2)
Idris-212 shows [Td Qh] (One pair : Tens)
Idris-212 collected 240 from pot
*** SUMMARY ***
Total pot 240 | No rake
Board: [Jd Tc 2h 3s 9h]
Seat 2: _SKR (big blind) showed [2s 4d] and lost with One pair : 2
Seat 3: Idris-212 (small blind) (button) showed [Td Qh] and won 240 with One pair : Tens


Winamax Poker - Tournament "Expresso Nitro" buyIn: 1.86€ + 0.14€ level: 4 - HandId: #2696515115653529601-15-1675084758 - Holdem no limit (30/60) - 2023/01/30 13:19:18 UTC
Table: 'Expresso Nitro(627831350)#0' 3-max (real money) Seat #2 is the button
Seat 2: _SKR (270)
Seat 3: Idris-212 (630)
*** ANTE/BLINDS ***
_SKR posts small blind 30
Idris-212 posts big blind 60
Dealt to _SKR [Ks 6d]
*** PRE-FLOP *** 
_SKR raises 210 to 270 and is all-in
Idris-212 folds
_SKR collected 330 from pot
*** SUMMARY ***
Total pot 330 | No rake
Seat 2: _SKR (small blind) (button) won 330


Winamax Poker - Tournament "Expresso Nitro" buyIn: 1.86€ + 0.14€ level: 4 - HandId: #2696515115653529601-16-1675084769 - Holdem no limit (30/60) - 2023/01/30 13:19:29 UTC
Table: 'Expresso Nitro(627831350)#0' 3-max (real money) Seat #3 is the button
Seat 2: _SKR (330)
Seat 3: Idris-212 (570)
*** ANTE/BLINDS ***
Idris-212 posts small blind 30
_SKR posts big blind 60
Dealt to _SKR [Jd 9s]
*** PRE-FLOP *** 
Idris-212 folds
_SKR collected 90 from pot
*** SUMMARY ***
Total pot 90 | No rake
Seat 2: _SKR (big blind) won 90


Winamax Poker - Tournament "Expresso Nitro" buyIn: 1.86€ + 0.14€ level: 4 - HandId: #2696515115653529601-17-1675084772 - Holdem no limit (30/60) - 2023/01/30 13:19:32 UTC
Table: 'Expresso Nitro(627831350)#0' 3-max (real money) Seat #2 is the button
Seat 2: _SKR (360)
Seat 3: Idris-212 (540)
*** ANTE/BLINDS ***
_SKR posts small blind 30
Idris-212 posts big blind 60
Dealt to _SKR [5c Th]
*** PRE-FLOP *** 
_SKR folds
Idris-212 collected 90 from pot
*** SUMMARY ***
Total pot 90 | No rake
Seat 3: Idris-212 (big blind) won 90


Winamax Poker - Tournament "Expresso Nitro" buyIn: 1.86€ + 0.14€ level: 4 - HandId: #2696515115653529601-18-1675084775 - Holdem no limit (30/60) - 2023/01/30 13:19:35 UTC
Table: 'Expresso Nitro(627831350)#0' 3-max (real money) Seat #3 is the button
Seat 2: _SKR (330)
Seat 3: Idris-212 (570)
*** ANTE/BLINDS ***
Idris-212 posts small blind 30
_SKR posts big blind 60
Dealt to _SKR [6s 4h]
*** PRE-FLOP *** 
Idris-212 calls 30
_SKR checks
*** FLOP *** [6h Jc 2c]
_SKR checks
Idris-212 bets 60
_SKR folds
Idris-212 collected 180 from pot
*** SUMMARY ***
Total pot 180 | No rake
Board: [6h Jc 2c]
Seat 3: Idris-212 (small blind) (button) won 180


Winamax Poker - Tournament "Expresso Nitro" buyIn: 1.86€ + 0.14€ level: 5 - HandId: #2696515115653529601-19-1675084798 - Holdem no limit (40/80) - 2023/01/30 13:19:58 UTC
Table: 'Expresso Nitro(627831350)#0' 3-max (real money) Seat #2 is the button
Seat 2: _SKR (270)
Seat 3: Idris-212 (630)
*** ANTE/BLINDS ***
_SKR posts small blind 40
Idris-212 posts big blind 80
Dealt to _SKR [Qs 3d]
*** PRE-FLOP *** 
_SKR raises 190 to 270 and is all-in
Idris-212 calls 190
*** FLOP *** [Jh 4s Td]
*** TURN *** [Jh 4s Td][7c]
*** RIVER *** [Jh 4s Td 7c][6h]
*** SHOW DOWN ***
_SKR shows [Qs 3d] (High card : Queen)
Idris-212 shows [2s Qh] (High card : Queen)
Idris-212 collected 270 from pot
_SKR collected 270 from pot
*** SUMMARY ***
Total pot 540 | No rake
Board: [Jh 4s Td 7c 6h]
Seat 2: _SKR (small blind) (button) showed [Qs 3d] and won 270 with High card : Queen
Seat 3: Idris-212 (big blind) showed [2s Qh] and won 270 with High card : Queen


Winamax Poker - Tournament "Expresso Nitro" buyIn: 1.86€ + 0.14€ level: 5 - HandId: #2696515115653529601-20-1675084814 - Holdem no limit (40/80) - 2023/01/30 13:20:14 UTC
Table: 'Expresso Nitro(627831350)#0' 3-max (real money) Seat #3 is the button
Seat 2: _SKR (270)
Seat 3: Idris-212 (630)
*** ANTE/BLINDS ***
Idris-212 posts small blind 40
_SKR posts big blind 80
Dealt to _SKR [4h Qh]
*** PRE-FLOP *** 
Idris-212 folds
_SKR collected 120 from pot
*** SUMMARY ***
Total pot 120 | No rake
Seat 2: _SKR (big blind) won 120


Winamax Poker - Tournament "Expresso Nitro" buyIn: 1.86€ + 0.14€ level: 5 - HandId: #2696515115653529601-21-1675084819 - Holdem no limit (40/80) - 2023/01/30 13:20:19 UTC
Table: 'Expresso Nitro(627831350)#0' 3-max (real money) Seat #2 is the button
Seat 2: _SKR (310)
Seat 3: Idris-212 (590)
*** ANTE/BLINDS ***
_SKR posts small blind 40
Idris-212 posts big blind 80
Dealt to _SKR [Ts 7s]
*** PRE-FLOP *** 
_SKR raises 230 to 310 and is all-in
Idris-212 calls 230
*** FLOP *** [9s 9d 2h]
*** TURN *** [9s 9d 2h][Jc]
*** RIVER *** [9s 9d 2h Jc][3h]
*** SHOW DOWN ***
Idris-212 shows [5d 8d] (One pair : 9)
_SKR shows [Ts 7s] (One pair : 9)
_SKR collected 620 from pot
*** SUMMARY ***
Total pot 620 | No rake
Board: [9s 9d 2h Jc 3h]
Seat 2: _SKR (small blind) (button) showed [Ts 7s] and won 620 with One pair : 9
Seat 3: Idris-212 (big blind) showed [5d 8d] and lost with One pair : 9


Winamax Poker - Tournament "Expresso Nitro" buyIn: 1.86€ + 0.14€ level: 5 - HandId: #2696515115653529601-22-1675084832 - Holdem no limit (40/80) - 2023/01/30 13:20:32 UTC
Table: 'Expresso Nitro(627831350)#0' 3-max (real money) Seat #3 is the button
Seat 2: _SKR (620)
Seat 3: Idris-212 (280)
*** ANTE/BLINDS ***
Idris-212 posts small blind 40
_SKR posts big blind 80
Dealt to _SKR [Kc Jh]
*** PRE-FLOP *** 
Idris-212 raises 200 to 280 and is all-in
_SKR calls 200
*** FLOP *** [Ts Js 8d]
*** TURN *** [Ts Js 8d][Ad]
*** RIVER *** [Ts Js 8d Ad][2c]
*** SHOW DOWN ***
_SKR shows [Kc Jh] (One pair : Jacks)
Idris-212 shows [Jd Td] (Two pairs : Jacks and Tens)
Idris-212 collected 560 from pot
*** SUMMARY ***
Total pot 560 | No rake
Board: [Ts Js 8d Ad 2c]
Seat 2: _SKR (big blind) showed [Kc Jh] and lost with One pair : Jacks
Seat 3: Idris-212 (small blind) (button) showed [Jd Td] and won 560 with Two pairs : Jacks and Tens


Winamax Poker - Tournament "Expresso Nitro" buyIn: 1.86€ + 0.14€ level: 6 - HandId: #2696515115653529601-23-1675084844 - Holdem no limit (50/100) - 2023/01/30 13:20:44 UTC
Table: 'Expresso Nitro(627831350)#0' 3-max (real money) Seat #2 is the button
Seat 2: _SKR (340)
Seat 3: Idris-212 (560)
*** ANTE/BLINDS ***
_SKR posts small blind 50
Idris-212 posts big blind 100
Dealt to _SKR [Kc 8s]
*** PRE-FLOP *** 
_SKR raises 240 to 340 and is all-in
Idris-212 calls 240
*** FLOP *** [6h Jd Td]
*** TURN *** [6h Jd Td][5s]
*** RIVER *** [6h Jd Td 5s][2c]
*** SHOW DOWN ***
_SKR shows [Kc 8s] (High card : King)
Idris-212 shows [Jc Ah] (One pair : Jacks)
Idris-212 collected 680 from pot
*** SUMMARY ***
Total pot 680 | No rake
Board: [6h Jd Td 5s 2c]
Seat 2: _SKR (small blind) (button) showed [Kc 8s] and lost with High card : King
Seat 3: Idris-212 (big blind) showed [Jc Ah] and won 680 with One pair : Jacks


