Winamax Poker - Tournament "Expresso Nitro" buyIn: 1.86€ + 0.14€ level: 1 - HandId: #2698145523893796865-1-1675182794 - Holdem no limit (10/20) - 2023/01/31 16:33:14 UTC
Table: 'Expresso Nitro(628210959)#0' 3-max (real money) Seat #3 is the button
Seat 1: Kenkenou (300)
Seat 2: _SKR (300)
Seat 3: MrJoyman (300)
*** ANTE/BLINDS ***
Kenkenou posts small blind 10
_SKR posts big blind 20
Dealt to _SKR [Td 2c]
*** PRE-FLOP *** 
MrJoyman folds
Kenkenou calls 10
_SKR checks
*** FLOP *** [2d 8s Ac]
Kenkenou bets 40
_SKR folds
Kenkenou collected 80 from pot
*** SUMMARY ***
Total pot 80 | No rake
Board: [2d 8s Ac]
Seat 1: Kenkenou (small blind) won 80


Winamax Poker - Tournament "Expresso Nitro" buyIn: 1.86€ + 0.14€ level: 1 - HandId: #2698145523893796865-2-1675182822 - Holdem no limit (10/20) - 2023/01/31 16:33:42 UTC
Table: 'Expresso Nitro(628210959)#0' 3-max (real money) Seat #1 is the button
Seat 1: Kenkenou (320)
Seat 2: _SKR (280)
Seat 3: MrJoyman (300)
*** ANTE/BLINDS ***
_SKR posts small blind 10
MrJoyman posts big blind 20
Dealt to _SKR [Ks 2c]
*** PRE-FLOP *** 
Kenkenou calls 20
_SKR folds
MrJoyman checks
*** FLOP *** [2h 5c Td]
MrJoyman checks
Kenkenou checks
*** TURN *** [2h 5c Td][4s]
MrJoyman bets 30
Kenkenou calls 30
*** RIVER *** [2h 5c Td 4s][Kh]
MrJoyman bets 55
Kenkenou raises 215 to 270 and is all-in
MrJoyman folds
Kenkenou collected 435 from pot
*** SUMMARY ***
Total pot 435 | No rake
Board: [2h 5c Td 4s Kh]
Seat 1: Kenkenou (button) won 435


Winamax Poker - Tournament "Expresso Nitro" buyIn: 1.86€ + 0.14€ level: 1 - HandId: #2698145523893796865-3-1675182849 - Holdem no limit (10/20) - 2023/01/31 16:34:09 UTC
Table: 'Expresso Nitro(628210959)#0' 3-max (real money) Seat #2 is the button
Seat 1: Kenkenou (435)
Seat 2: _SKR (270)
Seat 3: MrJoyman (195)
*** ANTE/BLINDS ***
MrJoyman posts small blind 10
Kenkenou posts big blind 20
Dealt to _SKR [2h 4s]
*** PRE-FLOP *** 
_SKR folds
MrJoyman raises 175 to 195 and is all-in
Kenkenou folds
MrJoyman collected 215 from pot
*** SUMMARY ***
Total pot 215 | No rake
Seat 3: MrJoyman (small blind) won 215


Winamax Poker - Tournament "Expresso Nitro" buyIn: 1.86€ + 0.14€ level: 2 - HandId: #2698145523893796865-4-1675182857 - Holdem no limit (15/30) - 2023/01/31 16:34:17 UTC
Table: 'Expresso Nitro(628210959)#0' 3-max (real money) Seat #3 is the button
Seat 1: Kenkenou (415)
Seat 2: _SKR (270)
Seat 3: MrJoyman (215)
*** ANTE/BLINDS ***
Kenkenou posts small blind 15
_SKR posts big blind 30
Dealt to _SKR [5d 4s]
*** PRE-FLOP *** 
MrJoyman folds
Kenkenou raises 120 to 150
_SKR folds
Kenkenou collected 180 from pot
*** SUMMARY ***
Total pot 180 | No rake
Seat 1: Kenkenou (small blind) won 180


Winamax Poker - Tournament "Expresso Nitro" buyIn: 1.86€ + 0.14€ level: 2 - HandId: #2698145523893796865-5-1675182865 - Holdem no limit (15/30) - 2023/01/31 16:34:25 UTC
Table: 'Expresso Nitro(628210959)#0' 3-max (real money) Seat #1 is the button
Seat 1: Kenkenou (445)
Seat 2: _SKR (240)
Seat 3: MrJoyman (215)
*** ANTE/BLINDS ***
_SKR posts small blind 15
MrJoyman posts big blind 30
Dealt to _SKR [Kc 8s]
*** PRE-FLOP *** 
Kenkenou calls 30
_SKR raises 210 to 240 and is all-in
MrJoyman folds
Kenkenou calls 210
*** FLOP *** [4d Qd 5s]
*** TURN *** [4d Qd 5s][5h]
*** RIVER *** [4d Qd 5s 5h][3c]
*** SHOW DOWN ***
_SKR shows [Kc 8s] (One pair : 5)
Kenkenou shows [4h 5c] (Full of 5 and 4)
Kenkenou collected 510 from pot
*** SUMMARY ***
Total pot 510 | No rake
Board: [4d Qd 5s 5h 3c]
Seat 1: Kenkenou (button) showed [4h 5c] and won 510 with Full of 5 and 4
Seat 2: _SKR (small blind) showed [Kc 8s] and lost with One pair : 5


