Winamax Poker - Tournament "Expresso Nitro" buyIn: 1.86€ + 0.14€ level: 1 - HandId: #2677097963645304833-1-1673877023 - Holdem no limit (10/20) - 2023/01/16 13:50:23 UTC
Table: 'Expresso Nitro(623310442)#0' 3-max (real money) Seat #2 is the button
Seat 1: _SKR (300)
Seat 2: Marlooooo (300)
Seat 3: Valentinmn (300)
*** ANTE/BLINDS ***
Valentinmn posts small blind 10
_SKR posts big blind 20
Dealt to _SKR [7d 9h]
*** PRE-FLOP *** 
Marlooooo folds
Valentinmn calls 10
_SKR checks
*** FLOP *** [Jd Th 9d]
Valentinmn bets 20
_SKR folds
Valentinmn collected 60 from pot
*** SUMMARY ***
Total pot 60 | No rake
Board: [Jd Th 9d]
Seat 3: Valentinmn (small blind) won 60


Winamax Poker - Tournament "Expresso Nitro" buyIn: 1.86€ + 0.14€ level: 1 - HandId: #2677097963645304833-2-1673877038 - Holdem no limit (10/20) - 2023/01/16 13:50:38 UTC
Table: 'Expresso Nitro(623310442)#0' 3-max (real money) Seat #3 is the button
Seat 1: _SKR (280)
Seat 2: Marlooooo (300)
Seat 3: Valentinmn (320)
*** ANTE/BLINDS ***
_SKR posts small blind 10
Marlooooo posts big blind 20
Dealt to _SKR [Ks 9s]
*** PRE-FLOP *** 
Valentinmn folds
_SKR raises 20 to 40
Marlooooo folds
_SKR collected 60 from pot
*** SUMMARY ***
Total pot 60 | No rake
Seat 1: _SKR (small blind) won 60


Winamax Poker - Tournament "Expresso Nitro" buyIn: 1.86€ + 0.14€ level: 1 - HandId: #2677097963645304833-3-1673877051 - Holdem no limit (10/20) - 2023/01/16 13:50:51 UTC
Table: 'Expresso Nitro(623310442)#0' 3-max (real money) Seat #1 is the button
Seat 1: _SKR (300)
Seat 2: Marlooooo (280)
Seat 3: Valentinmn (320)
*** ANTE/BLINDS ***
Marlooooo posts small blind 10
Valentinmn posts big blind 20
Dealt to _SKR [Ah Ks]
*** PRE-FLOP *** 
_SKR raises 20 to 40
Marlooooo folds
Valentinmn calls 20
*** FLOP *** [3h Jd Qc]
Valentinmn checks
_SKR bets 32
Valentinmn calls 32
*** TURN *** [3h Jd Qc][Kc]
Valentinmn checks
_SKR bets 77
Valentinmn calls 77
*** RIVER *** [3h Jd Qc Kc][5h]
Valentinmn bets 171 and is all-in
_SKR calls 151 and is all-in
*** SHOW DOWN ***
_SKR shows [Ah Ks] (One pair : Kings)
Valentinmn shows [4h Ts] (High card : King)
Valentinmn collected 20 from side pot 1
_SKR collected 610 from main pot
*** SUMMARY ***
Total pot 630 | No rake
Board: [3h Jd Qc Kc 5h]
Seat 1: _SKR (button) showed [Ah Ks] and won 610 with One pair : Kings
Seat 3: Valentinmn (big blind) showed [4h Ts] and won 20 with High card : King


Winamax Poker - Tournament "Expresso Nitro" buyIn: 1.86€ + 0.14€ level: 2 - HandId: #2677097963645304833-4-1673877082 - Holdem no limit (15/30) - 2023/01/16 13:51:22 UTC
Table: 'Expresso Nitro(623310442)#0' 3-max (real money) Seat #2 is the button
Seat 1: _SKR (610)
Seat 2: Marlooooo (270)
Seat 3: Valentinmn (20)
*** ANTE/BLINDS ***
Valentinmn posts small blind 15
_SKR posts big blind 30
Dealt to _SKR [6d Tc]
*** PRE-FLOP *** 
Marlooooo folds
Valentinmn calls 5 and is all-in
*** FLOP *** [Qs 4c Qh]
*** TURN *** [Qs 4c Qh][8h]
*** RIVER *** [Qs 4c Qh 8h][6h]
*** SHOW DOWN ***
Valentinmn shows [Jc 5s] (One pair : Queens)
_SKR shows [6d Tc] (Two pairs : Queens and 6)
_SKR collected 50 from pot
*** SUMMARY ***
Total pot 50 | No rake
Board: [Qs 4c Qh 8h 6h]
Seat 1: _SKR (big blind) showed [6d Tc] and won 50 with Two pairs : Queens and 6
Seat 3: Valentinmn (small blind) showed [Jc 5s] and lost with One pair : Queens


Winamax Poker - Tournament "Expresso Nitro" buyIn: 1.86€ + 0.14€ level: 2 - HandId: #2677097963645304833-5-1673877097 - Holdem no limit (15/30) - 2023/01/16 13:51:37 UTC
Table: 'Expresso Nitro(623310442)#0' 3-max (real money) Seat #1 is the button
Seat 1: _SKR (630)
Seat 2: Marlooooo (270)
*** ANTE/BLINDS ***
_SKR posts small blind 15
Marlooooo posts big blind 30
Dealt to _SKR [5d 2h]
*** PRE-FLOP *** 
_SKR folds
Marlooooo collected 45 from pot
*** SUMMARY ***
Total pot 45 | No rake
Seat 2: Marlooooo (big blind) won 45


Winamax Poker - Tournament "Expresso Nitro" buyIn: 1.86€ + 0.14€ level: 2 - HandId: #2677097963645304833-6-1673877100 - Holdem no limit (15/30) - 2023/01/16 13:51:40 UTC
Table: 'Expresso Nitro(623310442)#0' 3-max (real money) Seat #2 is the button
Seat 1: _SKR (615)
Seat 2: Marlooooo (285)
*** ANTE/BLINDS ***
Marlooooo posts small blind 15
_SKR posts big blind 30
Dealt to _SKR [7h Jc]
*** PRE-FLOP *** 
Marlooooo raises 30 to 60
_SKR calls 30
*** FLOP *** [Tc 5s 5h]
_SKR checks
Marlooooo bets 225 and is all-in
_SKR folds
Marlooooo collected 345 from pot
*** SUMMARY ***
Total pot 345 | No rake
Board: [Tc 5s 5h]
Seat 2: Marlooooo (small blind) (button) won 345


Winamax Poker - Tournament "Expresso Nitro" buyIn: 1.86€ + 0.14€ level: 2 - HandId: #2677097963645304833-7-1673877120 - Holdem no limit (15/30) - 2023/01/16 13:52:00 UTC
Table: 'Expresso Nitro(623310442)#0' 3-max (real money) Seat #1 is the button
Seat 1: _SKR (555)
Seat 2: Marlooooo (345)
*** ANTE/BLINDS ***
_SKR posts small blind 15
Marlooooo posts big blind 30
Dealt to _SKR [8c 5d]
*** PRE-FLOP *** 
_SKR folds
Marlooooo collected 45 from pot
*** SUMMARY ***
Total pot 45 | No rake
Seat 2: Marlooooo (big blind) won 45


Winamax Poker - Tournament "Expresso Nitro" buyIn: 1.86€ + 0.14€ level: 2 - HandId: #2677097963645304833-8-1673877124 - Holdem no limit (15/30) - 2023/01/16 13:52:04 UTC
Table: 'Expresso Nitro(623310442)#0' 3-max (real money) Seat #2 is the button
Seat 1: _SKR (540)
Seat 2: Marlooooo (360)
*** ANTE/BLINDS ***
Marlooooo posts small blind 15
_SKR posts big blind 30
Dealt to _SKR [5h 2c]
*** PRE-FLOP *** 
Marlooooo raises 330 to 360 and is all-in
_SKR folds
Marlooooo collected 390 from pot
*** SUMMARY ***
Total pot 390 | No rake
Seat 2: Marlooooo (small blind) (button) won 390


Winamax Poker - Tournament "Expresso Nitro" buyIn: 1.86€ + 0.14€ level: 2 - HandId: #2677097963645304833-9-1673877136 - Holdem no limit (15/30) - 2023/01/16 13:52:16 UTC
Table: 'Expresso Nitro(623310442)#0' 3-max (real money) Seat #1 is the button
Seat 1: _SKR (510)
Seat 2: Marlooooo (390)
*** ANTE/BLINDS ***
_SKR posts small blind 15
Marlooooo posts big blind 30
Dealt to _SKR [Th Qc]
*** PRE-FLOP *** 
_SKR raises 30 to 60
Marlooooo folds
_SKR collected 90 from pot
*** SUMMARY ***
Total pot 90 | No rake
Seat 1: _SKR (small blind) (button) won 90


Winamax Poker - Tournament "Expresso Nitro" buyIn: 1.86€ + 0.14€ level: 3 - HandId: #2677097963645304833-10-1673877144 - Holdem no limit (20/40) - 2023/01/16 13:52:24 UTC
Table: 'Expresso Nitro(623310442)#0' 3-max (real money) Seat #2 is the button
Seat 1: _SKR (540)
Seat 2: Marlooooo (360)
*** ANTE/BLINDS ***
Marlooooo posts small blind 20
_SKR posts big blind 40
Dealt to _SKR [4c Jc]
*** PRE-FLOP *** 
Marlooooo raises 40 to 80
_SKR calls 40
*** FLOP *** [6s As Jh]
_SKR checks
Marlooooo bets 280 and is all-in
_SKR folds
Marlooooo collected 440 from pot
*** SUMMARY ***
Total pot 440 | No rake
Board: [6s As Jh]
Seat 2: Marlooooo (small blind) (button) won 440


Winamax Poker - Tournament "Expresso Nitro" buyIn: 1.86€ + 0.14€ level: 3 - HandId: #2677097963645304833-11-1673877157 - Holdem no limit (20/40) - 2023/01/16 13:52:37 UTC
Table: 'Expresso Nitro(623310442)#0' 3-max (real money) Seat #1 is the button
Seat 1: _SKR (460)
Seat 2: Marlooooo (440)
*** ANTE/BLINDS ***
_SKR posts small blind 20
Marlooooo posts big blind 40
Dealt to _SKR [2h Qs]
*** PRE-FLOP *** 
_SKR folds
Marlooooo collected 60 from pot
*** SUMMARY ***
Total pot 60 | No rake
Seat 2: Marlooooo (big blind) won 60


Winamax Poker - Tournament "Expresso Nitro" buyIn: 1.86€ + 0.14€ level: 3 - HandId: #2677097963645304833-12-1673877161 - Holdem no limit (20/40) - 2023/01/16 13:52:41 UTC
Table: 'Expresso Nitro(623310442)#0' 3-max (real money) Seat #2 is the button
Seat 1: _SKR (440)
Seat 2: Marlooooo (460)
*** ANTE/BLINDS ***
Marlooooo posts small blind 20
_SKR posts big blind 40
Dealt to _SKR [7h 5s]
*** PRE-FLOP *** 
Marlooooo folds
_SKR collected 60 from pot
*** SUMMARY ***
Total pot 60 | No rake
Seat 1: _SKR (big blind) won 60


Winamax Poker - Tournament "Expresso Nitro" buyIn: 1.86€ + 0.14€ level: 3 - HandId: #2677097963645304833-13-1673877167 - Holdem no limit (20/40) - 2023/01/16 13:52:47 UTC
Table: 'Expresso Nitro(623310442)#0' 3-max (real money) Seat #1 is the button
Seat 1: _SKR (460)
Seat 2: Marlooooo (440)
*** ANTE/BLINDS ***
_SKR posts small blind 20
Marlooooo posts big blind 40
Dealt to _SKR [Th 3c]
*** PRE-FLOP *** 
_SKR folds
Marlooooo collected 60 from pot
*** SUMMARY ***
Total pot 60 | No rake
Seat 2: Marlooooo (big blind) won 60


Winamax Poker - Tournament "Expresso Nitro" buyIn: 1.86€ + 0.14€ level: 3 - HandId: #2677097963645304833-14-1673877174 - Holdem no limit (20/40) - 2023/01/16 13:52:54 UTC
Table: 'Expresso Nitro(623310442)#0' 3-max (real money) Seat #2 is the button
Seat 1: _SKR (440)
Seat 2: Marlooooo (460)
*** ANTE/BLINDS ***
Marlooooo posts small blind 20
_SKR posts big blind 40
Dealt to _SKR [Jh Js]
*** PRE-FLOP *** 
Marlooooo raises 40 to 80
_SKR raises 360 to 440 and is all-in
Marlooooo raises 20 to 460 and is all-in
*** FLOP *** [Ts 4s Jc]
*** TURN *** [Ts 4s Jc][Kh]
*** RIVER *** [Ts 4s Jc Kh][2h]
*** SHOW DOWN ***
_SKR shows [Jh Js] (Trips of Jacks)
Marlooooo shows [Td 7c] (One pair : Tens)
Marlooooo collected 20 from side pot 1
_SKR collected 880 from main pot
*** SUMMARY ***
Total pot 900 | No rake
Board: [Ts 4s Jc Kh 2h]
Seat 1: _SKR (big blind) showed [Jh Js] and won 880 with Trips of Jacks
Seat 2: Marlooooo (small blind) (button) showed [Td 7c] and won 20 with One pair : Tens


Winamax Poker - Tournament "Expresso Nitro" buyIn: 1.86€ + 0.14€ level: 3 - HandId: #2677097963645304833-15-1673877194 - Holdem no limit (20/40) - 2023/01/16 13:53:14 UTC
Table: 'Expresso Nitro(623310442)#0' 3-max (real money) Seat #1 is the button
Seat 1: _SKR (880)
Seat 2: Marlooooo (20)
*** ANTE/BLINDS ***
_SKR posts small blind 20
Marlooooo posts big blind 20 and is all-in
Dealt to _SKR [2h As]
*** PRE-FLOP *** 
*** FLOP *** [4d Tc 8c]
*** TURN *** [4d Tc 8c][Ad]
*** RIVER *** [4d Tc 8c Ad][Ac]
*** SHOW DOWN ***
Marlooooo shows [6s 3d] (One pair : Aces)
_SKR shows [2h As] (Trips of Aces)
_SKR collected 40 from pot
*** SUMMARY ***
Total pot 40 | No rake
Board: [4d Tc 8c Ad Ac]
Seat 1: _SKR (small blind) (button) showed [2h As] and won 40 with Trips of Aces
Seat 2: Marlooooo (big blind) showed [6s 3d] and lost with One pair : Aces


