Winamax Poker - Tournament "Expresso Nitro" buyIn: 0.93€ + 0.07€ level: 1 - HandId: #2717288399290499073-1-1676215864 - Holdem no limit (10/20) - 2023/02/12 15:31:04 UTC
Table: 'Expresso Nitro(632668007)#0' 3-max (real money) Seat #2 is the button
Seat 1: Voltige68 (300)
Seat 2: Trezeguet1 (300)
Seat 3: _SKR (300)
*** ANTE/BLINDS ***
_SKR posts small blind 10
Voltige68 posts big blind 20
Dealt to _SKR [6s 7c]
*** PRE-FLOP *** 
Trezeguet1 calls 20
_SKR folds
Voltige68 checks
*** FLOP *** [Qh Kc Qs]
Voltige68 checks
Trezeguet1 checks
*** TURN *** [Qh Kc Qs][As]
Voltige68 checks
Trezeguet1 checks
*** RIVER *** [Qh Kc Qs As][Tc]
Voltige68 checks
Trezeguet1 bets 20
Voltige68 folds
Trezeguet1 collected 70 from pot
*** SUMMARY ***
Total pot 70 | No rake
Board: [Qh Kc Qs As Tc]
Seat 2: Trezeguet1 (button) won 70


Winamax Poker - Tournament "Expresso Nitro" buyIn: 0.93€ + 0.07€ level: 1 - HandId: #2717288399290499073-2-1676215912 - Holdem no limit (10/20) - 2023/02/12 15:31:52 UTC
Table: 'Expresso Nitro(632668007)#0' 3-max (real money) Seat #3 is the button
Seat 1: Voltige68 (280)
Seat 2: Trezeguet1 (330)
Seat 3: _SKR (290)
*** ANTE/BLINDS ***
Voltige68 posts small blind 10
Trezeguet1 posts big blind 20
Dealt to _SKR [Ac Ad]
*** PRE-FLOP *** 
_SKR raises 20 to 40
Voltige68 folds
Trezeguet1 folds
_SKR collected 70 from pot
*** SUMMARY ***
Total pot 70 | No rake
Seat 3: _SKR (button) won 70


Winamax Poker - Tournament "Expresso Nitro" buyIn: 0.93€ + 0.07€ level: 2 - HandId: #2717288399290499073-3-1676215921 - Holdem no limit (15/30) - 2023/02/12 15:32:01 UTC
Table: 'Expresso Nitro(632668007)#0' 3-max (real money) Seat #1 is the button
Seat 1: Voltige68 (270)
Seat 2: Trezeguet1 (310)
Seat 3: _SKR (320)
*** ANTE/BLINDS ***
Trezeguet1 posts small blind 15
_SKR posts big blind 30
Dealt to _SKR [Kh 4d]
*** PRE-FLOP *** 
Voltige68 folds
Trezeguet1 raises 280 to 310 and is all-in
_SKR folds
Trezeguet1 collected 340 from pot
*** SUMMARY ***
Total pot 340 | No rake
Seat 2: Trezeguet1 (small blind) won 340


Winamax Poker - Tournament "Expresso Nitro" buyIn: 0.93€ + 0.07€ level: 2 - HandId: #2717288399290499073-4-1676215946 - Holdem no limit (15/30) - 2023/02/12 15:32:26 UTC
Table: 'Expresso Nitro(632668007)#0' 3-max (real money) Seat #2 is the button
Seat 1: Voltige68 (270)
Seat 2: Trezeguet1 (340)
Seat 3: _SKR (290)
*** ANTE/BLINDS ***
_SKR posts small blind 15
Voltige68 posts big blind 30
Dealt to _SKR [9h Th]
*** PRE-FLOP *** 
Trezeguet1 calls 30
_SKR raises 260 to 290 and is all-in
Voltige68 folds
Trezeguet1 folds
_SKR collected 350 from pot
*** SUMMARY ***
Total pot 350 | No rake
Seat 3: _SKR (small blind) won 350


Winamax Poker - Tournament "Expresso Nitro" buyIn: 0.93€ + 0.07€ level: 2 - HandId: #2717288399290499073-5-1676215964 - Holdem no limit (15/30) - 2023/02/12 15:32:44 UTC
Table: 'Expresso Nitro(632668007)#0' 3-max (real money) Seat #3 is the button
Seat 1: Voltige68 (240)
Seat 2: Trezeguet1 (310)
Seat 3: _SKR (350)
*** ANTE/BLINDS ***
Voltige68 posts small blind 15
Trezeguet1 posts big blind 30
Dealt to _SKR [7d Ad]
*** PRE-FLOP *** 
_SKR raises 320 to 350 and is all-in
Voltige68 calls 225 and is all-in
Trezeguet1 folds
*** FLOP *** [4s 7h 8s]
*** TURN *** [4s 7h 8s][Kc]
*** RIVER *** [4s 7h 8s Kc][3c]
*** SHOW DOWN ***
Voltige68 shows [Ah 2d] (High card : Ace)
_SKR shows [7d Ad] (One pair : 7)
_SKR collected 620 from pot
*** SUMMARY ***
Total pot 620 | No rake
Board: [4s 7h 8s Kc 3c]
Seat 1: Voltige68 (small blind) showed [Ah 2d] and lost with High card : Ace
Seat 3: _SKR (button) showed [7d Ad] and won 620 with One pair : 7


Winamax Poker - Tournament "Expresso Nitro" buyIn: 0.93€ + 0.07€ level: 3 - HandId: #2717288399290499073-6-1676215992 - Holdem no limit (20/40) - 2023/02/12 15:33:12 UTC
Table: 'Expresso Nitro(632668007)#0' 3-max (real money) Seat #2 is the button
Seat 2: Trezeguet1 (280)
Seat 3: _SKR (620)
*** ANTE/BLINDS ***
Trezeguet1 posts small blind 20
_SKR posts big blind 40
Dealt to _SKR [4h Tc]
*** PRE-FLOP *** 
Trezeguet1 folds
_SKR collected 60 from pot
*** SUMMARY ***
Total pot 60 | No rake
Seat 3: _SKR (big blind) won 60


Winamax Poker - Tournament "Expresso Nitro" buyIn: 0.93€ + 0.07€ level: 3 - HandId: #2717288399290499073-7-1676215999 - Holdem no limit (20/40) - 2023/02/12 15:33:19 UTC
Table: 'Expresso Nitro(632668007)#0' 3-max (real money) Seat #3 is the button
Seat 2: Trezeguet1 (260)
Seat 3: _SKR (640)
*** ANTE/BLINDS ***
_SKR posts small blind 20
Trezeguet1 posts big blind 40
Dealt to _SKR [6h 9s]
*** PRE-FLOP *** 
_SKR folds
Trezeguet1 collected 60 from pot
*** SUMMARY ***
Total pot 60 | No rake
Seat 2: Trezeguet1 (big blind) won 60


Winamax Poker - Tournament "Expresso Nitro" buyIn: 0.93€ + 0.07€ level: 3 - HandId: #2717288399290499073-8-1676216006 - Holdem no limit (20/40) - 2023/02/12 15:33:26 UTC
Table: 'Expresso Nitro(632668007)#0' 3-max (real money) Seat #2 is the button
Seat 2: Trezeguet1 (280)
Seat 3: _SKR (620)
*** ANTE/BLINDS ***
Trezeguet1 posts small blind 20
_SKR posts big blind 40
Dealt to _SKR [9c 5s]
*** PRE-FLOP *** 
Trezeguet1 folds
_SKR collected 60 from pot
*** SUMMARY ***
Total pot 60 | No rake
Seat 3: _SKR (big blind) won 60


Winamax Poker - Tournament "Expresso Nitro" buyIn: 0.93€ + 0.07€ level: 3 - HandId: #2717288399290499073-9-1676216010 - Holdem no limit (20/40) - 2023/02/12 15:33:30 UTC
Table: 'Expresso Nitro(632668007)#0' 3-max (real money) Seat #3 is the button
Seat 2: Trezeguet1 (260)
Seat 3: _SKR (640)
*** ANTE/BLINDS ***
_SKR posts small blind 20
Trezeguet1 posts big blind 40
Dealt to _SKR [Qs Tc]
*** PRE-FLOP *** 
_SKR raises 600 to 640 and is all-in
Trezeguet1 folds
_SKR collected 680 from pot
*** SUMMARY ***
Total pot 680 | No rake
Seat 3: _SKR (small blind) (button) won 680


Winamax Poker - Tournament "Expresso Nitro" buyIn: 0.93€ + 0.07€ level: 3 - HandId: #2717288399290499073-10-1676216018 - Holdem no limit (20/40) - 2023/02/12 15:33:38 UTC
Table: 'Expresso Nitro(632668007)#0' 3-max (real money) Seat #2 is the button
Seat 2: Trezeguet1 (220)
Seat 3: _SKR (680)
*** ANTE/BLINDS ***
Trezeguet1 posts small blind 20
_SKR posts big blind 40
Dealt to _SKR [As 4c]
*** PRE-FLOP *** 
Trezeguet1 folds
_SKR collected 60 from pot
*** SUMMARY ***
Total pot 60 | No rake
Seat 3: _SKR (big blind) won 60


Winamax Poker - Tournament "Expresso Nitro" buyIn: 0.93€ + 0.07€ level: 3 - HandId: #2717288399290499073-11-1676216022 - Holdem no limit (20/40) - 2023/02/12 15:33:42 UTC
Table: 'Expresso Nitro(632668007)#0' 3-max (real money) Seat #3 is the button
Seat 2: Trezeguet1 (200)
Seat 3: _SKR (700)
*** ANTE/BLINDS ***
_SKR posts small blind 20
Trezeguet1 posts big blind 40
Dealt to _SKR [Qc 4c]
*** PRE-FLOP *** 
_SKR folds
Trezeguet1 collected 60 from pot
*** SUMMARY ***
Total pot 60 | No rake
Seat 2: Trezeguet1 (big blind) won 60


Winamax Poker - Tournament "Expresso Nitro" buyIn: 0.93€ + 0.07€ level: 3 - HandId: #2717288399290499073-12-1676216033 - Holdem no limit (20/40) - 2023/02/12 15:33:53 UTC
Table: 'Expresso Nitro(632668007)#0' 3-max (real money) Seat #2 is the button
Seat 2: Trezeguet1 (220)
Seat 3: _SKR (680)
*** ANTE/BLINDS ***
Trezeguet1 posts small blind 20
_SKR posts big blind 40
Dealt to _SKR [4s 7d]
*** PRE-FLOP *** 
Trezeguet1 folds
_SKR collected 60 from pot
*** SUMMARY ***
Total pot 60 | No rake
Seat 3: _SKR (big blind) won 60


Winamax Poker - Tournament "Expresso Nitro" buyIn: 0.93€ + 0.07€ level: 4 - HandId: #2717288399290499073-13-1676216044 - Holdem no limit (30/60) - 2023/02/12 15:34:04 UTC
Table: 'Expresso Nitro(632668007)#0' 3-max (real money) Seat #3 is the button
Seat 2: Trezeguet1 (200)
Seat 3: _SKR (700)
*** ANTE/BLINDS ***
_SKR posts small blind 30
Trezeguet1 posts big blind 60
Dealt to _SKR [9s Ts]
*** PRE-FLOP *** 
_SKR raises 640 to 700 and is all-in
Trezeguet1 calls 140 and is all-in
*** FLOP *** [2c Th Ac]
*** TURN *** [2c Th Ac][Ad]
*** RIVER *** [2c Th Ac Ad][2d]
*** SHOW DOWN ***
Trezeguet1 shows [6c Qs] (Two pairs : Aces and 2)
_SKR shows [9s Ts] (Two pairs : Aces and Tens)
_SKR collected 900 from pot
*** SUMMARY ***
Total pot 900 | No rake
Board: [2c Th Ac Ad 2d]
Seat 2: Trezeguet1 (big blind) showed [6c Qs] and lost with Two pairs : Aces and 2
Seat 3: _SKR (small blind) (button) showed [9s Ts] and won 900 with Two pairs : Aces and Tens


