Winamax Poker - Tournament "Expresso Nitro" buyIn: 0.93€ + 0.07€ level: 1 - HandId: #2721190368488980481-1-1676418918 - Holdem no limit (10/20) - 2023/02/14 23:55:18 UTC
Table: 'Expresso Nitro(633576505)#0' 3-max (real money) Seat #3 is the button
Seat 1: _SKR (300)
Seat 2: Gaylux62100 (300)
Seat 3: N0noxx (300)
*** ANTE/BLINDS ***
_SKR posts small blind 10
Gaylux62100 posts big blind 20
Dealt to _SKR [2h 5s]
*** PRE-FLOP *** 
N0noxx folds
_SKR folds
Gaylux62100 collected 30 from pot
*** SUMMARY ***
Total pot 30 | No rake
Seat 2: Gaylux62100 (big blind) won 30


Winamax Poker - Tournament "Expresso Nitro" buyIn: 0.93€ + 0.07€ level: 1 - HandId: #2721190368488980481-2-1676418922 - Holdem no limit (10/20) - 2023/02/14 23:55:22 UTC
Table: 'Expresso Nitro(633576505)#0' 3-max (real money) Seat #1 is the button
Seat 1: _SKR (290)
Seat 2: Gaylux62100 (310)
Seat 3: N0noxx (300)
*** ANTE/BLINDS ***
Gaylux62100 posts small blind 10
N0noxx posts big blind 20
Dealt to _SKR [3c Js]
*** PRE-FLOP *** 
_SKR folds
Gaylux62100 calls 10
N0noxx checks
*** FLOP *** [Td 3d 7s]
Gaylux62100 bets 20
N0noxx calls 20
*** TURN *** [Td 3d 7s][3h]
Gaylux62100 bets 20
N0noxx calls 20
*** RIVER *** [Td 3d 7s 3h][Qc]
Gaylux62100 bets 20
N0noxx raises 97 to 117
Gaylux62100 folds
N0noxx collected 257 from pot
*** SUMMARY ***
Total pot 257 | No rake
Board: [Td 3d 7s 3h Qc]
Seat 3: N0noxx (big blind) won 257


Winamax Poker - Tournament "Expresso Nitro" buyIn: 0.93€ + 0.07€ level: 1 - HandId: #2721190368488980481-3-1676418949 - Holdem no limit (10/20) - 2023/02/14 23:55:49 UTC
Table: 'Expresso Nitro(633576505)#0' 3-max (real money) Seat #2 is the button
Seat 1: _SKR (290)
Seat 2: Gaylux62100 (230)
Seat 3: N0noxx (380)
*** ANTE/BLINDS ***
N0noxx posts small blind 10
_SKR posts big blind 20
Dealt to _SKR [Ah Kd]
*** PRE-FLOP *** 
Gaylux62100 calls 20
N0noxx calls 10
_SKR raises 270 to 290 and is all-in
Gaylux62100 folds
N0noxx folds
_SKR collected 330 from pot
*** SUMMARY ***
Total pot 330 | No rake
Seat 1: _SKR (big blind) won 330


Winamax Poker - Tournament "Expresso Nitro" buyIn: 0.93€ + 0.07€ level: 1 - HandId: #2721190368488980481-4-1676418963 - Holdem no limit (10/20) - 2023/02/14 23:56:03 UTC
Table: 'Expresso Nitro(633576505)#0' 3-max (real money) Seat #3 is the button
Seat 1: _SKR (330)
Seat 2: Gaylux62100 (210)
Seat 3: N0noxx (360)
*** ANTE/BLINDS ***
_SKR posts small blind 10
Gaylux62100 posts big blind 20
Dealt to _SKR [6s 7s]
*** PRE-FLOP *** 
N0noxx folds
_SKR calls 10
Gaylux62100 checks
*** FLOP *** [Jh Ac 2s]
_SKR bets 20
Gaylux62100 folds
_SKR collected 60 from pot
*** SUMMARY ***
Total pot 60 | No rake
Board: [Jh Ac 2s]
Seat 1: _SKR (small blind) won 60


Winamax Poker - Tournament "Expresso Nitro" buyIn: 0.93€ + 0.07€ level: 2 - HandId: #2721190368488980481-5-1676418975 - Holdem no limit (15/30) - 2023/02/14 23:56:15 UTC
Table: 'Expresso Nitro(633576505)#0' 3-max (real money) Seat #1 is the button
Seat 1: _SKR (350)
Seat 2: Gaylux62100 (190)
Seat 3: N0noxx (360)
*** ANTE/BLINDS ***
Gaylux62100 posts small blind 15
N0noxx posts big blind 30
Dealt to _SKR [4h Qc]
*** PRE-FLOP *** 
_SKR folds
Gaylux62100 folds
N0noxx collected 45 from pot
*** SUMMARY ***
Total pot 45 | No rake
Seat 3: N0noxx (big blind) won 45


Winamax Poker - Tournament "Expresso Nitro" buyIn: 0.93€ + 0.07€ level: 2 - HandId: #2721190368488980481-6-1676418981 - Holdem no limit (15/30) - 2023/02/14 23:56:21 UTC
Table: 'Expresso Nitro(633576505)#0' 3-max (real money) Seat #2 is the button
Seat 1: _SKR (350)
Seat 2: Gaylux62100 (175)
Seat 3: N0noxx (375)
*** ANTE/BLINDS ***
N0noxx posts small blind 15
_SKR posts big blind 30
Dealt to _SKR [9s 5d]
*** PRE-FLOP *** 
Gaylux62100 folds
N0noxx folds
_SKR collected 45 from pot
*** SUMMARY ***
Total pot 45 | No rake
Seat 1: _SKR (big blind) won 45


Winamax Poker - Tournament "Expresso Nitro" buyIn: 0.93€ + 0.07€ level: 2 - HandId: #2721190368488980481-7-1676418987 - Holdem no limit (15/30) - 2023/02/14 23:56:27 UTC
Table: 'Expresso Nitro(633576505)#0' 3-max (real money) Seat #3 is the button
Seat 1: _SKR (365)
Seat 2: Gaylux62100 (175)
Seat 3: N0noxx (360)
*** ANTE/BLINDS ***
_SKR posts small blind 15
Gaylux62100 posts big blind 30
Dealt to _SKR [Qh 9d]
*** PRE-FLOP *** 
N0noxx folds
_SKR raises 335 to 365 and is all-in
Gaylux62100 calls 145 and is all-in
*** FLOP *** [5c 2s Jd]
*** TURN *** [5c 2s Jd][2h]
*** RIVER *** [5c 2s Jd 2h][Ad]
*** SHOW DOWN ***
_SKR shows [Qh 9d] (One pair : 2)
Gaylux62100 shows [4d 4c] (Two pairs : 4 and 2)
Gaylux62100 collected 350 from main pot
_SKR collected 190 from side pot 1
*** SUMMARY ***
Total pot 540 | No rake
Board: [5c 2s Jd 2h Ad]
Seat 1: _SKR (small blind) showed [Qh 9d] and won 190 with One pair : 2
Seat 2: Gaylux62100 (big blind) showed [4d 4c] and won 350 with Two pairs : 4 and 2


Winamax Poker - Tournament "Expresso Nitro" buyIn: 0.93€ + 0.07€ level: 2 - HandId: #2721190368488980481-8-1676419004 - Holdem no limit (15/30) - 2023/02/14 23:56:44 UTC
Table: 'Expresso Nitro(633576505)#0' 3-max (real money) Seat #1 is the button
Seat 1: _SKR (190)
Seat 2: Gaylux62100 (350)
Seat 3: N0noxx (360)
*** ANTE/BLINDS ***
Gaylux62100 posts small blind 15
N0noxx posts big blind 30
Dealt to _SKR [9c Ks]
*** PRE-FLOP *** 
_SKR raises 160 to 190 and is all-in
Gaylux62100 folds
N0noxx folds
_SKR collected 235 from pot
*** SUMMARY ***
Total pot 235 | No rake
Seat 1: _SKR (button) won 235


Winamax Poker - Tournament "Expresso Nitro" buyIn: 0.93€ + 0.07€ level: 2 - HandId: #2721190368488980481-9-1676419010 - Holdem no limit (15/30) - 2023/02/14 23:56:50 UTC
Table: 'Expresso Nitro(633576505)#0' 3-max (real money) Seat #2 is the button
Seat 1: _SKR (235)
Seat 2: Gaylux62100 (335)
Seat 3: N0noxx (330)
*** ANTE/BLINDS ***
N0noxx posts small blind 15
_SKR posts big blind 30
Dealt to _SKR [Qh 6h]
*** PRE-FLOP *** 
Gaylux62100 folds
N0noxx calls 15
_SKR raises 205 to 235 and is all-in
N0noxx folds
_SKR collected 265 from pot
*** SUMMARY ***
Total pot 265 | No rake
Seat 1: _SKR (big blind) won 265


Winamax Poker - Tournament "Expresso Nitro" buyIn: 0.93€ + 0.07€ level: 2 - HandId: #2721190368488980481-10-1676419019 - Holdem no limit (15/30) - 2023/02/14 23:56:59 UTC
Table: 'Expresso Nitro(633576505)#0' 3-max (real money) Seat #3 is the button
Seat 1: _SKR (265)
Seat 2: Gaylux62100 (335)
Seat 3: N0noxx (300)
*** ANTE/BLINDS ***
_SKR posts small blind 15
Gaylux62100 posts big blind 30
Dealt to _SKR [5d Td]
*** PRE-FLOP *** 
N0noxx calls 30
_SKR folds
Gaylux62100 checks
*** FLOP *** [Qs 9d 8d]
Gaylux62100 checks
N0noxx checks
*** TURN *** [Qs 9d 8d][Kh]
Gaylux62100 checks
N0noxx checks
*** RIVER *** [Qs 9d 8d Kh][Kd]
Gaylux62100 checks
N0noxx checks
*** SHOW DOWN ***
Gaylux62100 shows [2d Js] (One pair : Kings)
N0noxx shows [6c Ad] (One pair : Kings)
N0noxx collected 75 from pot
*** SUMMARY ***
Total pot 75 | No rake
Board: [Qs 9d 8d Kh Kd]
Seat 2: Gaylux62100 (big blind) showed [2d Js] and lost with One pair : Kings
Seat 3: N0noxx (button) showed [6c Ad] and won 75 with One pair : Kings


Winamax Poker - Tournament "Expresso Nitro" buyIn: 0.93€ + 0.07€ level: 3 - HandId: #2721190368488980481-11-1676419040 - Holdem no limit (20/40) - 2023/02/14 23:57:20 UTC
Table: 'Expresso Nitro(633576505)#0' 3-max (real money) Seat #1 is the button
Seat 1: _SKR (250)
Seat 2: Gaylux62100 (305)
Seat 3: N0noxx (345)
*** ANTE/BLINDS ***
Gaylux62100 posts small blind 20
N0noxx posts big blind 40
Dealt to _SKR [Jd Th]
*** PRE-FLOP *** 
_SKR folds
Gaylux62100 calls 20
N0noxx checks
*** FLOP *** [Qs 9d 7h]
Gaylux62100 bets 40
N0noxx calls 40
*** TURN *** [Qs 9d 7h][Ts]
Gaylux62100 bets 40
N0noxx calls 40
*** RIVER *** [Qs 9d 7h Ts][As]
Gaylux62100 bets 84
N0noxx calls 84
*** SHOW DOWN ***
N0noxx shows [9c Jc] (One pair : 9)
Gaylux62100 shows [7d Td] (Two pairs : Tens and 7)
Gaylux62100 collected 408 from pot
*** SUMMARY ***
Total pot 408 | No rake
Board: [Qs 9d 7h Ts As]
Seat 2: Gaylux62100 (small blind) showed [7d Td] and won 408 with Two pairs : Tens and 7
Seat 3: N0noxx (big blind) showed [9c Jc] and lost with One pair : 9


Winamax Poker - Tournament "Expresso Nitro" buyIn: 0.93€ + 0.07€ level: 3 - HandId: #2721190368488980481-12-1676419071 - Holdem no limit (20/40) - 2023/02/14 23:57:51 UTC
Table: 'Expresso Nitro(633576505)#0' 3-max (real money) Seat #2 is the button
Seat 1: _SKR (250)
Seat 2: Gaylux62100 (509)
Seat 3: N0noxx (141)
*** ANTE/BLINDS ***
N0noxx posts small blind 20
_SKR posts big blind 40
Dealt to _SKR [2d Kd]
*** PRE-FLOP *** 
Gaylux62100 calls 40
N0noxx folds
_SKR raises 210 to 250 and is all-in
Gaylux62100 calls 210
*** FLOP *** [Ac Tc 8d]
*** TURN *** [Ac Tc 8d][6c]
*** RIVER *** [Ac Tc 8d 6c][4d]
*** SHOW DOWN ***
Gaylux62100 shows [7h 2h] (High card : Ace)
_SKR shows [2d Kd] (High card : Ace)
_SKR collected 520 from pot
*** SUMMARY ***
Total pot 520 | No rake
Board: [Ac Tc 8d 6c 4d]
Seat 1: _SKR (big blind) showed [2d Kd] and won 520 with High card : Ace
Seat 2: Gaylux62100 (button) showed [7h 2h] and lost with High card : Ace


Winamax Poker - Tournament "Expresso Nitro" buyIn: 0.93€ + 0.07€ level: 3 - HandId: #2721190368488980481-13-1676419089 - Holdem no limit (20/40) - 2023/02/14 23:58:09 UTC
Table: 'Expresso Nitro(633576505)#0' 3-max (real money) Seat #3 is the button
Seat 1: _SKR (520)
Seat 2: Gaylux62100 (259)
Seat 3: N0noxx (121)
*** ANTE/BLINDS ***
_SKR posts small blind 20
Gaylux62100 posts big blind 40
Dealt to _SKR [5h 5c]
*** PRE-FLOP *** 
N0noxx folds
_SKR raises 480 to 520 and is all-in
Gaylux62100 folds
_SKR collected 560 from pot
*** SUMMARY ***
Total pot 560 | No rake
Seat 1: _SKR (small blind) won 560


Winamax Poker - Tournament "Expresso Nitro" buyIn: 0.93€ + 0.07€ level: 4 - HandId: #2721190368488980481-14-1676419099 - Holdem no limit (30/60) - 2023/02/14 23:58:19 UTC
Table: 'Expresso Nitro(633576505)#0' 3-max (real money) Seat #1 is the button
Seat 1: _SKR (560)
Seat 2: Gaylux62100 (219)
Seat 3: N0noxx (121)
*** ANTE/BLINDS ***
Gaylux62100 posts small blind 30
N0noxx posts big blind 60
Dealt to _SKR [Qc 6s]
*** PRE-FLOP *** 
_SKR raises 500 to 560 and is all-in
Gaylux62100 calls 189 and is all-in
N0noxx calls 61 and is all-in
*** FLOP *** [8d Jd 8s]
*** TURN *** [8d Jd 8s][2c]
*** RIVER *** [8d Jd 8s 2c][3s]
*** SHOW DOWN ***
_SKR shows [Qc 6s] (One pair : 8)
Gaylux62100 shows [Ac 5s] (One pair : 8)
N0noxx shows [7s 8c] (Trips of 8)
N0noxx collected 363 from main pot
Gaylux62100 collected 196 from side pot 1
_SKR collected 341 from side pot 2
*** SUMMARY ***
Total pot 900 | No rake
Board: [8d Jd 8s 2c 3s]
Seat 1: _SKR (button) showed [Qc 6s] and won 341 with One pair : 8
Seat 2: Gaylux62100 (small blind) showed [Ac 5s] and won 196 with One pair : 8
Seat 3: N0noxx (big blind) showed [7s 8c] and won 363 with Trips of 8


Winamax Poker - Tournament "Expresso Nitro" buyIn: 0.93€ + 0.07€ level: 4 - HandId: #2721190368488980481-15-1676419116 - Holdem no limit (30/60) - 2023/02/14 23:58:36 UTC
Table: 'Expresso Nitro(633576505)#0' 3-max (real money) Seat #2 is the button
Seat 1: _SKR (341)
Seat 2: Gaylux62100 (196)
Seat 3: N0noxx (363)
*** ANTE/BLINDS ***
N0noxx posts small blind 30
_SKR posts big blind 60
Dealt to _SKR [Jc Th]
*** PRE-FLOP *** 
Gaylux62100 folds
N0noxx folds
_SKR collected 90 from pot
*** SUMMARY ***
Total pot 90 | No rake
Seat 1: _SKR (big blind) won 90


Winamax Poker - Tournament "Expresso Nitro" buyIn: 0.93€ + 0.07€ level: 4 - HandId: #2721190368488980481-16-1676419123 - Holdem no limit (30/60) - 2023/02/14 23:58:43 UTC
Table: 'Expresso Nitro(633576505)#0' 3-max (real money) Seat #3 is the button
Seat 1: _SKR (371)
Seat 2: Gaylux62100 (196)
Seat 3: N0noxx (333)
*** ANTE/BLINDS ***
_SKR posts small blind 30
Gaylux62100 posts big blind 60
Dealt to _SKR [9d As]
*** PRE-FLOP *** 
N0noxx raises 273 to 333 and is all-in
_SKR raises 38 to 371 and is all-in
Gaylux62100 calls 136 and is all-in
*** FLOP *** [4h Kh Td]
*** TURN *** [4h Kh Td][6h]
*** RIVER *** [4h Kh Td 6h][Th]
*** SHOW DOWN ***
N0noxx shows [Ad 2d] (One pair : Tens)
_SKR shows [9d As] (One pair : Tens)
Gaylux62100 shows [Kc 5d] (Two pairs : Kings and Tens)
Gaylux62100 collected 588 from main pot
_SKR collected 312 from side pot 1
*** SUMMARY ***
Total pot 900 | No rake
Board: [4h Kh Td 6h Th]
Seat 1: _SKR (small blind) showed [9d As] and won 312 with One pair : Tens
Seat 2: Gaylux62100 (big blind) showed [Kc 5d] and won 588 with Two pairs : Kings and Tens
Seat 3: N0noxx (button) showed [Ad 2d] and lost with One pair : Tens


Winamax Poker - Tournament "Expresso Nitro" buyIn: 0.93€ + 0.07€ level: 4 - HandId: #2721190368488980481-17-1676419140 - Holdem no limit (30/60) - 2023/02/14 23:59:00 UTC
Table: 'Expresso Nitro(633576505)#0' 3-max (real money) Seat #2 is the button
Seat 1: _SKR (312)
Seat 2: Gaylux62100 (588)
*** ANTE/BLINDS ***
Gaylux62100 posts small blind 30
_SKR posts big blind 60
Dealt to _SKR [Td 3h]
*** PRE-FLOP *** 
Gaylux62100 folds
_SKR collected 90 from pot
*** SUMMARY ***
Total pot 90 | No rake
Seat 1: _SKR (big blind) won 90


Winamax Poker - Tournament "Expresso Nitro" buyIn: 0.93€ + 0.07€ level: 4 - HandId: #2721190368488980481-18-1676419146 - Holdem no limit (30/60) - 2023/02/14 23:59:06 UTC
Table: 'Expresso Nitro(633576505)#0' 3-max (real money) Seat #1 is the button
Seat 1: _SKR (342)
Seat 2: Gaylux62100 (558)
*** ANTE/BLINDS ***
_SKR posts small blind 30
Gaylux62100 posts big blind 60
Dealt to _SKR [5c Qs]
*** PRE-FLOP *** 
_SKR raises 282 to 342 and is all-in
Gaylux62100 calls 282
*** FLOP *** [4h Tc 4s]
*** TURN *** [4h Tc 4s][Qh]
*** RIVER *** [4h Tc 4s Qh][Ac]
*** SHOW DOWN ***
_SKR shows [5c Qs] (Two pairs : Queens and 4)
Gaylux62100 shows [Ah Jh] (Two pairs : Aces and 4)
Gaylux62100 collected 684 from pot
*** SUMMARY ***
Total pot 684 | No rake
Board: [4h Tc 4s Qh Ac]
Seat 1: _SKR (small blind) (button) showed [5c Qs] and lost with Two pairs : Queens and 4
Seat 2: Gaylux62100 (big blind) showed [Ah Jh] and won 684 with Two pairs : Aces and 4


