Winamax Poker - Tournament "Expresso Nitro" buyIn: 0.93€ + 0.07€ level: 1 - HandId: #2717307267081830401-1-1676216805 - Holdem no limit (10/20) - 2023/02/12 15:46:45 UTC
Table: 'Expresso Nitro(632672400)#0' 3-max (real money) Seat #1 is the button
Seat 1: TAYLOR13016 (300)
Seat 2: louli poupi (300)
Seat 3: _SKR (300)
*** ANTE/BLINDS ***
louli poupi posts small blind 10
_SKR posts big blind 20
Dealt to _SKR [3c 9d]
*** PRE-FLOP *** 
TAYLOR13016 calls 20
louli poupi folds
_SKR checks
*** FLOP *** [Qs As Qh]
_SKR checks
TAYLOR13016 bets 33
_SKR folds
TAYLOR13016 collected 83 from pot
*** SUMMARY ***
Total pot 83 | No rake
Board: [Qs As Qh]
Seat 1: TAYLOR13016 (button) won 83


Winamax Poker - Tournament "Expresso Nitro" buyIn: 0.93€ + 0.07€ level: 1 - HandId: #2717307267081830401-2-1676216820 - Holdem no limit (10/20) - 2023/02/12 15:47:00 UTC
Table: 'Expresso Nitro(632672400)#0' 3-max (real money) Seat #2 is the button
Seat 1: TAYLOR13016 (330)
Seat 2: louli poupi (290)
Seat 3: _SKR (280)
*** ANTE/BLINDS ***
_SKR posts small blind 10
TAYLOR13016 posts big blind 20
Dealt to _SKR [8c Jd]
*** PRE-FLOP *** 
louli poupi calls 20
_SKR folds
TAYLOR13016 checks
*** FLOP *** [Kd 4s Jc]
TAYLOR13016 bets 50
louli poupi folds
TAYLOR13016 collected 100 from pot
*** SUMMARY ***
Total pot 100 | No rake
Board: [Kd 4s Jc]
Seat 1: TAYLOR13016 (big blind) won 100


Winamax Poker - Tournament "Expresso Nitro" buyIn: 0.93€ + 0.07€ level: 1 - HandId: #2717307267081830401-3-1676216844 - Holdem no limit (10/20) - 2023/02/12 15:47:24 UTC
Table: 'Expresso Nitro(632672400)#0' 3-max (real money) Seat #3 is the button
Seat 1: TAYLOR13016 (360)
Seat 2: louli poupi (270)
Seat 3: _SKR (270)
*** ANTE/BLINDS ***
TAYLOR13016 posts small blind 10
louli poupi posts big blind 20
Dealt to _SKR [Ad Jc]
*** PRE-FLOP *** 
_SKR raises 20 to 40
TAYLOR13016 calls 30
louli poupi folds
*** FLOP *** [9d 2c 9c]
TAYLOR13016 checks
_SKR checks
*** TURN *** [9d 2c 9c][3c]
TAYLOR13016 bets 20
_SKR calls 20
*** RIVER *** [9d 2c 9c 3c][Qc]
TAYLOR13016 bets 91
_SKR calls 91
*** SHOW DOWN ***
TAYLOR13016 shows [6h 7c] (Flush Queen high)
_SKR shows [Ad Jc] (Flush Queen high)
_SKR collected 322 from pot
*** SUMMARY ***
Total pot 322 | No rake
Board: [9d 2c 9c 3c Qc]
Seat 1: TAYLOR13016 (small blind) showed [6h 7c] and lost with Flush Queen high
Seat 3: _SKR (button) showed [Ad Jc] and won 322 with Flush Queen high


Winamax Poker - Tournament "Expresso Nitro" buyIn: 0.93€ + 0.07€ level: 2 - HandId: #2717307267081830401-4-1676216879 - Holdem no limit (15/30) - 2023/02/12 15:47:59 UTC
Table: 'Expresso Nitro(632672400)#0' 3-max (real money) Seat #1 is the button
Seat 1: TAYLOR13016 (209)
Seat 2: louli poupi (250)
Seat 3: _SKR (441)
*** ANTE/BLINDS ***
louli poupi posts small blind 15
_SKR posts big blind 30
Dealt to _SKR [Qh Tc]
*** PRE-FLOP *** 
TAYLOR13016 calls 30
louli poupi calls 15
_SKR raises 411 to 441 and is all-in
TAYLOR13016 calls 179 and is all-in
louli poupi folds
*** FLOP *** [Qc Kc Td]
*** TURN *** [Qc Kc Td][9d]
*** RIVER *** [Qc Kc Td 9d][Ks]
*** SHOW DOWN ***
TAYLOR13016 shows [7c 8c] (One pair : Kings)
_SKR shows [Qh Tc] (Two pairs : Kings and Queens)
_SKR collected 680 from pot
*** SUMMARY ***
Total pot 680 | No rake
Board: [Qc Kc Td 9d Ks]
Seat 1: TAYLOR13016 (button) showed [7c 8c] and lost with One pair : Kings
Seat 3: _SKR (big blind) showed [Qh Tc] and won 680 with Two pairs : Kings and Queens


Winamax Poker - Tournament "Expresso Nitro" buyIn: 0.93€ + 0.07€ level: 3 - HandId: #2717307267081830401-5-1676216929 - Holdem no limit (20/40) - 2023/02/12 15:48:49 UTC
Table: 'Expresso Nitro(632672400)#0' 3-max (real money) Seat #3 is the button
Seat 2: louli poupi (220)
Seat 3: _SKR (680)
*** ANTE/BLINDS ***
_SKR posts small blind 20
louli poupi posts big blind 40
Dealt to _SKR [5c As]
*** PRE-FLOP *** 
_SKR raises 640 to 680 and is all-in
louli poupi folds
_SKR collected 720 from pot
*** SUMMARY ***
Total pot 720 | No rake
Seat 3: _SKR (small blind) (button) won 720


Winamax Poker - Tournament "Expresso Nitro" buyIn: 0.93€ + 0.07€ level: 3 - HandId: #2717307267081830401-6-1676216935 - Holdem no limit (20/40) - 2023/02/12 15:48:55 UTC
Table: 'Expresso Nitro(632672400)#0' 3-max (real money) Seat #2 is the button
Seat 2: louli poupi (180)
Seat 3: _SKR (720)
*** ANTE/BLINDS ***
louli poupi posts small blind 20
_SKR posts big blind 40
Dealt to _SKR [2s 3h]
*** PRE-FLOP *** 
louli poupi folds
_SKR collected 60 from pot
*** SUMMARY ***
Total pot 60 | No rake
Seat 3: _SKR (big blind) won 60


Winamax Poker - Tournament "Expresso Nitro" buyIn: 0.93€ + 0.07€ level: 3 - HandId: #2717307267081830401-7-1676216939 - Holdem no limit (20/40) - 2023/02/12 15:48:59 UTC
Table: 'Expresso Nitro(632672400)#0' 3-max (real money) Seat #3 is the button
Seat 2: louli poupi (160)
Seat 3: _SKR (740)
*** ANTE/BLINDS ***
_SKR posts small blind 20
louli poupi posts big blind 40
Dealt to _SKR [3h Ad]
*** PRE-FLOP *** 
_SKR raises 700 to 740 and is all-in
louli poupi calls 120 and is all-in
*** FLOP *** [6h 3c 7c]
*** TURN *** [6h 3c 7c][4s]
*** RIVER *** [6h 3c 7c 4s][Th]
*** SHOW DOWN ***
louli poupi shows [Jd 5s] (Straight 7 high)
_SKR shows [3h Ad] (One pair : 3)
_SKR collected 580 from side pot 1
louli poupi collected 320 from main pot
*** SUMMARY ***
Total pot 900 | No rake
Board: [6h 3c 7c 4s Th]
Seat 2: louli poupi (big blind) showed [Jd 5s] and won 320 with Straight 7 high
Seat 3: _SKR (small blind) (button) showed [3h Ad] and won 580 with One pair : 3


Winamax Poker - Tournament "Expresso Nitro" buyIn: 0.93€ + 0.07€ level: 3 - HandId: #2717307267081830401-8-1676216961 - Holdem no limit (20/40) - 2023/02/12 15:49:21 UTC
Table: 'Expresso Nitro(632672400)#0' 3-max (real money) Seat #2 is the button
Seat 2: louli poupi (320)
Seat 3: _SKR (580)
*** ANTE/BLINDS ***
louli poupi posts small blind 20
_SKR posts big blind 40
Dealt to _SKR [8s Tc]
*** PRE-FLOP *** 
louli poupi raises 40 to 80
_SKR folds
louli poupi collected 120 from pot
*** SUMMARY ***
Total pot 120 | No rake
Seat 2: louli poupi (small blind) (button) won 120


Winamax Poker - Tournament "Expresso Nitro" buyIn: 0.93€ + 0.07€ level: 3 - HandId: #2717307267081830401-9-1676216975 - Holdem no limit (20/40) - 2023/02/12 15:49:35 UTC
Table: 'Expresso Nitro(632672400)#0' 3-max (real money) Seat #3 is the button
Seat 2: louli poupi (360)
Seat 3: _SKR (540)
*** ANTE/BLINDS ***
_SKR posts small blind 20
louli poupi posts big blind 40
Dealt to _SKR [6c Jh]
*** PRE-FLOP *** 
_SKR folds
louli poupi collected 60 from pot
*** SUMMARY ***
Total pot 60 | No rake
Seat 2: louli poupi (big blind) won 60


Winamax Poker - Tournament "Expresso Nitro" buyIn: 0.93€ + 0.07€ level: 4 - HandId: #2717307267081830401-10-1676216981 - Holdem no limit (30/60) - 2023/02/12 15:49:41 UTC
Table: 'Expresso Nitro(632672400)#0' 3-max (real money) Seat #2 is the button
Seat 2: louli poupi (380)
Seat 3: _SKR (520)
*** ANTE/BLINDS ***
louli poupi posts small blind 30
_SKR posts big blind 60
Dealt to _SKR [Js Kd]
*** PRE-FLOP *** 
louli poupi raises 60 to 120
_SKR raises 400 to 520 and is all-in
louli poupi calls 260 and is all-in
*** FLOP *** [4d 6c 2c]
*** TURN *** [4d 6c 2c][9h]
*** RIVER *** [4d 6c 2c 9h][4c]
*** SHOW DOWN ***
louli poupi shows [3h Ah] (One pair : 4)
_SKR shows [Js Kd] (One pair : 4)
_SKR collected 140 from side pot 1
louli poupi collected 760 from main pot
*** SUMMARY ***
Total pot 900 | No rake
Board: [4d 6c 2c 9h 4c]
Seat 2: louli poupi (small blind) (button) showed [3h Ah] and won 760 with One pair : 4
Seat 3: _SKR (big blind) showed [Js Kd] and won 140 with One pair : 4


Winamax Poker - Tournament "Expresso Nitro" buyIn: 0.93€ + 0.07€ level: 4 - HandId: #2717307267081830401-11-1676216997 - Holdem no limit (30/60) - 2023/02/12 15:49:57 UTC
Table: 'Expresso Nitro(632672400)#0' 3-max (real money) Seat #3 is the button
Seat 2: louli poupi (760)
Seat 3: _SKR (140)
*** ANTE/BLINDS ***
_SKR posts small blind 30
louli poupi posts big blind 60
Dealt to _SKR [Jc 5h]
*** PRE-FLOP *** 
_SKR raises 80 to 140 and is all-in
louli poupi calls 80
*** FLOP *** [Tc 4s 8d]
*** TURN *** [Tc 4s 8d][Td]
*** RIVER *** [Tc 4s 8d Td][7h]
*** SHOW DOWN ***
_SKR shows [Jc 5h] (One pair : Tens)
louli poupi shows [8s Jh] (Two pairs : Tens and 8)
louli poupi collected 280 from pot
*** SUMMARY ***
Total pot 280 | No rake
Board: [Tc 4s 8d Td 7h]
Seat 2: louli poupi (big blind) showed [8s Jh] and won 280 with Two pairs : Tens and 8
Seat 3: _SKR (small blind) (button) showed [Jc 5h] and lost with One pair : Tens


