Winamax Poker - Tournament "Expresso Nitro" buyIn: 1.86€ + 0.14€ level: 1 - HandId: #2698210158856634369-1-1675185673 - Holdem no limit (10/20) - 2023/01/31 17:21:13 UTC
Table: 'Expresso Nitro(628226008)#0' 3-max (real money) Seat #3 is the button
Seat 1: Kenkenou (300)
Seat 2: EnzoTeddy (300)
Seat 3: _SKR (300)
*** ANTE/BLINDS ***
Kenkenou posts small blind 10
EnzoTeddy posts big blind 20
Dealt to _SKR [2c 7s]
*** PRE-FLOP *** 
_SKR folds
Kenkenou calls 10
EnzoTeddy checks
*** FLOP *** [9s Ah Tc]
Kenkenou checks
EnzoTeddy checks
*** TURN *** [9s Ah Tc][5c]
Kenkenou checks
EnzoTeddy checks
*** RIVER *** [9s Ah Tc 5c][7h]
Kenkenou checks
EnzoTeddy checks
*** SHOW DOWN ***
EnzoTeddy shows [3d 2s] (High card : Ace)
Kenkenou shows [Jh 4h] (High card : Ace)
Kenkenou collected 40 from pot
*** SUMMARY ***
Total pot 40 | No rake
Board: [9s Ah Tc 5c 7h]
Seat 1: Kenkenou (small blind) showed [Jh 4h] and won 40 with High card : Ace
Seat 2: EnzoTeddy (big blind) showed [3d 2s] and lost with High card : Ace


Winamax Poker - Tournament "Expresso Nitro" buyIn: 1.86€ + 0.14€ level: 1 - HandId: #2698210158856634369-2-1675185700 - Holdem no limit (10/20) - 2023/01/31 17:21:40 UTC
Table: 'Expresso Nitro(628226008)#0' 3-max (real money) Seat #1 is the button
Seat 1: Kenkenou (320)
Seat 2: EnzoTeddy (280)
Seat 3: _SKR (300)
*** ANTE/BLINDS ***
EnzoTeddy posts small blind 10
_SKR posts big blind 20
Dealt to _SKR [3d 3h]
*** PRE-FLOP *** 
Kenkenou calls 20
EnzoTeddy calls 10
_SKR raises 280 to 300 and is all-in
Kenkenou folds
EnzoTeddy calls 260 and is all-in
*** FLOP *** [7s 6s Jd]
*** TURN *** [7s 6s Jd][9c]
*** RIVER *** [7s 6s Jd 9c][3c]
*** SHOW DOWN ***
EnzoTeddy shows [9h Ad] (One pair : 9)
_SKR shows [3d 3h] (Trips of 3)
_SKR collected 600 from pot
*** SUMMARY ***
Total pot 600 | No rake
Board: [7s 6s Jd 9c 3c]
Seat 2: EnzoTeddy (small blind) showed [9h Ad] and lost with One pair : 9
Seat 3: _SKR (big blind) showed [3d 3h] and won 600 with Trips of 3


Winamax Poker - Tournament "Expresso Nitro" buyIn: 1.86€ + 0.14€ level: 1 - HandId: #2698210158856634369-3-1675185723 - Holdem no limit (10/20) - 2023/01/31 17:22:03 UTC
Table: 'Expresso Nitro(628226008)#0' 3-max (real money) Seat #3 is the button
Seat 1: Kenkenou (300)
Seat 3: _SKR (600)
*** ANTE/BLINDS ***
_SKR posts small blind 10
Kenkenou posts big blind 20
Dealt to _SKR [2c Kh]
*** PRE-FLOP *** 
_SKR calls 10
Kenkenou checks
*** FLOP *** [8d 4c 7c]
Kenkenou bets 80
_SKR folds
Kenkenou collected 120 from pot
*** SUMMARY ***
Total pot 120 | No rake
Board: [8d 4c 7c]
Seat 1: Kenkenou (big blind) won 120


Winamax Poker - Tournament "Expresso Nitro" buyIn: 1.86€ + 0.14€ level: 2 - HandId: #2698210158856634369-4-1675185737 - Holdem no limit (15/30) - 2023/01/31 17:22:17 UTC
Table: 'Expresso Nitro(628226008)#0' 3-max (real money) Seat #1 is the button
Seat 1: Kenkenou (320)
Seat 3: _SKR (580)
*** ANTE/BLINDS ***
Kenkenou posts small blind 15
_SKR posts big blind 30
Dealt to _SKR [6h Jd]
*** PRE-FLOP *** 
Kenkenou raises 45 to 75
_SKR folds
Kenkenou collected 105 from pot
*** SUMMARY ***
Total pot 105 | No rake
Seat 1: Kenkenou (small blind) (button) won 105


Winamax Poker - Tournament "Expresso Nitro" buyIn: 1.86€ + 0.14€ level: 2 - HandId: #2698210158856634369-5-1675185744 - Holdem no limit (15/30) - 2023/01/31 17:22:24 UTC
Table: 'Expresso Nitro(628226008)#0' 3-max (real money) Seat #3 is the button
Seat 1: Kenkenou (350)
Seat 3: _SKR (550)
*** ANTE/BLINDS ***
_SKR posts small blind 15
Kenkenou posts big blind 30
Dealt to _SKR [Qh 4c]
*** PRE-FLOP *** 
_SKR folds
Kenkenou collected 45 from pot
*** SUMMARY ***
Total pot 45 | No rake
Seat 1: Kenkenou (big blind) won 45


Winamax Poker - Tournament "Expresso Nitro" buyIn: 1.86€ + 0.14€ level: 2 - HandId: #2698210158856634369-6-1675185748 - Holdem no limit (15/30) - 2023/01/31 17:22:28 UTC
Table: 'Expresso Nitro(628226008)#0' 3-max (real money) Seat #1 is the button
Seat 1: Kenkenou (365)
Seat 3: _SKR (535)
*** ANTE/BLINDS ***
Kenkenou posts small blind 15
_SKR posts big blind 30
Dealt to _SKR [As Ad]
*** PRE-FLOP *** 
Kenkenou calls 15
_SKR raises 45 to 75
Kenkenou calls 45
*** FLOP *** [5c 2s 5d]
_SKR bets 53
Kenkenou calls 53
*** TURN *** [5c 2s 5d][6d]
_SKR bets 90
Kenkenou raises 147 to 237 and is all-in
_SKR folds
Kenkenou collected 583 from pot
*** SUMMARY ***
Total pot 583 | No rake
Board: [5c 2s 5d 6d]
Seat 1: Kenkenou (small blind) (button) won 583


Winamax Poker - Tournament "Expresso Nitro" buyIn: 1.86€ + 0.14€ level: 3 - HandId: #2698210158856634369-7-1675185807 - Holdem no limit (20/40) - 2023/01/31 17:23:27 UTC
Table: 'Expresso Nitro(628226008)#0' 3-max (real money) Seat #3 is the button
Seat 1: Kenkenou (583)
Seat 3: _SKR (317)
*** ANTE/BLINDS ***
_SKR posts small blind 20
Kenkenou posts big blind 40
Dealt to _SKR [7s 2s]
*** PRE-FLOP *** 
_SKR folds
Kenkenou collected 60 from pot
*** SUMMARY ***
Total pot 60 | No rake
Seat 1: Kenkenou (big blind) won 60


Winamax Poker - Tournament "Expresso Nitro" buyIn: 1.86€ + 0.14€ level: 3 - HandId: #2698210158856634369-8-1675185811 - Holdem no limit (20/40) - 2023/01/31 17:23:31 UTC
Table: 'Expresso Nitro(628226008)#0' 3-max (real money) Seat #1 is the button
Seat 1: Kenkenou (603)
Seat 3: _SKR (297)
*** ANTE/BLINDS ***
Kenkenou posts small blind 20
_SKR posts big blind 40
Dealt to _SKR [5s 9h]
*** PRE-FLOP *** 
Kenkenou calls 20
_SKR checks
*** FLOP *** [Kc 7c Th]
_SKR checks
Kenkenou bets 140
_SKR folds
Kenkenou collected 220 from pot
*** SUMMARY ***
Total pot 220 | No rake
Board: [Kc 7c Th]
Seat 1: Kenkenou (small blind) (button) won 220


Winamax Poker - Tournament "Expresso Nitro" buyIn: 1.86€ + 0.14€ level: 3 - HandId: #2698210158856634369-9-1675185843 - Holdem no limit (20/40) - 2023/01/31 17:24:03 UTC
Table: 'Expresso Nitro(628226008)#0' 3-max (real money) Seat #3 is the button
Seat 1: Kenkenou (643)
Seat 3: _SKR (257)
*** ANTE/BLINDS ***
_SKR posts small blind 20
Kenkenou posts big blind 40
Dealt to _SKR [8h 2c]
*** PRE-FLOP *** 
_SKR folds
Kenkenou collected 60 from pot
*** SUMMARY ***
Total pot 60 | No rake
Seat 1: Kenkenou (big blind) won 60


Winamax Poker - Tournament "Expresso Nitro" buyIn: 1.86€ + 0.14€ level: 4 - HandId: #2698210158856634369-10-1675185851 - Holdem no limit (30/60) - 2023/01/31 17:24:11 UTC
Table: 'Expresso Nitro(628226008)#0' 3-max (real money) Seat #1 is the button
Seat 1: Kenkenou (663)
Seat 3: _SKR (237)
*** ANTE/BLINDS ***
Kenkenou posts small blind 30
_SKR posts big blind 60
Dealt to _SKR [Ts Jc]
*** PRE-FLOP *** 
Kenkenou raises 60 to 120
_SKR raises 117 to 237 and is all-in
Kenkenou calls 117
*** FLOP *** [9h Qc 3d]
*** TURN *** [9h Qc 3d][6s]
*** RIVER *** [9h Qc 3d 6s][8d]
*** SHOW DOWN ***
Kenkenou shows [9d 6d] (Two pairs : 9 and 6)
_SKR shows [Ts Jc] (Straight Queen high)
_SKR collected 474 from pot
*** SUMMARY ***
Total pot 474 | No rake
Board: [9h Qc 3d 6s 8d]
Seat 1: Kenkenou (small blind) (button) showed [9d 6d] and lost with Two pairs : 9 and 6
Seat 3: _SKR (big blind) showed [Ts Jc] and won 474 with Straight Queen high


Winamax Poker - Tournament "Expresso Nitro" buyIn: 1.86€ + 0.14€ level: 4 - HandId: #2698210158856634369-11-1675185870 - Holdem no limit (30/60) - 2023/01/31 17:24:30 UTC
Table: 'Expresso Nitro(628226008)#0' 3-max (real money) Seat #3 is the button
Seat 1: Kenkenou (426)
Seat 3: _SKR (474)
*** ANTE/BLINDS ***
_SKR posts small blind 30
Kenkenou posts big blind 60
Dealt to _SKR [8c 2d]
*** PRE-FLOP *** 
_SKR folds
Kenkenou collected 90 from pot
*** SUMMARY ***
Total pot 90 | No rake
Seat 1: Kenkenou (big blind) won 90


Winamax Poker - Tournament "Expresso Nitro" buyIn: 1.86€ + 0.14€ level: 4 - HandId: #2698210158856634369-12-1675185874 - Holdem no limit (30/60) - 2023/01/31 17:24:34 UTC
Table: 'Expresso Nitro(628226008)#0' 3-max (real money) Seat #1 is the button
Seat 1: Kenkenou (456)
Seat 3: _SKR (444)
*** ANTE/BLINDS ***
Kenkenou posts small blind 30
_SKR posts big blind 60
Dealt to _SKR [5h Jd]
*** PRE-FLOP *** 
Kenkenou raises 396 to 456 and is all-in
_SKR folds
Kenkenou collected 516 from pot
*** SUMMARY ***
Total pot 516 | No rake
Seat 1: Kenkenou (small blind) (button) won 516


Winamax Poker - Tournament "Expresso Nitro" buyIn: 1.86€ + 0.14€ level: 4 - HandId: #2698210158856634369-13-1675185883 - Holdem no limit (30/60) - 2023/01/31 17:24:43 UTC
Table: 'Expresso Nitro(628226008)#0' 3-max (real money) Seat #3 is the button
Seat 1: Kenkenou (516)
Seat 3: _SKR (384)
*** ANTE/BLINDS ***
_SKR posts small blind 30
Kenkenou posts big blind 60
Dealt to _SKR [Qh 6h]
*** PRE-FLOP *** 
_SKR raises 324 to 384 and is all-in
Kenkenou calls 324
*** FLOP *** [7c 4c 2h]
*** TURN *** [7c 4c 2h][7s]
*** RIVER *** [7c 4c 2h 7s][Tc]
*** SHOW DOWN ***
_SKR shows [Qh 6h] (One pair : 7)
Kenkenou shows [Td Ks] (Two pairs : Tens and 7)
Kenkenou collected 768 from pot
*** SUMMARY ***
Total pot 768 | No rake
Board: [7c 4c 2h 7s Tc]
Seat 1: Kenkenou (big blind) showed [Td Ks] and won 768 with Two pairs : Tens and 7
Seat 3: _SKR (small blind) (button) showed [Qh 6h] and lost with One pair : 7


