Winamax Poker - Tournament "Expresso Nitro" buyIn: 0.93€ + 0.07€ level: 1 - HandId: #2730600259582427137-1-1676987924 - Holdem no limit (10/20) - 2023/02/21 13:58:44 UTC
Table: 'Expresso Nitro(635767416)#0' 3-max (real money) Seat #1 is the button
Seat 1: _SKR (300)
Seat 2: brunonono74 (300)
Seat 3: BASDEMMM (300)
*** ANTE/BLINDS ***
brunonono74 posts small blind 10
BASDEMMM posts big blind 20
Dealt to _SKR [Qc Jd]
*** PRE-FLOP *** 
_SKR raises 20 to 40
brunonono74 folds
BASDEMMM calls 20
*** FLOP *** [5s 7c 3s]
BASDEMMM checks
_SKR checks
*** TURN *** [5s 7c 3s][Kh]
BASDEMMM bets 20
_SKR folds
BASDEMMM collected 110 from pot
*** SUMMARY ***
Total pot 110 | No rake
Board: [5s 7c 3s Kh]
Seat 3: BASDEMMM (big blind) won 110


Winamax Poker - Tournament "Expresso Nitro" buyIn: 0.93€ + 0.07€ level: 1 - HandId: #2730600259582427137-2-1676987937 - Holdem no limit (10/20) - 2023/02/21 13:58:57 UTC
Table: 'Expresso Nitro(635767416)#0' 3-max (real money) Seat #2 is the button
Seat 1: _SKR (260)
Seat 2: brunonono74 (290)
Seat 3: BASDEMMM (350)
*** ANTE/BLINDS ***
BASDEMMM posts small blind 10
_SKR posts big blind 20
Dealt to _SKR [5h 3c]
*** PRE-FLOP *** 
brunonono74 raises 270 to 290 and is all-in
BASDEMMM folds
_SKR folds
brunonono74 collected 320 from pot
*** SUMMARY ***
Total pot 320 | No rake
Seat 2: brunonono74 (button) won 320


Winamax Poker - Tournament "Expresso Nitro" buyIn: 0.93€ + 0.07€ level: 1 - HandId: #2730600259582427137-3-1676987944 - Holdem no limit (10/20) - 2023/02/21 13:59:04 UTC
Table: 'Expresso Nitro(635767416)#0' 3-max (real money) Seat #3 is the button
Seat 1: _SKR (240)
Seat 2: brunonono74 (320)
Seat 3: BASDEMMM (340)
*** ANTE/BLINDS ***
_SKR posts small blind 10
brunonono74 posts big blind 20
Dealt to _SKR [Ad 7d]
*** PRE-FLOP *** 
BASDEMMM calls 20
_SKR raises 220 to 240 and is all-in
brunonono74 folds
BASDEMMM folds
_SKR collected 280 from pot
*** SUMMARY ***
Total pot 280 | No rake
Seat 1: _SKR (small blind) won 280


Winamax Poker - Tournament "Expresso Nitro" buyIn: 0.93€ + 0.07€ level: 1 - HandId: #2730600259582427137-4-1676987955 - Holdem no limit (10/20) - 2023/02/21 13:59:15 UTC
Table: 'Expresso Nitro(635767416)#0' 3-max (real money) Seat #1 is the button
Seat 1: _SKR (280)
Seat 2: brunonono74 (300)
Seat 3: BASDEMMM (320)
*** ANTE/BLINDS ***
brunonono74 posts small blind 10
BASDEMMM posts big blind 20
Dealt to _SKR [Qs Qc]
*** PRE-FLOP *** 
_SKR raises 20 to 40
brunonono74 folds
BASDEMMM calls 20
*** FLOP *** [Tc 5c 5s]
BASDEMMM checks
_SKR bets 45
BASDEMMM calls 45
*** TURN *** [Tc 5c 5s][7d]
BASDEMMM checks
_SKR bets 63
BASDEMMM folds
_SKR collected 243 from pot
*** SUMMARY ***
Total pot 243 | No rake
Board: [Tc 5c 5s 7d]
Seat 1: _SKR (button) won 243


Winamax Poker - Tournament "Expresso Nitro" buyIn: 0.93€ + 0.07€ level: 1 - HandId: #2730600259582427137-5-1676987974 - Holdem no limit (10/20) - 2023/02/21 13:59:34 UTC
Table: 'Expresso Nitro(635767416)#0' 3-max (real money) Seat #2 is the button
Seat 1: _SKR (375)
Seat 2: brunonono74 (290)
Seat 3: BASDEMMM (235)
*** ANTE/BLINDS ***
BASDEMMM posts small blind 10
_SKR posts big blind 20
Dealt to _SKR [8h Jc]
*** PRE-FLOP *** 
brunonono74 folds
BASDEMMM calls 10
_SKR checks
*** FLOP *** [9d Jh 5h]
BASDEMMM checks
_SKR bets 20
BASDEMMM folds
_SKR collected 60 from pot
*** SUMMARY ***
Total pot 60 | No rake
Board: [9d Jh 5h]
Seat 1: _SKR (big blind) won 60


Winamax Poker - Tournament "Expresso Nitro" buyIn: 0.93€ + 0.07€ level: 2 - HandId: #2730600259582427137-6-1676987990 - Holdem no limit (15/30) - 2023/02/21 13:59:50 UTC
Table: 'Expresso Nitro(635767416)#0' 3-max (real money) Seat #3 is the button
Seat 1: _SKR (395)
Seat 2: brunonono74 (290)
Seat 3: BASDEMMM (215)
*** ANTE/BLINDS ***
_SKR posts small blind 15
brunonono74 posts big blind 30
Dealt to _SKR [Jd 2s]
*** PRE-FLOP *** 
BASDEMMM folds
_SKR folds
brunonono74 collected 45 from pot
*** SUMMARY ***
Total pot 45 | No rake
Seat 2: brunonono74 (big blind) won 45


Winamax Poker - Tournament "Expresso Nitro" buyIn: 0.93€ + 0.07€ level: 2 - HandId: #2730600259582427137-7-1676987997 - Holdem no limit (15/30) - 2023/02/21 13:59:57 UTC
Table: 'Expresso Nitro(635767416)#0' 3-max (real money) Seat #1 is the button
Seat 1: _SKR (380)
Seat 2: brunonono74 (305)
Seat 3: BASDEMMM (215)
*** ANTE/BLINDS ***
brunonono74 posts small blind 15
BASDEMMM posts big blind 30
Dealt to _SKR [9s Td]
*** PRE-FLOP *** 
_SKR folds
brunonono74 calls 15
BASDEMMM checks
*** FLOP *** [Qh Tc 9c]
brunonono74 checks
BASDEMMM bets 30
brunonono74 folds
BASDEMMM collected 90 from pot
*** SUMMARY ***
Total pot 90 | No rake
Board: [Qh Tc 9c]
Seat 3: BASDEMMM (big blind) won 90


Winamax Poker - Tournament "Expresso Nitro" buyIn: 0.93€ + 0.07€ level: 2 - HandId: #2730600259582427137-8-1676988008 - Holdem no limit (15/30) - 2023/02/21 14:00:08 UTC
Table: 'Expresso Nitro(635767416)#0' 3-max (real money) Seat #2 is the button
Seat 1: _SKR (380)
Seat 2: brunonono74 (275)
Seat 3: BASDEMMM (245)
*** ANTE/BLINDS ***
BASDEMMM posts small blind 15
_SKR posts big blind 30
Dealt to _SKR [3h 6h]
*** PRE-FLOP *** 
brunonono74 raises 245 to 275 and is all-in
BASDEMMM calls 230 and is all-in
_SKR folds
*** FLOP *** [9s 2h 9h]
*** TURN *** [9s 2h 9h][3c]
*** RIVER *** [9s 2h 9h 3c][6c]
*** SHOW DOWN ***
BASDEMMM shows [8h 8c] (Two pairs : 9 and 8)
brunonono74 shows [9c 9d] (Quads of 9)
brunonono74 collected 550 from pot
*** SUMMARY ***
Total pot 550 | No rake
Board: [9s 2h 9h 3c 6c]
Seat 2: brunonono74 (button) showed [9c 9d] and won 550 with Quads of 9
Seat 3: BASDEMMM (small blind) showed [8h 8c] and lost with Two pairs : 9 and 8


Winamax Poker - Tournament "Expresso Nitro" buyIn: 0.93€ + 0.07€ level: 2 - HandId: #2730600259582427137-9-1676988023 - Holdem no limit (15/30) - 2023/02/21 14:00:23 UTC
Table: 'Expresso Nitro(635767416)#0' 3-max (real money) Seat #1 is the button
Seat 1: _SKR (350)
Seat 2: brunonono74 (550)
*** ANTE/BLINDS ***
_SKR posts small blind 15
brunonono74 posts big blind 30
Dealt to _SKR [Qd 4h]
*** PRE-FLOP *** 
_SKR folds
brunonono74 collected 45 from pot
*** SUMMARY ***
Total pot 45 | No rake
Seat 2: brunonono74 (big blind) won 45


Winamax Poker - Tournament "Expresso Nitro" buyIn: 0.93€ + 0.07€ level: 2 - HandId: #2730600259582427137-10-1676988027 - Holdem no limit (15/30) - 2023/02/21 14:00:27 UTC
Table: 'Expresso Nitro(635767416)#0' 3-max (real money) Seat #2 is the button
Seat 1: _SKR (335)
Seat 2: brunonono74 (565)
*** ANTE/BLINDS ***
brunonono74 posts small blind 15
_SKR posts big blind 30
Dealt to _SKR [Qd 8s]
*** PRE-FLOP *** 
brunonono74 calls 15
_SKR checks
*** FLOP *** [5d 6s Ks]
_SKR checks
brunonono74 bets 30
_SKR folds
brunonono74 collected 90 from pot
*** SUMMARY ***
Total pot 90 | No rake
Board: [5d 6s Ks]
Seat 2: brunonono74 (small blind) (button) won 90


Winamax Poker - Tournament "Expresso Nitro" buyIn: 0.93€ + 0.07€ level: 3 - HandId: #2730600259582427137-11-1676988039 - Holdem no limit (20/40) - 2023/02/21 14:00:39 UTC
Table: 'Expresso Nitro(635767416)#0' 3-max (real money) Seat #1 is the button
Seat 1: _SKR (305)
Seat 2: brunonono74 (595)
*** ANTE/BLINDS ***
_SKR posts small blind 20
brunonono74 posts big blind 40
Dealt to _SKR [9h 6c]
*** PRE-FLOP *** 
_SKR folds
brunonono74 collected 60 from pot
*** SUMMARY ***
Total pot 60 | No rake
Seat 2: brunonono74 (big blind) won 60


Winamax Poker - Tournament "Expresso Nitro" buyIn: 0.93€ + 0.07€ level: 3 - HandId: #2730600259582427137-12-1676988043 - Holdem no limit (20/40) - 2023/02/21 14:00:43 UTC
Table: 'Expresso Nitro(635767416)#0' 3-max (real money) Seat #2 is the button
Seat 1: _SKR (285)
Seat 2: brunonono74 (615)
*** ANTE/BLINDS ***
brunonono74 posts small blind 20
_SKR posts big blind 40
Dealt to _SKR [5s 3h]
*** PRE-FLOP *** 
brunonono74 raises 80 to 120
_SKR folds
brunonono74 collected 160 from pot
*** SUMMARY ***
Total pot 160 | No rake
Seat 2: brunonono74 (small blind) (button) won 160


Winamax Poker - Tournament "Expresso Nitro" buyIn: 0.93€ + 0.07€ level: 3 - HandId: #2730600259582427137-13-1676988048 - Holdem no limit (20/40) - 2023/02/21 14:00:48 UTC
Table: 'Expresso Nitro(635767416)#0' 3-max (real money) Seat #1 is the button
Seat 1: _SKR (245)
Seat 2: brunonono74 (655)
*** ANTE/BLINDS ***
_SKR posts small blind 20
brunonono74 posts big blind 40
Dealt to _SKR [Js 5h]
*** PRE-FLOP *** 
_SKR folds
brunonono74 collected 60 from pot
*** SUMMARY ***
Total pot 60 | No rake
Seat 2: brunonono74 (big blind) won 60


Winamax Poker - Tournament "Expresso Nitro" buyIn: 0.93€ + 0.07€ level: 3 - HandId: #2730600259582427137-14-1676988052 - Holdem no limit (20/40) - 2023/02/21 14:00:52 UTC
Table: 'Expresso Nitro(635767416)#0' 3-max (real money) Seat #2 is the button
Seat 1: _SKR (225)
Seat 2: brunonono74 (675)
*** ANTE/BLINDS ***
brunonono74 posts small blind 20
_SKR posts big blind 40
Dealt to _SKR [Jc Ad]
*** PRE-FLOP *** 
brunonono74 calls 20
_SKR raises 185 to 225 and is all-in
brunonono74 folds
_SKR collected 265 from pot
*** SUMMARY ***
Total pot 265 | No rake
Seat 1: _SKR (big blind) won 265


Winamax Poker - Tournament "Expresso Nitro" buyIn: 0.93€ + 0.07€ level: 3 - HandId: #2730600259582427137-15-1676988058 - Holdem no limit (20/40) - 2023/02/21 14:00:58 UTC
Table: 'Expresso Nitro(635767416)#0' 3-max (real money) Seat #1 is the button
Seat 1: _SKR (265)
Seat 2: brunonono74 (635)
*** ANTE/BLINDS ***
_SKR posts small blind 20
brunonono74 posts big blind 40
Dealt to _SKR [3h 2s]
*** PRE-FLOP *** 
_SKR folds
brunonono74 collected 60 from pot
*** SUMMARY ***
Total pot 60 | No rake
Seat 2: brunonono74 (big blind) won 60


Winamax Poker - Tournament "Expresso Nitro" buyIn: 0.93€ + 0.07€ level: 3 - HandId: #2730600259582427137-16-1676988062 - Holdem no limit (20/40) - 2023/02/21 14:01:02 UTC
Table: 'Expresso Nitro(635767416)#0' 3-max (real money) Seat #2 is the button
Seat 1: _SKR (245)
Seat 2: brunonono74 (655)
*** ANTE/BLINDS ***
brunonono74 posts small blind 20
_SKR posts big blind 40
Dealt to _SKR [9s 3h]
*** PRE-FLOP *** 
brunonono74 calls 20
_SKR checks
*** FLOP *** [3s Kc As]
_SKR checks
brunonono74 checks
*** TURN *** [3s Kc As][Qh]
_SKR checks
brunonono74 checks
*** RIVER *** [3s Kc As Qh][Ac]
_SKR checks
brunonono74 checks
*** SHOW DOWN ***
brunonono74 shows [5h 4c] (One pair : Aces)
_SKR shows [9s 3h] (Two pairs : Aces and 3)
_SKR collected 80 from pot
*** SUMMARY ***
Total pot 80 | No rake
Board: [3s Kc As Qh Ac]
Seat 1: _SKR (big blind) showed [9s 3h] and won 80 with Two pairs : Aces and 3
Seat 2: brunonono74 (small blind) (button) showed [5h 4c] and lost with One pair : Aces


Winamax Poker - Tournament "Expresso Nitro" buyIn: 0.93€ + 0.07€ level: 3 - HandId: #2730600259582427137-17-1676988090 - Holdem no limit (20/40) - 2023/02/21 14:01:30 UTC
Table: 'Expresso Nitro(635767416)#0' 3-max (real money) Seat #1 is the button
Seat 1: _SKR (285)
Seat 2: brunonono74 (615)
*** ANTE/BLINDS ***
_SKR posts small blind 20
brunonono74 posts big blind 40
Dealt to _SKR [5d 6d]
*** PRE-FLOP *** 
_SKR raises 245 to 285 and is all-in
brunonono74 folds
_SKR collected 325 from pot
*** SUMMARY ***
Total pot 325 | No rake
Seat 1: _SKR (small blind) (button) won 325


Winamax Poker - Tournament "Expresso Nitro" buyIn: 0.93€ + 0.07€ level: 3 - HandId: #2730600259582427137-18-1676988096 - Holdem no limit (20/40) - 2023/02/21 14:01:36 UTC
Table: 'Expresso Nitro(635767416)#0' 3-max (real money) Seat #2 is the button
Seat 1: _SKR (325)
Seat 2: brunonono74 (575)
*** ANTE/BLINDS ***
brunonono74 posts small blind 20
_SKR posts big blind 40
Dealt to _SKR [Th Ts]
*** PRE-FLOP *** 
brunonono74 raises 535 to 575 and is all-in
_SKR calls 285 and is all-in
*** FLOP *** [Kc As 6h]
*** TURN *** [Kc As 6h][7c]
*** RIVER *** [Kc As 6h 7c][2c]
*** SHOW DOWN ***
_SKR shows [Th Ts] (One pair : Tens)
brunonono74 shows [Ac 3h] (One pair : Aces)
brunonono74 collected 900 from pot
*** SUMMARY ***
Total pot 900 | No rake
Board: [Kc As 6h 7c 2c]
Seat 1: _SKR (big blind) showed [Th Ts] and lost with One pair : Tens
Seat 2: brunonono74 (small blind) (button) showed [Ac 3h] and won 900 with One pair : Aces


