Winamax Poker - Tournament "Expresso Nitro" buyIn: 1.86€ + 0.14€ level: 1 - HandId: #2696549947838300161-1-1675086486 - Holdem no limit (10/20) - 2023/01/30 13:48:06 UTC
Table: 'Expresso Nitro(627839460)#0' 3-max (real money) Seat #2 is the button
Seat 1: _SKR (300)
Seat 2: Ploutos31 (300)
Seat 3: Mull Pacha (300)
*** ANTE/BLINDS ***
Mull Pacha posts small blind 10
_SKR posts big blind 20
Dealt to _SKR [Jh 9c]
*** PRE-FLOP *** 
Ploutos31 raises 20 to 40
Mull Pacha folds
_SKR calls 20
*** FLOP *** [Qs Kh 2h]
_SKR checks
Ploutos31 bets 45
_SKR folds
Ploutos31 collected 135 from pot
*** SUMMARY ***
Total pot 135 | No rake
Board: [Qs Kh 2h]
Seat 2: Ploutos31 (button) won 135


Winamax Poker - Tournament "Expresso Nitro" buyIn: 1.86€ + 0.14€ level: 1 - HandId: #2696549947838300161-2-1675086505 - Holdem no limit (10/20) - 2023/01/30 13:48:25 UTC
Table: 'Expresso Nitro(627839460)#0' 3-max (real money) Seat #3 is the button
Seat 1: _SKR (260)
Seat 2: Ploutos31 (350)
Seat 3: Mull Pacha (290)
*** ANTE/BLINDS ***
_SKR posts small blind 10
Ploutos31 posts big blind 20
Dealt to _SKR [8d 2s]
*** PRE-FLOP *** 
Mull Pacha folds
_SKR folds
Ploutos31 collected 30 from pot
*** SUMMARY ***
Total pot 30 | No rake
Seat 2: Ploutos31 (big blind) won 30


Winamax Poker - Tournament "Expresso Nitro" buyIn: 1.86€ + 0.14€ level: 1 - HandId: #2696549947838300161-3-1675086513 - Holdem no limit (10/20) - 2023/01/30 13:48:33 UTC
Table: 'Expresso Nitro(627839460)#0' 3-max (real money) Seat #1 is the button
Seat 1: _SKR (250)
Seat 2: Ploutos31 (360)
Seat 3: Mull Pacha (290)
*** ANTE/BLINDS ***
Ploutos31 posts small blind 10
Mull Pacha posts big blind 20
Dealt to _SKR [2h Jc]
*** PRE-FLOP *** 
_SKR folds
Ploutos31 folds
Mull Pacha collected 30 from pot
*** SUMMARY ***
Total pot 30 | No rake
Seat 3: Mull Pacha (big blind) won 30


Winamax Poker - Tournament "Expresso Nitro" buyIn: 1.86€ + 0.14€ level: 1 - HandId: #2696549947838300161-4-1675086517 - Holdem no limit (10/20) - 2023/01/30 13:48:37 UTC
Table: 'Expresso Nitro(627839460)#0' 3-max (real money) Seat #2 is the button
Seat 1: _SKR (250)
Seat 2: Ploutos31 (350)
Seat 3: Mull Pacha (300)
*** ANTE/BLINDS ***
Mull Pacha posts small blind 10
_SKR posts big blind 20
Dealt to _SKR [4c 2c]
*** PRE-FLOP *** 
Ploutos31 folds
Mull Pacha folds
_SKR collected 30 from pot
*** SUMMARY ***
Total pot 30 | No rake
Seat 1: _SKR (big blind) won 30


Winamax Poker - Tournament "Expresso Nitro" buyIn: 1.86€ + 0.14€ level: 1 - HandId: #2696549947838300161-5-1675086529 - Holdem no limit (10/20) - 2023/01/30 13:48:49 UTC
Table: 'Expresso Nitro(627839460)#0' 3-max (real money) Seat #3 is the button
Seat 1: _SKR (260)
Seat 2: Ploutos31 (350)
Seat 3: Mull Pacha (290)
*** ANTE/BLINDS ***
_SKR posts small blind 10
Ploutos31 posts big blind 20
Dealt to _SKR [6c 9h]
*** PRE-FLOP *** 
Mull Pacha folds
_SKR folds
Ploutos31 collected 30 from pot
*** SUMMARY ***
Total pot 30 | No rake
Seat 2: Ploutos31 (big blind) won 30


Winamax Poker - Tournament "Expresso Nitro" buyIn: 1.86€ + 0.14€ level: 1 - HandId: #2696549947838300161-6-1675086538 - Holdem no limit (10/20) - 2023/01/30 13:48:58 UTC
Table: 'Expresso Nitro(627839460)#0' 3-max (real money) Seat #1 is the button
Seat 1: _SKR (250)
Seat 2: Ploutos31 (360)
Seat 3: Mull Pacha (290)
*** ANTE/BLINDS ***
Ploutos31 posts small blind 10
Mull Pacha posts big blind 20
Dealt to _SKR [8h 2s]
*** PRE-FLOP *** 
_SKR folds
Ploutos31 raises 340 to 360 and is all-in
Mull Pacha folds
Ploutos31 collected 380 from pot
*** SUMMARY ***
Total pot 380 | No rake
Seat 2: Ploutos31 (small blind) won 380


Winamax Poker - Tournament "Expresso Nitro" buyIn: 1.86€ + 0.14€ level: 2 - HandId: #2696549947838300161-7-1675086552 - Holdem no limit (15/30) - 2023/01/30 13:49:12 UTC
Table: 'Expresso Nitro(627839460)#0' 3-max (real money) Seat #2 is the button
Seat 1: _SKR (250)
Seat 2: Ploutos31 (380)
Seat 3: Mull Pacha (270)
*** ANTE/BLINDS ***
Mull Pacha posts small blind 15
_SKR posts big blind 30
Dealt to _SKR [5s Td]
*** PRE-FLOP *** 
Ploutos31 folds
Mull Pacha raises 240 to 270 and is all-in
_SKR folds
Mull Pacha collected 300 from pot
*** SUMMARY ***
Total pot 300 | No rake
Seat 3: Mull Pacha (small blind) won 300


Winamax Poker - Tournament "Expresso Nitro" buyIn: 1.86€ + 0.14€ level: 2 - HandId: #2696549947838300161-8-1675086569 - Holdem no limit (15/30) - 2023/01/30 13:49:29 UTC
Table: 'Expresso Nitro(627839460)#0' 3-max (real money) Seat #3 is the button
Seat 1: _SKR (220)
Seat 2: Ploutos31 (380)
Seat 3: Mull Pacha (300)
*** ANTE/BLINDS ***
_SKR posts small blind 15
Ploutos31 posts big blind 30
Dealt to _SKR [2h Ts]
*** PRE-FLOP *** 
Mull Pacha folds
_SKR folds
Ploutos31 collected 45 from pot
*** SUMMARY ***
Total pot 45 | No rake
Seat 2: Ploutos31 (big blind) won 45


Winamax Poker - Tournament "Expresso Nitro" buyIn: 1.86€ + 0.14€ level: 2 - HandId: #2696549947838300161-9-1675086584 - Holdem no limit (15/30) - 2023/01/30 13:49:44 UTC
Table: 'Expresso Nitro(627839460)#0' 3-max (real money) Seat #1 is the button
Seat 1: _SKR (205)
Seat 2: Ploutos31 (395)
Seat 3: Mull Pacha (300)
*** ANTE/BLINDS ***
Ploutos31 posts small blind 15
Mull Pacha posts big blind 30
Dealt to _SKR [5d 8s]
*** PRE-FLOP *** 
_SKR folds
Ploutos31 folds
Mull Pacha collected 45 from pot
*** SUMMARY ***
Total pot 45 | No rake
Seat 3: Mull Pacha (big blind) won 45


Winamax Poker - Tournament "Expresso Nitro" buyIn: 1.86€ + 0.14€ level: 2 - HandId: #2696549947838300161-10-1675086592 - Holdem no limit (15/30) - 2023/01/30 13:49:52 UTC
Table: 'Expresso Nitro(627839460)#0' 3-max (real money) Seat #2 is the button
Seat 1: _SKR (205)
Seat 2: Ploutos31 (380)
Seat 3: Mull Pacha (315)
*** ANTE/BLINDS ***
Mull Pacha posts small blind 15
_SKR posts big blind 30
Dealt to _SKR [As 2c]
*** PRE-FLOP *** 
Ploutos31 folds
Mull Pacha raises 285 to 315 and is all-in
_SKR calls 175 and is all-in
*** FLOP *** [2h 6s 3h]
*** TURN *** [2h 6s 3h][Kh]
*** RIVER *** [2h 6s 3h Kh][3c]
*** SHOW DOWN ***
_SKR shows [As 2c] (Two pairs : 3 and 2)
Mull Pacha shows [7s 7d] (Two pairs : 7 and 3)
Mull Pacha collected 520 from pot
*** SUMMARY ***
Total pot 520 | No rake
Board: [2h 6s 3h Kh 3c]
Seat 1: _SKR (big blind) showed [As 2c] and lost with Two pairs : 3 and 2
Seat 3: Mull Pacha (small blind) showed [7s 7d] and won 520 with Two pairs : 7 and 3


