Winamax Poker - Tournament "Expresso Nitro" buyIn: 0.93€ + 0.07€ level: 1 - HandId: #2689780027112816641-1-1674651397 - Holdem no limit (10/20) - 2023/01/25 12:56:37 UTC
Table: 'Expresso Nitro(626263215)#0' 3-max (real money) Seat #2 is the button
Seat 1: Manonnoah07 (300)
Seat 2: _SKR (300)
Seat 3: JUVENTINO179 (300)
*** ANTE/BLINDS ***
JUVENTINO179 posts small blind 10
Manonnoah07 posts big blind 20
Dealt to _SKR [Qd Ts]
*** PRE-FLOP *** 
_SKR folds
JUVENTINO179 calls 10
Manonnoah07 checks
*** FLOP *** [7d Ac Ks]
JUVENTINO179 bets 20
Manonnoah07 folds
JUVENTINO179 collected 60 from pot
*** SUMMARY ***
Total pot 60 | No rake
Board: [7d Ac Ks]
Seat 3: JUVENTINO179 (small blind) won 60


Winamax Poker - Tournament "Expresso Nitro" buyIn: 0.93€ + 0.07€ level: 1 - HandId: #2689780027112816641-2-1674651411 - Holdem no limit (10/20) - 2023/01/25 12:56:51 UTC
Table: 'Expresso Nitro(626263215)#0' 3-max (real money) Seat #3 is the button
Seat 1: Manonnoah07 (280)
Seat 2: _SKR (300)
Seat 3: JUVENTINO179 (320)
*** ANTE/BLINDS ***
Manonnoah07 posts small blind 10
_SKR posts big blind 20
Dealt to _SKR [8c Ah]
*** PRE-FLOP *** 
JUVENTINO179 folds
Manonnoah07 folds
_SKR collected 30 from pot
*** SUMMARY ***
Total pot 30 | No rake
Seat 2: _SKR (big blind) won 30


Winamax Poker - Tournament "Expresso Nitro" buyIn: 0.93€ + 0.07€ level: 1 - HandId: #2689780027112816641-3-1674651416 - Holdem no limit (10/20) - 2023/01/25 12:56:56 UTC
Table: 'Expresso Nitro(626263215)#0' 3-max (real money) Seat #1 is the button
Seat 1: Manonnoah07 (270)
Seat 2: _SKR (310)
Seat 3: JUVENTINO179 (320)
*** ANTE/BLINDS ***
_SKR posts small blind 10
JUVENTINO179 posts big blind 20
Dealt to _SKR [4s 3s]
*** PRE-FLOP *** 
Manonnoah07 folds
_SKR folds
JUVENTINO179 collected 30 from pot
*** SUMMARY ***
Total pot 30 | No rake
Seat 3: JUVENTINO179 (big blind) won 30


Winamax Poker - Tournament "Expresso Nitro" buyIn: 0.93€ + 0.07€ level: 1 - HandId: #2689780027112816641-4-1674651420 - Holdem no limit (10/20) - 2023/01/25 12:57:00 UTC
Table: 'Expresso Nitro(626263215)#0' 3-max (real money) Seat #2 is the button
Seat 1: Manonnoah07 (270)
Seat 2: _SKR (300)
Seat 3: JUVENTINO179 (330)
*** ANTE/BLINDS ***
JUVENTINO179 posts small blind 10
Manonnoah07 posts big blind 20
Dealt to _SKR [Ad 3d]
*** PRE-FLOP *** 
_SKR raises 280 to 300 and is all-in
JUVENTINO179 folds
Manonnoah07 calls 250 and is all-in
*** FLOP *** [8d Qh 7d]
*** TURN *** [8d Qh 7d][8s]
*** RIVER *** [8d Qh 7d 8s][2c]
*** SHOW DOWN ***
Manonnoah07 shows [Ts Kh] (One pair : 8)
_SKR shows [Ad 3d] (One pair : 8)
_SKR collected 580 from pot
*** SUMMARY ***
Total pot 580 | No rake
Board: [8d Qh 7d 8s 2c]
Seat 1: Manonnoah07 (big blind) showed [Ts Kh] and lost with One pair : 8
Seat 2: _SKR (button) showed [Ad 3d] and won 580 with One pair : 8


Winamax Poker - Tournament "Expresso Nitro" buyIn: 0.93€ + 0.07€ level: 1 - HandId: #2689780027112816641-5-1674651435 - Holdem no limit (10/20) - 2023/01/25 12:57:15 UTC
Table: 'Expresso Nitro(626263215)#0' 3-max (real money) Seat #2 is the button
Seat 2: _SKR (580)
Seat 3: JUVENTINO179 (320)
*** ANTE/BLINDS ***
_SKR posts small blind 10
JUVENTINO179 posts big blind 20
Dealt to _SKR [As 6c]
*** PRE-FLOP *** 
_SKR raises 560 to 580 and is all-in
JUVENTINO179 folds
_SKR collected 600 from pot
*** SUMMARY ***
Total pot 600 | No rake
Seat 2: _SKR (small blind) (button) won 600


Winamax Poker - Tournament "Expresso Nitro" buyIn: 0.93€ + 0.07€ level: 1 - HandId: #2689780027112816641-6-1674651444 - Holdem no limit (10/20) - 2023/01/25 12:57:24 UTC
Table: 'Expresso Nitro(626263215)#0' 3-max (real money) Seat #3 is the button
Seat 2: _SKR (600)
Seat 3: JUVENTINO179 (300)
*** ANTE/BLINDS ***
JUVENTINO179 posts small blind 10
_SKR posts big blind 20
Dealt to _SKR [5h Qd]
*** PRE-FLOP *** 
JUVENTINO179 calls 10
_SKR checks
*** FLOP *** [Qc Jd 6h]
_SKR checks
JUVENTINO179 bets 20
_SKR calls 20
*** TURN *** [Qc Jd 6h][5d]
_SKR checks
JUVENTINO179 bets 20
_SKR raises 50 to 70
JUVENTINO179 calls 50
*** RIVER *** [Qc Jd 6h 5d][Td]
_SKR bets 110
JUVENTINO179 calls 110
*** SHOW DOWN ***
JUVENTINO179 shows [9s Jc] (One pair : Jacks)
_SKR shows [5h Qd] (Two pairs : Queens and 5)
_SKR collected 440 from pot
*** SUMMARY ***
Total pot 440 | No rake
Board: [Qc Jd 6h 5d Td]
Seat 2: _SKR (big blind) showed [5h Qd] and won 440 with Two pairs : Queens and 5
Seat 3: JUVENTINO179 (small blind) (button) showed [9s Jc] and lost with One pair : Jacks


Winamax Poker - Tournament "Expresso Nitro" buyIn: 0.93€ + 0.07€ level: 2 - HandId: #2689780027112816641-7-1674651506 - Holdem no limit (15/30) - 2023/01/25 12:58:26 UTC
Table: 'Expresso Nitro(626263215)#0' 3-max (real money) Seat #2 is the button
Seat 2: _SKR (820)
Seat 3: JUVENTINO179 (80)
*** ANTE/BLINDS ***
_SKR posts small blind 15
JUVENTINO179 posts big blind 30
Dealt to _SKR [Qc 4c]
*** PRE-FLOP *** 
_SKR raises 790 to 820 and is all-in
JUVENTINO179 folds
_SKR collected 850 from pot
*** SUMMARY ***
Total pot 850 | No rake
Seat 2: _SKR (small blind) (button) won 850


Winamax Poker - Tournament "Expresso Nitro" buyIn: 0.93€ + 0.07€ level: 3 - HandId: #2689780027112816641-8-1674651521 - Holdem no limit (20/40) - 2023/01/25 12:58:41 UTC
Table: 'Expresso Nitro(626263215)#0' 3-max (real money) Seat #3 is the button
Seat 2: _SKR (850)
Seat 3: JUVENTINO179 (50)
*** ANTE/BLINDS ***
JUVENTINO179 posts small blind 20
_SKR posts big blind 40
Dealt to _SKR [Jc Kd]
*** PRE-FLOP *** 
JUVENTINO179 raises 10 to 50 and is all-in
_SKR calls 10
*** FLOP *** [Ks 3h 4c]
*** TURN *** [Ks 3h 4c][9c]
*** RIVER *** [Ks 3h 4c 9c][Jd]
*** SHOW DOWN ***
JUVENTINO179 shows [As 3c] (One pair : 3)
_SKR shows [Jc Kd] (Two pairs : Kings and Jacks)
_SKR collected 100 from pot
*** SUMMARY ***
Total pot 100 | No rake
Board: [Ks 3h 4c 9c Jd]
Seat 2: _SKR (big blind) showed [Jc Kd] and won 100 with Two pairs : Kings and Jacks
Seat 3: JUVENTINO179 (small blind) (button) showed [As 3c] and lost with One pair : 3


