Winamax Poker - Tournament "Expresso Nitro" buyIn: 0.93€ + 0.07€ level: 1 - HandId: #2689841363540770817-1-1674655127 - Holdem no limit (10/20) - 2023/01/25 13:58:47 UTC
Table: 'Expresso Nitro(626277496)#0' 3-max (real money) Seat #1 is the button
Seat 1: RL Striker66 (300)
Seat 2: Karim511 (300)
Seat 3: _SKR (300)
*** ANTE/BLINDS ***
Karim511 posts small blind 10
_SKR posts big blind 20
Dealt to _SKR [As Tc]
*** PRE-FLOP *** 
RL Striker66 calls 20
Karim511 calls 10
_SKR raises 280 to 300 and is all-in
RL Striker66 calls 280 and is all-in
Karim511 folds
*** FLOP *** [Jh 6c Ks]
*** TURN *** [Jh 6c Ks][7d]
*** RIVER *** [Jh 6c Ks 7d][Th]
*** SHOW DOWN ***
RL Striker66 shows [9d 9s] (One pair : 9)
_SKR shows [As Tc] (One pair : Tens)
_SKR collected 620 from pot
*** SUMMARY ***
Total pot 620 | No rake
Board: [Jh 6c Ks 7d Th]
Seat 1: RL Striker66 (button) showed [9d 9s] and lost with One pair : 9
Seat 3: _SKR (big blind) showed [As Tc] and won 620 with One pair : Tens


Winamax Poker - Tournament "Expresso Nitro" buyIn: 0.93€ + 0.07€ level: 1 - HandId: #2689841363540770817-2-1674655154 - Holdem no limit (10/20) - 2023/01/25 13:59:14 UTC
Table: 'Expresso Nitro(626277496)#0' 3-max (real money) Seat #3 is the button
Seat 2: Karim511 (280)
Seat 3: _SKR (620)
*** ANTE/BLINDS ***
_SKR posts small blind 10
Karim511 posts big blind 20
Dealt to _SKR [Ac 9h]
*** PRE-FLOP *** 
_SKR raises 600 to 620 and is all-in
Karim511 folds
_SKR collected 640 from pot
*** SUMMARY ***
Total pot 640 | No rake
Seat 3: _SKR (small blind) (button) won 640


Winamax Poker - Tournament "Expresso Nitro" buyIn: 0.93€ + 0.07€ level: 1 - HandId: #2689841363540770817-3-1674655161 - Holdem no limit (10/20) - 2023/01/25 13:59:21 UTC
Table: 'Expresso Nitro(626277496)#0' 3-max (real money) Seat #2 is the button
Seat 2: Karim511 (260)
Seat 3: _SKR (640)
*** ANTE/BLINDS ***
Karim511 posts small blind 10
_SKR posts big blind 20
Dealt to _SKR [4c 3c]
*** PRE-FLOP *** 
Karim511 calls 10
_SKR checks
*** FLOP *** [Tc Kc 7d]
_SKR checks
Karim511 bets 20
_SKR raises 600 to 620 and is all-in
Karim511 calls 220 and is all-in
*** TURN *** [Tc Kc 7d][Kd]
*** RIVER *** [Tc Kc 7d Kd][4h]
*** SHOW DOWN ***
Karim511 shows [Jd Jh] (Two pairs : Kings and Jacks)
_SKR shows [4c 3c] (Two pairs : Kings and 4)
_SKR collected 380 from side pot 1
Karim511 collected 520 from main pot
*** SUMMARY ***
Total pot 900 | No rake
Board: [Tc Kc 7d Kd 4h]
Seat 2: Karim511 (small blind) (button) showed [Jd Jh] and won 520 with Two pairs : Kings and Jacks
Seat 3: _SKR (big blind) showed [4c 3c] and won 380 with Two pairs : Kings and 4


Winamax Poker - Tournament "Expresso Nitro" buyIn: 0.93€ + 0.07€ level: 2 - HandId: #2689841363540770817-4-1674655184 - Holdem no limit (15/30) - 2023/01/25 13:59:44 UTC
Table: 'Expresso Nitro(626277496)#0' 3-max (real money) Seat #3 is the button
Seat 2: Karim511 (520)
Seat 3: _SKR (380)
*** ANTE/BLINDS ***
_SKR posts small blind 15
Karim511 posts big blind 30
Dealt to _SKR [4d 2d]
*** PRE-FLOP *** 
_SKR folds
Karim511 collected 45 from pot
*** SUMMARY ***
Total pot 45 | No rake
Seat 2: Karim511 (big blind) won 45


Winamax Poker - Tournament "Expresso Nitro" buyIn: 0.93€ + 0.07€ level: 2 - HandId: #2689841363540770817-5-1674655190 - Holdem no limit (15/30) - 2023/01/25 13:59:50 UTC
Table: 'Expresso Nitro(626277496)#0' 3-max (real money) Seat #2 is the button
Seat 2: Karim511 (535)
Seat 3: _SKR (365)
*** ANTE/BLINDS ***
Karim511 posts small blind 15
_SKR posts big blind 30
Dealt to _SKR [Qd 2s]
*** PRE-FLOP *** 
Karim511 folds
_SKR collected 45 from pot
*** SUMMARY ***
Total pot 45 | No rake
Seat 3: _SKR (big blind) won 45


Winamax Poker - Tournament "Expresso Nitro" buyIn: 0.93€ + 0.07€ level: 2 - HandId: #2689841363540770817-6-1674655196 - Holdem no limit (15/30) - 2023/01/25 13:59:56 UTC
Table: 'Expresso Nitro(626277496)#0' 3-max (real money) Seat #3 is the button
Seat 2: Karim511 (520)
Seat 3: _SKR (380)
*** ANTE/BLINDS ***
_SKR posts small blind 15
Karim511 posts big blind 30
Dealt to _SKR [8c 5d]
*** PRE-FLOP *** 
_SKR folds
Karim511 collected 45 from pot
*** SUMMARY ***
Total pot 45 | No rake
Seat 2: Karim511 (big blind) won 45


Winamax Poker - Tournament "Expresso Nitro" buyIn: 0.93€ + 0.07€ level: 2 - HandId: #2689841363540770817-7-1674655199 - Holdem no limit (15/30) - 2023/01/25 13:59:59 UTC
Table: 'Expresso Nitro(626277496)#0' 3-max (real money) Seat #2 is the button
Seat 2: Karim511 (535)
Seat 3: _SKR (365)
*** ANTE/BLINDS ***
Karim511 posts small blind 15
_SKR posts big blind 30
Dealt to _SKR [2h Kc]
*** PRE-FLOP *** 
Karim511 calls 15
_SKR checks
*** FLOP *** [8s 9c Th]
_SKR checks
Karim511 bets 30
_SKR folds
Karim511 collected 90 from pot
*** SUMMARY ***
Total pot 90 | No rake
Board: [8s 9c Th]
Seat 2: Karim511 (small blind) (button) won 90


Winamax Poker - Tournament "Expresso Nitro" buyIn: 0.93€ + 0.07€ level: 2 - HandId: #2689841363540770817-8-1674655218 - Holdem no limit (15/30) - 2023/01/25 14:00:18 UTC
Table: 'Expresso Nitro(626277496)#0' 3-max (real money) Seat #3 is the button
Seat 2: Karim511 (565)
Seat 3: _SKR (335)
*** ANTE/BLINDS ***
_SKR posts small blind 15
Karim511 posts big blind 30
Dealt to _SKR [4s Ad]
*** PRE-FLOP *** 
_SKR raises 305 to 335 and is all-in
Karim511 folds
_SKR collected 365 from pot
*** SUMMARY ***
Total pot 365 | No rake
Seat 3: _SKR (small blind) (button) won 365


Winamax Poker - Tournament "Expresso Nitro" buyIn: 0.93€ + 0.07€ level: 2 - HandId: #2689841363540770817-9-1674655229 - Holdem no limit (15/30) - 2023/01/25 14:00:29 UTC
Table: 'Expresso Nitro(626277496)#0' 3-max (real money) Seat #2 is the button
Seat 2: Karim511 (535)
Seat 3: _SKR (365)
*** ANTE/BLINDS ***
Karim511 posts small blind 15
_SKR posts big blind 30
Dealt to _SKR [Qc 4d]
*** PRE-FLOP *** 
Karim511 calls 15
_SKR checks
*** FLOP *** [5s Ks 7s]
_SKR checks
Karim511 bets 30
_SKR folds
Karim511 collected 90 from pot
*** SUMMARY ***
Total pot 90 | No rake
Board: [5s Ks 7s]
Seat 2: Karim511 (small blind) (button) won 90


Winamax Poker - Tournament "Expresso Nitro" buyIn: 0.93€ + 0.07€ level: 3 - HandId: #2689841363540770817-10-1674655252 - Holdem no limit (20/40) - 2023/01/25 14:00:52 UTC
Table: 'Expresso Nitro(626277496)#0' 3-max (real money) Seat #3 is the button
Seat 2: Karim511 (565)
Seat 3: _SKR (335)
*** ANTE/BLINDS ***
_SKR posts small blind 20
Karim511 posts big blind 40
Dealt to _SKR [2h Qs]
*** PRE-FLOP *** 
_SKR raises 295 to 335 and is all-in
Karim511 folds
_SKR collected 375 from pot
*** SUMMARY ***
Total pot 375 | No rake
Seat 3: _SKR (small blind) (button) won 375


Winamax Poker - Tournament "Expresso Nitro" buyIn: 0.93€ + 0.07€ level: 3 - HandId: #2689841363540770817-11-1674655262 - Holdem no limit (20/40) - 2023/01/25 14:01:02 UTC
Table: 'Expresso Nitro(626277496)#0' 3-max (real money) Seat #2 is the button
Seat 2: Karim511 (525)
Seat 3: _SKR (375)
*** ANTE/BLINDS ***
Karim511 posts small blind 20
_SKR posts big blind 40
Dealt to _SKR [Jc 6d]
*** PRE-FLOP *** 
Karim511 calls 20
_SKR raises 335 to 375 and is all-in
Karim511 folds
_SKR collected 415 from pot
*** SUMMARY ***
Total pot 415 | No rake
Seat 3: _SKR (big blind) won 415


Winamax Poker - Tournament "Expresso Nitro" buyIn: 0.93€ + 0.07€ level: 3 - HandId: #2689841363540770817-12-1674655273 - Holdem no limit (20/40) - 2023/01/25 14:01:13 UTC
Table: 'Expresso Nitro(626277496)#0' 3-max (real money) Seat #3 is the button
Seat 2: Karim511 (485)
Seat 3: _SKR (415)
*** ANTE/BLINDS ***
_SKR posts small blind 20
Karim511 posts big blind 40
Dealt to _SKR [As 3h]
*** PRE-FLOP *** 
_SKR raises 375 to 415 and is all-in
Karim511 folds
_SKR collected 455 from pot
*** SUMMARY ***
Total pot 455 | No rake
Seat 3: _SKR (small blind) (button) won 455


Winamax Poker - Tournament "Expresso Nitro" buyIn: 0.93€ + 0.07€ level: 3 - HandId: #2689841363540770817-13-1674655279 - Holdem no limit (20/40) - 2023/01/25 14:01:19 UTC
Table: 'Expresso Nitro(626277496)#0' 3-max (real money) Seat #2 is the button
Seat 2: Karim511 (445)
Seat 3: _SKR (455)
*** ANTE/BLINDS ***
Karim511 posts small blind 20
_SKR posts big blind 40
Dealt to _SKR [3c 4s]
*** PRE-FLOP *** 
Karim511 calls 20
_SKR checks
*** FLOP *** [6d Td 2s]
_SKR checks
Karim511 bets 40
_SKR folds
Karim511 collected 120 from pot
*** SUMMARY ***
Total pot 120 | No rake
Board: [6d Td 2s]
Seat 2: Karim511 (small blind) (button) won 120


Winamax Poker - Tournament "Expresso Nitro" buyIn: 0.93€ + 0.07€ level: 3 - HandId: #2689841363540770817-14-1674655288 - Holdem no limit (20/40) - 2023/01/25 14:01:28 UTC
Table: 'Expresso Nitro(626277496)#0' 3-max (real money) Seat #3 is the button
Seat 2: Karim511 (485)
Seat 3: _SKR (415)
*** ANTE/BLINDS ***
_SKR posts small blind 20
Karim511 posts big blind 40
Dealt to _SKR [5c As]
*** PRE-FLOP *** 
_SKR raises 375 to 415 and is all-in
Karim511 calls 375
*** FLOP *** [7s Td 9h]
*** TURN *** [7s Td 9h][4s]
*** RIVER *** [7s Td 9h 4s][4c]
*** SHOW DOWN ***
Karim511 shows [2s Ac] (One pair : 4)
_SKR shows [5c As] (One pair : 4)
_SKR collected 415 from pot
Karim511 collected 415 from pot
*** SUMMARY ***
Total pot 830 | No rake
Board: [7s Td 9h 4s 4c]
Seat 2: Karim511 (big blind) showed [2s Ac] and won 415 with One pair : 4
Seat 3: _SKR (small blind) (button) showed [5c As] and won 415 with One pair : 4


Winamax Poker - Tournament "Expresso Nitro" buyIn: 0.93€ + 0.07€ level: 3 - HandId: #2689841363540770817-15-1674655298 - Holdem no limit (20/40) - 2023/01/25 14:01:38 UTC
Table: 'Expresso Nitro(626277496)#0' 3-max (real money) Seat #2 is the button
Seat 2: Karim511 (485)
Seat 3: _SKR (415)
*** ANTE/BLINDS ***
Karim511 posts small blind 20
_SKR posts big blind 40
Dealt to _SKR [6d Qd]
*** PRE-FLOP *** 
Karim511 calls 20
_SKR checks
*** FLOP *** [5h 5c 4d]
_SKR checks
Karim511 bets 40
_SKR calls 40
*** TURN *** [5h 5c 4d][Jh]
_SKR checks
Karim511 checks
*** RIVER *** [5h 5c 4d Jh][Jc]
_SKR bets 104
Karim511 folds
_SKR collected 264 from pot
*** SUMMARY ***
Total pot 264 | No rake
Board: [5h 5c 4d Jh Jc]
Seat 3: _SKR (big blind) won 264


Winamax Poker - Tournament "Expresso Nitro" buyIn: 0.93€ + 0.07€ level: 4 - HandId: #2689841363540770817-16-1674655310 - Holdem no limit (30/60) - 2023/01/25 14:01:50 UTC
Table: 'Expresso Nitro(626277496)#0' 3-max (real money) Seat #3 is the button
Seat 2: Karim511 (405)
Seat 3: _SKR (495)
*** ANTE/BLINDS ***
_SKR posts small blind 30
Karim511 posts big blind 60
Dealt to _SKR [Ad Kh]
*** PRE-FLOP *** 
_SKR calls 30
Karim511 checks
*** FLOP *** [4d 4h 9d]
Karim511 checks
_SKR bets 60
Karim511 folds
_SKR collected 180 from pot
*** SUMMARY ***
Total pot 180 | No rake
Board: [4d 4h 9d]
Seat 3: _SKR (small blind) (button) won 180


Winamax Poker - Tournament "Expresso Nitro" buyIn: 0.93€ + 0.07€ level: 4 - HandId: #2689841363540770817-17-1674655323 - Holdem no limit (30/60) - 2023/01/25 14:02:03 UTC
Table: 'Expresso Nitro(626277496)#0' 3-max (real money) Seat #2 is the button
Seat 2: Karim511 (345)
Seat 3: _SKR (555)
*** ANTE/BLINDS ***
Karim511 posts small blind 30
_SKR posts big blind 60
Dealt to _SKR [Qs 3c]
*** PRE-FLOP *** 
Karim511 calls 30
_SKR checks
*** FLOP *** [Jh 8d 8c]
_SKR checks
Karim511 bets 60
_SKR folds
Karim511 collected 180 from pot
*** SUMMARY ***
Total pot 180 | No rake
Board: [Jh 8d 8c]
Seat 2: Karim511 (small blind) (button) won 180


Winamax Poker - Tournament "Expresso Nitro" buyIn: 0.93€ + 0.07€ level: 4 - HandId: #2689841363540770817-18-1674655335 - Holdem no limit (30/60) - 2023/01/25 14:02:15 UTC
Table: 'Expresso Nitro(626277496)#0' 3-max (real money) Seat #3 is the button
Seat 2: Karim511 (405)
Seat 3: _SKR (495)
*** ANTE/BLINDS ***
_SKR posts small blind 30
Karim511 posts big blind 60
Dealt to _SKR [6s 4h]
*** PRE-FLOP *** 
_SKR folds
Karim511 collected 90 from pot
*** SUMMARY ***
Total pot 90 | No rake
Seat 2: Karim511 (big blind) won 90


Winamax Poker - Tournament "Expresso Nitro" buyIn: 0.93€ + 0.07€ level: 4 - HandId: #2689841363540770817-19-1674655338 - Holdem no limit (30/60) - 2023/01/25 14:02:18 UTC
Table: 'Expresso Nitro(626277496)#0' 3-max (real money) Seat #2 is the button
Seat 2: Karim511 (435)
Seat 3: _SKR (465)
*** ANTE/BLINDS ***
Karim511 posts small blind 30
_SKR posts big blind 60
Dealt to _SKR [5d 4d]
*** PRE-FLOP *** 
Karim511 calls 30
_SKR checks
*** FLOP *** [6h 7s 8h]
_SKR checks
Karim511 checks
*** TURN *** [6h 7s 8h][2s]
_SKR bets 78
Karim511 folds
_SKR collected 198 from pot
*** SUMMARY ***
Total pot 198 | No rake
Board: [6h 7s 8h 2s]
Seat 3: _SKR (big blind) won 198


Winamax Poker - Tournament "Expresso Nitro" buyIn: 0.93€ + 0.07€ level: 4 - HandId: #2689841363540770817-20-1674655351 - Holdem no limit (30/60) - 2023/01/25 14:02:31 UTC
Table: 'Expresso Nitro(626277496)#0' 3-max (real money) Seat #3 is the button
Seat 2: Karim511 (375)
Seat 3: _SKR (525)
*** ANTE/BLINDS ***
_SKR posts small blind 30
Karim511 posts big blind 60
Dealt to _SKR [4s 8d]
*** PRE-FLOP *** 
_SKR folds
Karim511 collected 90 from pot
*** SUMMARY ***
Total pot 90 | No rake
Seat 2: Karim511 (big blind) won 90


Winamax Poker - Tournament "Expresso Nitro" buyIn: 0.93€ + 0.07€ level: 4 - HandId: #2689841363540770817-21-1674655355 - Holdem no limit (30/60) - 2023/01/25 14:02:35 UTC
Table: 'Expresso Nitro(626277496)#0' 3-max (real money) Seat #2 is the button
Seat 2: Karim511 (405)
Seat 3: _SKR (495)
*** ANTE/BLINDS ***
Karim511 posts small blind 30
_SKR posts big blind 60
Dealt to _SKR [7s Ad]
*** PRE-FLOP *** 
Karim511 calls 30
_SKR raises 435 to 495 and is all-in
Karim511 folds
_SKR collected 555 from pot
*** SUMMARY ***
Total pot 555 | No rake
Seat 3: _SKR (big blind) won 555


Winamax Poker - Tournament "Expresso Nitro" buyIn: 0.93€ + 0.07€ level: 5 - HandId: #2689841363540770817-22-1674655363 - Holdem no limit (40/80) - 2023/01/25 14:02:43 UTC
Table: 'Expresso Nitro(626277496)#0' 3-max (real money) Seat #3 is the button
Seat 2: Karim511 (345)
Seat 3: _SKR (555)
*** ANTE/BLINDS ***
_SKR posts small blind 40
Karim511 posts big blind 80
Dealt to _SKR [Th 3s]
*** PRE-FLOP *** 
_SKR folds
Karim511 collected 120 from pot
*** SUMMARY ***
Total pot 120 | No rake
Seat 2: Karim511 (big blind) won 120


Winamax Poker - Tournament "Expresso Nitro" buyIn: 0.93€ + 0.07€ level: 5 - HandId: #2689841363540770817-23-1674655366 - Holdem no limit (40/80) - 2023/01/25 14:02:46 UTC
Table: 'Expresso Nitro(626277496)#0' 3-max (real money) Seat #2 is the button
Seat 2: Karim511 (385)
Seat 3: _SKR (515)
*** ANTE/BLINDS ***
Karim511 posts small blind 40
_SKR posts big blind 80
Dealt to _SKR [Kc 5d]
*** PRE-FLOP *** 
Karim511 folds
_SKR collected 120 from pot
*** SUMMARY ***
Total pot 120 | No rake
Seat 3: _SKR (big blind) won 120


Winamax Poker - Tournament "Expresso Nitro" buyIn: 0.93€ + 0.07€ level: 5 - HandId: #2689841363540770817-24-1674655370 - Holdem no limit (40/80) - 2023/01/25 14:02:50 UTC
Table: 'Expresso Nitro(626277496)#0' 3-max (real money) Seat #3 is the button
Seat 2: Karim511 (345)
Seat 3: _SKR (555)
*** ANTE/BLINDS ***
_SKR posts small blind 40
Karim511 posts big blind 80
Dealt to _SKR [Ts 6d]
*** PRE-FLOP *** 
_SKR folds
Karim511 collected 120 from pot
*** SUMMARY ***
Total pot 120 | No rake
Seat 2: Karim511 (big blind) won 120


Winamax Poker - Tournament "Expresso Nitro" buyIn: 0.93€ + 0.07€ level: 5 - HandId: #2689841363540770817-25-1674655373 - Holdem no limit (40/80) - 2023/01/25 14:02:53 UTC
Table: 'Expresso Nitro(626277496)#0' 3-max (real money) Seat #2 is the button
Seat 2: Karim511 (385)
Seat 3: _SKR (515)
*** ANTE/BLINDS ***
Karim511 posts small blind 40
_SKR posts big blind 80
Dealt to _SKR [Kd 5h]
*** PRE-FLOP *** 
Karim511 folds
_SKR collected 120 from pot
*** SUMMARY ***
Total pot 120 | No rake
Seat 3: _SKR (big blind) won 120


Winamax Poker - Tournament "Expresso Nitro" buyIn: 0.93€ + 0.07€ level: 5 - HandId: #2689841363540770817-26-1674655378 - Holdem no limit (40/80) - 2023/01/25 14:02:58 UTC
Table: 'Expresso Nitro(626277496)#0' 3-max (real money) Seat #3 is the button
Seat 2: Karim511 (345)
Seat 3: _SKR (555)
*** ANTE/BLINDS ***
_SKR posts small blind 40
Karim511 posts big blind 80
Dealt to _SKR [Ah Qd]
*** PRE-FLOP *** 
_SKR raises 475 to 555 and is all-in
Karim511 calls 265 and is all-in
*** FLOP *** [3h Td 3d]
*** TURN *** [3h Td 3d][Jh]
*** RIVER *** [3h Td 3d Jh][2h]
*** SHOW DOWN ***
Karim511 shows [9s Ac] (One pair : 3)
_SKR shows [Ah Qd] (One pair : 3)
_SKR collected 900 from pot
*** SUMMARY ***
Total pot 900 | No rake
Board: [3h Td 3d Jh 2h]
Seat 2: Karim511 (big blind) showed [9s Ac] and lost with One pair : 3
Seat 3: _SKR (small blind) (button) showed [Ah Qd] and won 900 with One pair : 3


