Winamax Poker - Tournament "Expresso Nitro" buyIn: 0.93€ + 0.07€ level: 1 - HandId: #2666608425147826177-1-1673284783 - Holdem no limit (10/20) - 2023/01/09 17:19:43 UTC
Table: 'Expresso Nitro(620868156)#0' 3-max (real money) Seat #3 is the button
Seat 1: _SKR (300)
Seat 2: Nadiii (300)
Seat 3: Baboso.10912 (300)
*** ANTE/BLINDS ***
_SKR posts small blind 10
Nadiii posts big blind 20
Dealt to _SKR [2c 3h]
*** PRE-FLOP *** 
Baboso.10912 folds
_SKR folds
Nadiii collected 30 from pot
*** SUMMARY ***
Total pot 30 | No rake
Seat 2: Nadiii (big blind) won 30


Winamax Poker - Tournament "Expresso Nitro" buyIn: 0.93€ + 0.07€ level: 1 - HandId: #2666608425147826177-2-1673284788 - Holdem no limit (10/20) - 2023/01/09 17:19:48 UTC
Table: 'Expresso Nitro(620868156)#0' 3-max (real money) Seat #1 is the button
Seat 1: _SKR (290)
Seat 2: Nadiii (310)
Seat 3: Baboso.10912 (300)
*** ANTE/BLINDS ***
Nadiii posts small blind 10
Baboso.10912 posts big blind 20
Dealt to _SKR [9h 4h]
*** PRE-FLOP *** 
_SKR folds
Nadiii calls 10
Baboso.10912 checks
*** FLOP *** [7c 3d Jh]
Nadiii checks
Baboso.10912 checks
*** TURN *** [7c 3d Jh][2d]
Nadiii checks
Baboso.10912 checks
*** RIVER *** [7c 3d Jh 2d][3s]
Nadiii checks
Baboso.10912 checks
*** SHOW DOWN ***
Baboso.10912 shows [Ts 5d] (One pair : 3)
Nadiii shows [9d Tc] (One pair : 3)
Nadiii collected 40 from pot
*** SUMMARY ***
Total pot 40 | No rake
Board: [7c 3d Jh 2d 3s]
Seat 2: Nadiii (small blind) showed [9d Tc] and won 40 with One pair : 3
Seat 3: Baboso.10912 (big blind) showed [Ts 5d] and lost with One pair : 3


Winamax Poker - Tournament "Expresso Nitro" buyIn: 0.93€ + 0.07€ level: 1 - HandId: #2666608425147826177-3-1673284810 - Holdem no limit (10/20) - 2023/01/09 17:20:10 UTC
Table: 'Expresso Nitro(620868156)#0' 3-max (real money) Seat #2 is the button
Seat 1: _SKR (290)
Seat 2: Nadiii (330)
Seat 3: Baboso.10912 (280)
*** ANTE/BLINDS ***
Baboso.10912 posts small blind 10
_SKR posts big blind 20
Dealt to _SKR [Js 3d]
*** PRE-FLOP *** 
Nadiii folds
Baboso.10912 folds
_SKR collected 30 from pot
*** SUMMARY ***
Total pot 30 | No rake
Seat 1: _SKR (big blind) won 30


Winamax Poker - Tournament "Expresso Nitro" buyIn: 0.93€ + 0.07€ level: 1 - HandId: #2666608425147826177-4-1673284815 - Holdem no limit (10/20) - 2023/01/09 17:20:15 UTC
Table: 'Expresso Nitro(620868156)#0' 3-max (real money) Seat #3 is the button
Seat 1: _SKR (300)
Seat 2: Nadiii (330)
Seat 3: Baboso.10912 (270)
*** ANTE/BLINDS ***
_SKR posts small blind 10
Nadiii posts big blind 20
Dealt to _SKR [8s Kh]
*** PRE-FLOP *** 
Baboso.10912 folds
_SKR raises 20 to 40
Nadiii folds
_SKR collected 60 from pot
*** SUMMARY ***
Total pot 60 | No rake
Seat 1: _SKR (small blind) won 60


Winamax Poker - Tournament "Expresso Nitro" buyIn: 0.93€ + 0.07€ level: 1 - HandId: #2666608425147826177-5-1673284833 - Holdem no limit (10/20) - 2023/01/09 17:20:33 UTC
Table: 'Expresso Nitro(620868156)#0' 3-max (real money) Seat #1 is the button
Seat 1: _SKR (320)
Seat 2: Nadiii (310)
Seat 3: Baboso.10912 (270)
*** ANTE/BLINDS ***
Nadiii posts small blind 10
Baboso.10912 posts big blind 20
Dealt to _SKR [4s 7d]
*** PRE-FLOP *** 
_SKR folds
Nadiii calls 10
Baboso.10912 checks
*** FLOP *** [2d 4d Qs]
Nadiii checks
Baboso.10912 checks
*** TURN *** [2d 4d Qs][Js]
Nadiii checks
Baboso.10912 checks
*** RIVER *** [2d 4d Qs Js][Tc]
Nadiii checks
Baboso.10912 checks
*** SHOW DOWN ***
Baboso.10912 shows [5c 7h] (High card : Queen)
Nadiii shows [Ks 6h] (High card : King)
Nadiii collected 40 from pot
*** SUMMARY ***
Total pot 40 | No rake
Board: [2d 4d Qs Js Tc]
Seat 2: Nadiii (small blind) showed [Ks 6h] and won 40 with High card : King
Seat 3: Baboso.10912 (big blind) showed [5c 7h] and lost with High card : Queen


Winamax Poker - Tournament "Expresso Nitro" buyIn: 0.93€ + 0.07€ level: 2 - HandId: #2666608425147826177-6-1673284855 - Holdem no limit (15/30) - 2023/01/09 17:20:55 UTC
Table: 'Expresso Nitro(620868156)#0' 3-max (real money) Seat #2 is the button
Seat 1: _SKR (320)
Seat 2: Nadiii (330)
Seat 3: Baboso.10912 (250)
*** ANTE/BLINDS ***
Baboso.10912 posts small blind 15
_SKR posts big blind 30
Dealt to _SKR [Qc 3h]
*** PRE-FLOP *** 
Nadiii raises 300 to 330 and is all-in
Baboso.10912 folds
_SKR folds
Nadiii collected 375 from pot
*** SUMMARY ***
Total pot 375 | No rake
Seat 2: Nadiii (button) won 375


Winamax Poker - Tournament "Expresso Nitro" buyIn: 0.93€ + 0.07€ level: 2 - HandId: #2666608425147826177-7-1673284863 - Holdem no limit (15/30) - 2023/01/09 17:21:03 UTC
Table: 'Expresso Nitro(620868156)#0' 3-max (real money) Seat #3 is the button
Seat 1: _SKR (290)
Seat 2: Nadiii (375)
Seat 3: Baboso.10912 (235)
*** ANTE/BLINDS ***
_SKR posts small blind 15
Nadiii posts big blind 30
Dealt to _SKR [Jd 7c]
*** PRE-FLOP *** 
Baboso.10912 folds
_SKR folds
Nadiii collected 45 from pot
*** SUMMARY ***
Total pot 45 | No rake
Seat 2: Nadiii (big blind) won 45


Winamax Poker - Tournament "Expresso Nitro" buyIn: 0.93€ + 0.07€ level: 2 - HandId: #2666608425147826177-8-1673284871 - Holdem no limit (15/30) - 2023/01/09 17:21:11 UTC
Table: 'Expresso Nitro(620868156)#0' 3-max (real money) Seat #1 is the button
Seat 1: _SKR (275)
Seat 2: Nadiii (390)
Seat 3: Baboso.10912 (235)
*** ANTE/BLINDS ***
Nadiii posts small blind 15
Baboso.10912 posts big blind 30
Dealt to _SKR [Ks Jh]
*** PRE-FLOP *** 
_SKR raises 245 to 275 and is all-in
Nadiii folds
Baboso.10912 folds
_SKR collected 320 from pot
*** SUMMARY ***
Total pot 320 | No rake
Seat 1: _SKR (button) won 320


Winamax Poker - Tournament "Expresso Nitro" buyIn: 0.93€ + 0.07€ level: 2 - HandId: #2666608425147826177-9-1673284881 - Holdem no limit (15/30) - 2023/01/09 17:21:21 UTC
Table: 'Expresso Nitro(620868156)#0' 3-max (real money) Seat #2 is the button
Seat 1: _SKR (320)
Seat 2: Nadiii (375)
Seat 3: Baboso.10912 (205)
*** ANTE/BLINDS ***
Baboso.10912 posts small blind 15
_SKR posts big blind 30
Dealt to _SKR [8s 2s]
*** PRE-FLOP *** 
Nadiii folds
Baboso.10912 raises 175 to 205 and is all-in
_SKR folds
Baboso.10912 collected 235 from pot
*** SUMMARY ***
Total pot 235 | No rake
Seat 3: Baboso.10912 (small blind) won 235


Winamax Poker - Tournament "Expresso Nitro" buyIn: 0.93€ + 0.07€ level: 2 - HandId: #2666608425147826177-10-1673284889 - Holdem no limit (15/30) - 2023/01/09 17:21:29 UTC
Table: 'Expresso Nitro(620868156)#0' 3-max (real money) Seat #3 is the button
Seat 1: _SKR (290)
Seat 2: Nadiii (375)
Seat 3: Baboso.10912 (235)
*** ANTE/BLINDS ***
_SKR posts small blind 15
Nadiii posts big blind 30
Dealt to _SKR [Ah 9h]
*** PRE-FLOP *** 
Baboso.10912 raises 205 to 235 and is all-in
_SKR raises 55 to 290 and is all-in
Nadiii folds
*** FLOP *** [Tc Jd 6h]
*** TURN *** [Tc Jd 6h][2s]
*** RIVER *** [Tc Jd 6h 2s][8c]
*** SHOW DOWN ***
_SKR shows [Ah 9h] (High card : Ace)
Baboso.10912 shows [Qh Qd] (One pair : Queens)
Baboso.10912 collected 500 from main pot
_SKR collected 55 from side pot 1
*** SUMMARY ***
Total pot 555 | No rake
Board: [Tc Jd 6h 2s 8c]
Seat 1: _SKR (small blind) showed [Ah 9h] and won 55 with High card : Ace
Seat 3: Baboso.10912 (button) showed [Qh Qd] and won 500 with One pair : Queens


Winamax Poker - Tournament "Expresso Nitro" buyIn: 0.93€ + 0.07€ level: 3 - HandId: #2666608425147826177-11-1673284904 - Holdem no limit (20/40) - 2023/01/09 17:21:44 UTC
Table: 'Expresso Nitro(620868156)#0' 3-max (real money) Seat #1 is the button
Seat 1: _SKR (55)
Seat 2: Nadiii (345)
Seat 3: Baboso.10912 (500)
*** ANTE/BLINDS ***
Nadiii posts small blind 20
Baboso.10912 posts big blind 40
Dealt to _SKR [2d 6c]
*** PRE-FLOP *** 
_SKR folds
Nadiii folds
Baboso.10912 collected 60 from pot
*** SUMMARY ***
Total pot 60 | No rake
Seat 3: Baboso.10912 (big blind) won 60


Winamax Poker - Tournament "Expresso Nitro" buyIn: 0.93€ + 0.07€ level: 3 - HandId: #2666608425147826177-12-1673284910 - Holdem no limit (20/40) - 2023/01/09 17:21:50 UTC
Table: 'Expresso Nitro(620868156)#0' 3-max (real money) Seat #2 is the button
Seat 1: _SKR (55)
Seat 2: Nadiii (325)
Seat 3: Baboso.10912 (520)
*** ANTE/BLINDS ***
Baboso.10912 posts small blind 20
_SKR posts big blind 40
Dealt to _SKR [4c 5d]
*** PRE-FLOP *** 
Nadiii folds
Baboso.10912 calls 20
_SKR checks
*** FLOP *** [8c 6h 6d]
Baboso.10912 checks
_SKR checks
*** TURN *** [8c 6h 6d][4s]
Baboso.10912 bets 40
_SKR calls 15 and is all-in
*** RIVER *** [8c 6h 6d 4s][Kh]
*** SHOW DOWN ***
_SKR shows [4c 5d] (Two pairs : 6 and 4)
Baboso.10912 shows [6c Ks] (Full of 6 and Kings)
Baboso.10912 collected 135 from pot
*** SUMMARY ***
Total pot 135 | No rake
Board: [8c 6h 6d 4s Kh]
Seat 1: _SKR (big blind) showed [4c 5d] and lost with Two pairs : 6 and 4
Seat 3: Baboso.10912 (small blind) showed [6c Ks] and won 135 with Full of 6 and Kings


