Winamax Poker - Tournament "Expresso Nitro" buyIn: 0.93€ + 0.07€ level: 1 - HandId: #2675025233903091713-1-1673740621 - Holdem no limit (10/20) - 2023/01/14 23:57:01 UTC
Table: 'Expresso Nitro(622827847)#0' 3-max (real money) Seat #3 is the button
Seat 1: _SKR (300)
Seat 2: FIGHTCLUB54 (300)
Seat 3: 1NTU1T1ON (300)
*** ANTE/BLINDS ***
_SKR posts small blind 10
FIGHTCLUB54 posts big blind 20
Dealt to _SKR [9c Qs]
*** PRE-FLOP *** 
1NTU1T1ON raises 20 to 40
_SKR folds
FIGHTCLUB54 folds
1NTU1T1ON collected 70 from pot
*** SUMMARY ***
Total pot 70 | No rake
Seat 3: 1NTU1T1ON (button) won 70


Winamax Poker - Tournament "Expresso Nitro" buyIn: 0.93€ + 0.07€ level: 1 - HandId: #2675025233903091713-2-1673740654 - Holdem no limit (10/20) - 2023/01/14 23:57:34 UTC
Table: 'Expresso Nitro(622827847)#0' 3-max (real money) Seat #1 is the button
Seat 1: _SKR (290)
Seat 2: FIGHTCLUB54 (280)
Seat 3: 1NTU1T1ON (330)
*** ANTE/BLINDS ***
FIGHTCLUB54 posts small blind 10
1NTU1T1ON posts big blind 20
Dealt to _SKR [Qc 5s]
*** PRE-FLOP *** 
_SKR folds
FIGHTCLUB54 calls 10
1NTU1T1ON checks
*** FLOP *** [Ah 8d Jd]
FIGHTCLUB54 bets 20
1NTU1T1ON calls 20
*** TURN *** [Ah 8d Jd][4h]
FIGHTCLUB54 checks
1NTU1T1ON bets 80
FIGHTCLUB54 folds
1NTU1T1ON collected 160 from pot
*** SUMMARY ***
Total pot 160 | No rake
Board: [Ah 8d Jd 4h]
Seat 3: 1NTU1T1ON (big blind) won 160


Winamax Poker - Tournament "Expresso Nitro" buyIn: 0.93€ + 0.07€ level: 2 - HandId: #2675025233903091713-3-1673740709 - Holdem no limit (15/30) - 2023/01/14 23:58:29 UTC
Table: 'Expresso Nitro(622827847)#0' 3-max (real money) Seat #2 is the button
Seat 1: _SKR (290)
Seat 2: FIGHTCLUB54 (240)
Seat 3: 1NTU1T1ON (370)
*** ANTE/BLINDS ***
1NTU1T1ON posts small blind 15
_SKR posts big blind 30
Dealt to _SKR [2h Ad]
*** PRE-FLOP *** 
FIGHTCLUB54 folds
1NTU1T1ON calls 15
_SKR raises 260 to 290 and is all-in
1NTU1T1ON folds
_SKR collected 320 from pot
*** SUMMARY ***
Total pot 320 | No rake
Seat 1: _SKR (big blind) won 320


Winamax Poker - Tournament "Expresso Nitro" buyIn: 0.93€ + 0.07€ level: 2 - HandId: #2675025233903091713-4-1673740730 - Holdem no limit (15/30) - 2023/01/14 23:58:50 UTC
Table: 'Expresso Nitro(622827847)#0' 3-max (real money) Seat #3 is the button
Seat 1: _SKR (320)
Seat 2: FIGHTCLUB54 (240)
Seat 3: 1NTU1T1ON (340)
*** ANTE/BLINDS ***
_SKR posts small blind 15
FIGHTCLUB54 posts big blind 30
Dealt to _SKR [7c 3c]
*** PRE-FLOP *** 
1NTU1T1ON calls 30
_SKR folds
FIGHTCLUB54 checks
*** FLOP *** [6h Jd Qd]
FIGHTCLUB54 checks
1NTU1T1ON bets 75
FIGHTCLUB54 folds
1NTU1T1ON collected 150 from pot
*** SUMMARY ***
Total pot 150 | No rake
Board: [6h Jd Qd]
Seat 3: 1NTU1T1ON (button) won 150


Winamax Poker - Tournament "Expresso Nitro" buyIn: 0.93€ + 0.07€ level: 3 - HandId: #2675025233903091713-5-1673740775 - Holdem no limit (20/40) - 2023/01/14 23:59:35 UTC
Table: 'Expresso Nitro(622827847)#0' 3-max (real money) Seat #1 is the button
Seat 1: _SKR (305)
Seat 2: FIGHTCLUB54 (210)
Seat 3: 1NTU1T1ON (385)
*** ANTE/BLINDS ***
FIGHTCLUB54 posts small blind 20
1NTU1T1ON posts big blind 40
Dealt to _SKR [2d 3s]
*** PRE-FLOP *** 
_SKR folds
FIGHTCLUB54 folds
1NTU1T1ON collected 60 from pot
*** SUMMARY ***
Total pot 60 | No rake
Seat 3: 1NTU1T1ON (big blind) won 60


Winamax Poker - Tournament "Expresso Nitro" buyIn: 0.93€ + 0.07€ level: 3 - HandId: #2675025233903091713-6-1673740790 - Holdem no limit (20/40) - 2023/01/14 23:59:50 UTC
Table: 'Expresso Nitro(622827847)#0' 3-max (real money) Seat #2 is the button
Seat 1: _SKR (305)
Seat 2: FIGHTCLUB54 (190)
Seat 3: 1NTU1T1ON (405)
*** ANTE/BLINDS ***
1NTU1T1ON posts small blind 20
_SKR posts big blind 40
Dealt to _SKR [2s 9s]
*** PRE-FLOP *** 
FIGHTCLUB54 folds
1NTU1T1ON folds
_SKR collected 60 from pot
*** SUMMARY ***
Total pot 60 | No rake
Seat 1: _SKR (big blind) won 60


