Winamax Poker - Tournament "Expresso Nitro" buyIn: 0.93€ + 0.07€ level: 1 - HandId: #2717548154617593857-1-1676226527 - Holdem no limit (10/20) - 2023/02/12 18:28:47 UTC
Table: 'Expresso Nitro(632728486)#0' 3-max (real money) Seat #1 is the button
Seat 1: _SKR (300)
Seat 2: AmErTune911 (300)
Seat 3: sv3383 (300)
*** ANTE/BLINDS ***
AmErTune911 posts small blind 10
sv3383 posts big blind 20
Dealt to _SKR [2s 4c]
*** PRE-FLOP *** 
_SKR folds
AmErTune911 raises 20 to 40
sv3383 raises 260 to 300 and is all-in
AmErTune911 calls 260 and is all-in
*** FLOP *** [5h 7h 4h]
*** TURN *** [5h 7h 4h][2h]
*** RIVER *** [5h 7h 4h 2h][9d]
*** SHOW DOWN ***
sv3383 shows [Jh Qh] (Flush Queen high)
AmErTune911 shows [Kh Ks] (Flush King high)
AmErTune911 collected 600 from pot
*** SUMMARY ***
Total pot 600 | No rake
Board: [5h 7h 4h 2h 9d]
Seat 2: AmErTune911 (small blind) showed [Kh Ks] and won 600 with Flush King high
Seat 3: sv3383 (big blind) showed [Jh Qh] and lost with Flush Queen high


Winamax Poker - Tournament "Expresso Nitro" buyIn: 0.93€ + 0.07€ level: 1 - HandId: #2717548154617593857-2-1676226547 - Holdem no limit (10/20) - 2023/02/12 18:29:07 UTC
Table: 'Expresso Nitro(632728486)#0' 3-max (real money) Seat #1 is the button
Seat 1: _SKR (300)
Seat 2: AmErTune911 (600)
*** ANTE/BLINDS ***
_SKR posts small blind 10
AmErTune911 posts big blind 20
Dealt to _SKR [7s Jd]
*** PRE-FLOP *** 
_SKR calls 10
AmErTune911 checks
*** FLOP *** [7c 6d As]
AmErTune911 checks
_SKR checks
*** TURN *** [7c 6d As][6h]
AmErTune911 checks
_SKR checks
*** RIVER *** [7c 6d As 6h][2h]
AmErTune911 checks
_SKR checks
*** SHOW DOWN ***
AmErTune911 shows [4s Js] (One pair : 6)
_SKR shows [7s Jd] (Two pairs : 7 and 6)
_SKR collected 40 from pot
*** SUMMARY ***
Total pot 40 | No rake
Board: [7c 6d As 6h 2h]
Seat 1: _SKR (small blind) (button) showed [7s Jd] and won 40 with Two pairs : 7 and 6
Seat 2: AmErTune911 (big blind) showed [4s Js] and lost with One pair : 6


Winamax Poker - Tournament "Expresso Nitro" buyIn: 0.93€ + 0.07€ level: 2 - HandId: #2717548154617593857-3-1676226594 - Holdem no limit (15/30) - 2023/02/12 18:29:54 UTC
Table: 'Expresso Nitro(632728486)#0' 3-max (real money) Seat #2 is the button
Seat 1: _SKR (320)
Seat 2: AmErTune911 (580)
*** ANTE/BLINDS ***
AmErTune911 posts small blind 15
_SKR posts big blind 30
Dealt to _SKR [8h 4c]
*** PRE-FLOP *** 
AmErTune911 calls 15
_SKR checks
*** FLOP *** [8d Jh 9h]
_SKR checks
AmErTune911 bets 45
_SKR calls 45
*** TURN *** [8d Jh 9h][Tc]
_SKR checks
AmErTune911 bets 505 and is all-in
_SKR folds
AmErTune911 collected 655 from pot
*** SUMMARY ***
Total pot 655 | No rake
Board: [8d Jh 9h Tc]
Seat 2: AmErTune911 (small blind) (button) won 655


Winamax Poker - Tournament "Expresso Nitro" buyIn: 0.93€ + 0.07€ level: 2 - HandId: #2717548154617593857-4-1676226635 - Holdem no limit (15/30) - 2023/02/12 18:30:35 UTC
Table: 'Expresso Nitro(632728486)#0' 3-max (real money) Seat #1 is the button
Seat 1: _SKR (245)
Seat 2: AmErTune911 (655)
*** ANTE/BLINDS ***
_SKR posts small blind 15
AmErTune911 posts big blind 30
Dealt to _SKR [3s 2d]
*** PRE-FLOP *** 
_SKR folds
AmErTune911 collected 45 from pot
*** SUMMARY ***
Total pot 45 | No rake
Seat 2: AmErTune911 (big blind) won 45


Winamax Poker - Tournament "Expresso Nitro" buyIn: 0.93€ + 0.07€ level: 2 - HandId: #2717548154617593857-5-1676226639 - Holdem no limit (15/30) - 2023/02/12 18:30:39 UTC
Table: 'Expresso Nitro(632728486)#0' 3-max (real money) Seat #2 is the button
Seat 1: _SKR (230)
Seat 2: AmErTune911 (670)
*** ANTE/BLINDS ***
AmErTune911 posts small blind 15
_SKR posts big blind 30
Dealt to _SKR [9h Td]
*** PRE-FLOP *** 
AmErTune911 raises 640 to 670 and is all-in
_SKR folds
AmErTune911 collected 700 from pot
*** SUMMARY ***
Total pot 700 | No rake
Seat 2: AmErTune911 (small blind) (button) won 700


Winamax Poker - Tournament "Expresso Nitro" buyIn: 0.93€ + 0.07€ level: 3 - HandId: #2717548154617593857-6-1676226646 - Holdem no limit (20/40) - 2023/02/12 18:30:46 UTC
Table: 'Expresso Nitro(632728486)#0' 3-max (real money) Seat #1 is the button
Seat 1: _SKR (200)
Seat 2: AmErTune911 (700)
*** ANTE/BLINDS ***
_SKR posts small blind 20
AmErTune911 posts big blind 40
Dealt to _SKR [8d 5s]
*** PRE-FLOP *** 
_SKR folds
AmErTune911 collected 60 from pot
*** SUMMARY ***
Total pot 60 | No rake
Seat 2: AmErTune911 (big blind) won 60


Winamax Poker - Tournament "Expresso Nitro" buyIn: 0.93€ + 0.07€ level: 3 - HandId: #2717548154617593857-7-1676226651 - Holdem no limit (20/40) - 2023/02/12 18:30:51 UTC
Table: 'Expresso Nitro(632728486)#0' 3-max (real money) Seat #2 is the button
Seat 1: _SKR (180)
Seat 2: AmErTune911 (720)
*** ANTE/BLINDS ***
AmErTune911 posts small blind 20
_SKR posts big blind 40
Dealt to _SKR [2h 3c]
*** PRE-FLOP *** 
AmErTune911 calls 20
_SKR checks
*** FLOP *** [Kc 6c 7h]
_SKR checks
AmErTune911 checks
*** TURN *** [Kc 6c 7h][Kh]
_SKR checks
AmErTune911 bets 40
_SKR folds
AmErTune911 collected 120 from pot
*** SUMMARY ***
Total pot 120 | No rake
Board: [Kc 6c 7h Kh]
Seat 2: AmErTune911 (small blind) (button) won 120


Winamax Poker - Tournament "Expresso Nitro" buyIn: 0.93€ + 0.07€ level: 3 - HandId: #2717548154617593857-8-1676226673 - Holdem no limit (20/40) - 2023/02/12 18:31:13 UTC
Table: 'Expresso Nitro(632728486)#0' 3-max (real money) Seat #1 is the button
Seat 1: _SKR (140)
Seat 2: AmErTune911 (760)
*** ANTE/BLINDS ***
_SKR posts small blind 20
AmErTune911 posts big blind 40
Dealt to _SKR [Js 7c]
*** PRE-FLOP *** 
_SKR raises 100 to 140 and is all-in
AmErTune911 calls 100
*** FLOP *** [Ks Jc 8c]
*** TURN *** [Ks Jc 8c][5s]
*** RIVER *** [Ks Jc 8c 5s][8d]
*** SHOW DOWN ***
_SKR shows [Js 7c] (Two pairs : Jacks and 8)
AmErTune911 shows [Qh Qc] (Two pairs : Queens and 8)
AmErTune911 collected 280 from pot
*** SUMMARY ***
Total pot 280 | No rake
Board: [Ks Jc 8c 5s 8d]
Seat 1: _SKR (small blind) (button) showed [Js 7c] and lost with Two pairs : Jacks and 8
Seat 2: AmErTune911 (big blind) showed [Qh Qc] and won 280 with Two pairs : Queens and 8


