Winamax Poker - Tournament "Expresso Nitro" buyIn: 0.93€ + 0.07€ level: 1 - HandId: #2676319938909569025-1-1673819917 - Holdem no limit (10/20) - 2023/01/15 21:58:37 UTC
Table: 'Expresso Nitro(623129294)#0' 3-max (real money) Seat #3 is the button
Seat 1: _SKR (300)
Seat 2: Lili0207 (300)
Seat 3: wmx-cyrftwz (300)
*** ANTE/BLINDS ***
_SKR posts small blind 10
Lili0207 posts big blind 20
Dealt to _SKR [4c 3s]
*** PRE-FLOP *** 
wmx-cyrftwz folds
_SKR folds
Lili0207 collected 30 from pot
*** SUMMARY ***
Total pot 30 | No rake
Seat 2: Lili0207 (big blind) won 30


Winamax Poker - Tournament "Expresso Nitro" buyIn: 0.93€ + 0.07€ level: 1 - HandId: #2676319938909569025-2-1673819925 - Holdem no limit (10/20) - 2023/01/15 21:58:45 UTC
Table: 'Expresso Nitro(623129294)#0' 3-max (real money) Seat #1 is the button
Seat 1: _SKR (290)
Seat 2: Lili0207 (310)
Seat 3: wmx-cyrftwz (300)
*** ANTE/BLINDS ***
Lili0207 posts small blind 10
wmx-cyrftwz posts big blind 20
Dealt to _SKR [Jd Td]
*** PRE-FLOP *** 
_SKR raises 20 to 40
Lili0207 calls 30
wmx-cyrftwz calls 20
*** FLOP *** [8d 6h 3s]
Lili0207 bets 120
wmx-cyrftwz folds
_SKR folds
Lili0207 collected 240 from pot
*** SUMMARY ***
Total pot 240 | No rake
Board: [8d 6h 3s]
Seat 2: Lili0207 (small blind) won 240


Winamax Poker - Tournament "Expresso Nitro" buyIn: 0.93€ + 0.07€ level: 1 - HandId: #2676319938909569025-3-1673819957 - Holdem no limit (10/20) - 2023/01/15 21:59:17 UTC
Table: 'Expresso Nitro(623129294)#0' 3-max (real money) Seat #2 is the button
Seat 1: _SKR (250)
Seat 2: Lili0207 (390)
Seat 3: wmx-cyrftwz (260)
*** ANTE/BLINDS ***
wmx-cyrftwz posts small blind 10
_SKR posts big blind 20
Dealt to _SKR [6h 5s]
*** PRE-FLOP *** 
Lili0207 calls 20
wmx-cyrftwz calls 10
_SKR checks
*** FLOP *** [7s Ts Kh]
wmx-cyrftwz checks
_SKR checks
Lili0207 checks
*** TURN *** [7s Ts Kh][Qs]
wmx-cyrftwz checks
_SKR checks
Lili0207 checks
*** RIVER *** [7s Ts Kh Qs][3d]
wmx-cyrftwz checks
_SKR checks
Lili0207 bets 60
wmx-cyrftwz folds
_SKR folds
Lili0207 collected 120 from pot
*** SUMMARY ***
Total pot 120 | No rake
Board: [7s Ts Kh Qs 3d]
Seat 2: Lili0207 (button) won 120


Winamax Poker - Tournament "Expresso Nitro" buyIn: 0.93€ + 0.07€ level: 2 - HandId: #2676319938909569025-4-1673820000 - Holdem no limit (15/30) - 2023/01/15 22:00:00 UTC
Table: 'Expresso Nitro(623129294)#0' 3-max (real money) Seat #3 is the button
Seat 1: _SKR (230)
Seat 2: Lili0207 (430)
Seat 3: wmx-cyrftwz (240)
*** ANTE/BLINDS ***
_SKR posts small blind 15
Lili0207 posts big blind 30
Dealt to _SKR [2c Ks]
*** PRE-FLOP *** 
wmx-cyrftwz folds
_SKR raises 200 to 230 and is all-in
Lili0207 folds
_SKR collected 260 from pot
*** SUMMARY ***
Total pot 260 | No rake
Seat 1: _SKR (small blind) won 260


Winamax Poker - Tournament "Expresso Nitro" buyIn: 0.93€ + 0.07€ level: 2 - HandId: #2676319938909569025-5-1673820008 - Holdem no limit (15/30) - 2023/01/15 22:00:08 UTC
Table: 'Expresso Nitro(623129294)#0' 3-max (real money) Seat #1 is the button
Seat 1: _SKR (260)
Seat 2: Lili0207 (400)
Seat 3: wmx-cyrftwz (240)
*** ANTE/BLINDS ***
Lili0207 posts small blind 15
wmx-cyrftwz posts big blind 30
Dealt to _SKR [9h Ad]
*** PRE-FLOP *** 
_SKR raises 230 to 260 and is all-in
Lili0207 folds
wmx-cyrftwz folds
_SKR collected 305 from pot
*** SUMMARY ***
Total pot 305 | No rake
Seat 1: _SKR (button) won 305


Winamax Poker - Tournament "Expresso Nitro" buyIn: 0.93€ + 0.07€ level: 2 - HandId: #2676319938909569025-6-1673820014 - Holdem no limit (15/30) - 2023/01/15 22:00:14 UTC
Table: 'Expresso Nitro(623129294)#0' 3-max (real money) Seat #2 is the button
Seat 1: _SKR (305)
Seat 2: Lili0207 (385)
Seat 3: wmx-cyrftwz (210)
*** ANTE/BLINDS ***
wmx-cyrftwz posts small blind 15
_SKR posts big blind 30
Dealt to _SKR [5h 9s]
*** PRE-FLOP *** 
Lili0207 folds
wmx-cyrftwz folds
_SKR collected 45 from pot
*** SUMMARY ***
Total pot 45 | No rake
Seat 1: _SKR (big blind) won 45


Winamax Poker - Tournament "Expresso Nitro" buyIn: 0.93€ + 0.07€ level: 2 - HandId: #2676319938909569025-7-1673820019 - Holdem no limit (15/30) - 2023/01/15 22:00:19 UTC
Table: 'Expresso Nitro(623129294)#0' 3-max (real money) Seat #3 is the button
Seat 1: _SKR (320)
Seat 2: Lili0207 (385)
Seat 3: wmx-cyrftwz (195)
*** ANTE/BLINDS ***
_SKR posts small blind 15
Lili0207 posts big blind 30
Dealt to _SKR [Ac 9s]
*** PRE-FLOP *** 
wmx-cyrftwz folds
_SKR raises 290 to 320 and is all-in
Lili0207 calls 290
*** FLOP *** [Qc 9c 3h]
*** TURN *** [Qc 9c 3h][5s]
*** RIVER *** [Qc 9c 3h 5s][Qd]
*** SHOW DOWN ***
_SKR shows [Ac 9s] (Two pairs : Queens and 9)
Lili0207 shows [Jd Qh] (Trips of Queens)
Lili0207 collected 640 from pot
*** SUMMARY ***
Total pot 640 | No rake
Board: [Qc 9c 3h 5s Qd]
Seat 1: _SKR (small blind) showed [Ac 9s] and lost with Two pairs : Queens and 9
Seat 2: Lili0207 (big blind) showed [Jd Qh] and won 640 with Trips of Queens


