Winamax Poker - Tournament "Expresso Nitro" buyIn: 1.86€ + 0.14€ level: 1 - HandId: #2696666474596007937-1-1675092672 - Holdem no limit (10/20) - 2023/01/30 15:31:12 UTC
Table: 'Expresso Nitro(627866591)#0' 3-max (real money) Seat #3 is the button
Seat 1: _SKR (300)
Seat 2: FeedElle (300)
Seat 3: chuPakCaBraS (300)
*** ANTE/BLINDS ***
_SKR posts small blind 10
FeedElle posts big blind 20
Dealt to _SKR [6c 8h]
*** PRE-FLOP *** 
chuPakCaBraS folds
_SKR folds
FeedElle collected 30 from pot
*** SUMMARY ***
Total pot 30 | No rake
Seat 2: FeedElle (big blind) won 30


Winamax Poker - Tournament "Expresso Nitro" buyIn: 1.86€ + 0.14€ level: 1 - HandId: #2696666474596007937-2-1675092677 - Holdem no limit (10/20) - 2023/01/30 15:31:17 UTC
Table: 'Expresso Nitro(627866591)#0' 3-max (real money) Seat #1 is the button
Seat 1: _SKR (290)
Seat 2: FeedElle (310)
Seat 3: chuPakCaBraS (300)
*** ANTE/BLINDS ***
FeedElle posts small blind 10
chuPakCaBraS posts big blind 20
Dealt to _SKR [9s 6d]
*** PRE-FLOP *** 
_SKR folds
FeedElle folds
chuPakCaBraS collected 30 from pot
*** SUMMARY ***
Total pot 30 | No rake
Seat 3: chuPakCaBraS (big blind) won 30


Winamax Poker - Tournament "Expresso Nitro" buyIn: 1.86€ + 0.14€ level: 1 - HandId: #2696666474596007937-3-1675092682 - Holdem no limit (10/20) - 2023/01/30 15:31:22 UTC
Table: 'Expresso Nitro(627866591)#0' 3-max (real money) Seat #2 is the button
Seat 1: _SKR (290)
Seat 2: FeedElle (300)
Seat 3: chuPakCaBraS (310)
*** ANTE/BLINDS ***
chuPakCaBraS posts small blind 10
_SKR posts big blind 20
Dealt to _SKR [2s 4c]
*** PRE-FLOP *** 
FeedElle raises 280 to 300 and is all-in
chuPakCaBraS folds
_SKR folds
FeedElle collected 330 from pot
*** SUMMARY ***
Total pot 330 | No rake
Seat 2: FeedElle (button) won 330


Winamax Poker - Tournament "Expresso Nitro" buyIn: 1.86€ + 0.14€ level: 1 - HandId: #2696666474596007937-4-1675092689 - Holdem no limit (10/20) - 2023/01/30 15:31:29 UTC
Table: 'Expresso Nitro(627866591)#0' 3-max (real money) Seat #3 is the button
Seat 1: _SKR (270)
Seat 2: FeedElle (330)
Seat 3: chuPakCaBraS (300)
*** ANTE/BLINDS ***
_SKR posts small blind 10
FeedElle posts big blind 20
Dealt to _SKR [6s 3h]
*** PRE-FLOP *** 
chuPakCaBraS raises 20 to 40
_SKR folds
FeedElle calls 20
*** FLOP *** [Ad 8d Jh]
FeedElle checks
chuPakCaBraS bets 59
FeedElle folds
chuPakCaBraS collected 149 from pot
*** SUMMARY ***
Total pot 149 | No rake
Board: [Ad 8d Jh]
Seat 3: chuPakCaBraS (button) won 149


Winamax Poker - Tournament "Expresso Nitro" buyIn: 1.86€ + 0.14€ level: 1 - HandId: #2696666474596007937-5-1675092705 - Holdem no limit (10/20) - 2023/01/30 15:31:45 UTC
Table: 'Expresso Nitro(627866591)#0' 3-max (real money) Seat #1 is the button
Seat 1: _SKR (260)
Seat 2: FeedElle (290)
Seat 3: chuPakCaBraS (350)
*** ANTE/BLINDS ***
FeedElle posts small blind 10
chuPakCaBraS posts big blind 20
Dealt to _SKR [4d 3d]
*** PRE-FLOP *** 
_SKR folds
FeedElle raises 20 to 40
chuPakCaBraS calls 20
*** FLOP *** [2h Qs Tc]
FeedElle bets 40
chuPakCaBraS folds
FeedElle collected 120 from pot
*** SUMMARY ***
Total pot 120 | No rake
Board: [2h Qs Tc]
Seat 2: FeedElle (small blind) won 120


Winamax Poker - Tournament "Expresso Nitro" buyIn: 1.86€ + 0.14€ level: 1 - HandId: #2696666474596007937-6-1675092722 - Holdem no limit (10/20) - 2023/01/30 15:32:02 UTC
Table: 'Expresso Nitro(627866591)#0' 3-max (real money) Seat #2 is the button
Seat 1: _SKR (260)
Seat 2: FeedElle (330)
Seat 3: chuPakCaBraS (310)
*** ANTE/BLINDS ***
chuPakCaBraS posts small blind 10
_SKR posts big blind 20
Dealt to _SKR [4d Qs]
*** PRE-FLOP *** 
FeedElle folds
chuPakCaBraS folds
_SKR collected 30 from pot
*** SUMMARY ***
Total pot 30 | No rake
Seat 1: _SKR (big blind) won 30


Winamax Poker - Tournament "Expresso Nitro" buyIn: 1.86€ + 0.14€ level: 2 - HandId: #2696666474596007937-7-1675092728 - Holdem no limit (15/30) - 2023/01/30 15:32:08 UTC
Table: 'Expresso Nitro(627866591)#0' 3-max (real money) Seat #3 is the button
Seat 1: _SKR (270)
Seat 2: FeedElle (330)
Seat 3: chuPakCaBraS (300)
*** ANTE/BLINDS ***
_SKR posts small blind 15
FeedElle posts big blind 30
Dealt to _SKR [3d 2s]
*** PRE-FLOP *** 
chuPakCaBraS folds
_SKR folds
FeedElle collected 45 from pot
*** SUMMARY ***
Total pot 45 | No rake
Seat 2: FeedElle (big blind) won 45


Winamax Poker - Tournament "Expresso Nitro" buyIn: 1.86€ + 0.14€ level: 2 - HandId: #2696666474596007937-8-1675092739 - Holdem no limit (15/30) - 2023/01/30 15:32:19 UTC
Table: 'Expresso Nitro(627866591)#0' 3-max (real money) Seat #1 is the button
Seat 1: _SKR (255)
Seat 2: FeedElle (345)
Seat 3: chuPakCaBraS (300)
*** ANTE/BLINDS ***
FeedElle posts small blind 15
chuPakCaBraS posts big blind 30
Dealt to _SKR [Ts Td]
*** PRE-FLOP *** 
_SKR raises 225 to 255 and is all-in
FeedElle raises 90 to 345 and is all-in
chuPakCaBraS folds
*** FLOP *** [As 8c 7c]
*** TURN *** [As 8c 7c][Js]
*** RIVER *** [As 8c 7c Js][5d]
*** SHOW DOWN ***
_SKR shows [Ts Td] (One pair : Tens)
FeedElle shows [Qs Qh] (One pair : Queens)
FeedElle collected 630 from pot
*** SUMMARY ***
Total pot 630 | No rake
Board: [As 8c 7c Js 5d]
Seat 1: _SKR (button) showed [Ts Td] and lost with One pair : Tens
Seat 2: FeedElle (small blind) showed [Qs Qh] and won 630 with One pair : Queens


