Winamax Poker - Tournament "Expresso Nitro" buyIn: 0.93€ + 0.07€ level: 1 - HandId: #2661426190622916609-1-1673012663 - Holdem no limit (10/20) - 2023/01/06 13:44:23 UTC
Table: 'Expresso Nitro(619661573)#0' 3-max (real money) Seat #3 is the button
Seat 1: Nawrax69 (300)
Seat 2: _SKR (300)
Seat 3: fredtimote (300)
*** ANTE/BLINDS ***
Nawrax69 posts small blind 10
_SKR posts big blind 20
Dealt to _SKR [7s As]
*** PRE-FLOP *** 
fredtimote folds
Nawrax69 folds
_SKR collected 30 from pot
*** SUMMARY ***
Total pot 30 | No rake
Seat 2: _SKR (big blind) won 30


Winamax Poker - Tournament "Expresso Nitro" buyIn: 0.93€ + 0.07€ level: 1 - HandId: #2661426190622916609-2-1673012669 - Holdem no limit (10/20) - 2023/01/06 13:44:29 UTC
Table: 'Expresso Nitro(619661573)#0' 3-max (real money) Seat #1 is the button
Seat 1: Nawrax69 (290)
Seat 2: _SKR (310)
Seat 3: fredtimote (300)
*** ANTE/BLINDS ***
_SKR posts small blind 10
fredtimote posts big blind 20
Dealt to _SKR [3c Kd]
*** PRE-FLOP *** 
Nawrax69 folds
_SKR calls 10
fredtimote checks
*** FLOP *** [3s 8d 6c]
_SKR checks
fredtimote bets 20
_SKR calls 20
*** TURN *** [3s 8d 6c][8s]
_SKR checks
fredtimote checks
*** RIVER *** [3s 8d 6c 8s][Qs]
_SKR checks
fredtimote bets 52
_SKR calls 52
*** SHOW DOWN ***
_SKR shows [3c Kd] (Two pairs : 8 and 3)
fredtimote shows [Qh 9c] (Two pairs : Queens and 8)
fredtimote collected 184 from pot
*** SUMMARY ***
Total pot 184 | No rake
Board: [3s 8d 6c 8s Qs]
Seat 2: _SKR (small blind) showed [3c Kd] and lost with Two pairs : 8 and 3
Seat 3: fredtimote (big blind) showed [Qh 9c] and won 184 with Two pairs : Queens and 8


Winamax Poker - Tournament "Expresso Nitro" buyIn: 0.93€ + 0.07€ level: 1 - HandId: #2661426190622916609-3-1673012713 - Holdem no limit (10/20) - 2023/01/06 13:45:13 UTC
Table: 'Expresso Nitro(619661573)#0' 3-max (real money) Seat #2 is the button
Seat 1: Nawrax69 (290)
Seat 2: _SKR (218)
Seat 3: fredtimote (392)
*** ANTE/BLINDS ***
fredtimote posts small blind 10
Nawrax69 posts big blind 20
Dealt to _SKR [Kh 4s]
*** PRE-FLOP *** 
_SKR folds
fredtimote calls 10
Nawrax69 checks
*** FLOP *** [Td 3c 2c]
fredtimote bets 20
Nawrax69 calls 20
*** TURN *** [Td 3c 2c][3s]
fredtimote checks
Nawrax69 bets 250 and is all-in
fredtimote folds
Nawrax69 collected 330 from pot
*** SUMMARY ***
Total pot 330 | No rake
Board: [Td 3c 2c 3s]
Seat 1: Nawrax69 (big blind) won 330


Winamax Poker - Tournament "Expresso Nitro" buyIn: 0.93€ + 0.07€ level: 2 - HandId: #2661426190622916609-4-1673012728 - Holdem no limit (15/30) - 2023/01/06 13:45:28 UTC
Table: 'Expresso Nitro(619661573)#0' 3-max (real money) Seat #3 is the button
Seat 1: Nawrax69 (330)
Seat 2: _SKR (218)
Seat 3: fredtimote (352)
*** ANTE/BLINDS ***
Nawrax69 posts small blind 15
_SKR posts big blind 30
Dealt to _SKR [As 3d]
*** PRE-FLOP *** 
fredtimote calls 30
Nawrax69 raises 90 to 120
_SKR folds
fredtimote calls 90
*** FLOP *** [7h Js 5s]
Nawrax69 bets 176
fredtimote folds
Nawrax69 collected 446 from pot
*** SUMMARY ***
Total pot 446 | No rake
Board: [7h Js 5s]
Seat 1: Nawrax69 (small blind) won 446


Winamax Poker - Tournament "Expresso Nitro" buyIn: 0.93€ + 0.07€ level: 2 - HandId: #2661426190622916609-5-1673012745 - Holdem no limit (15/30) - 2023/01/06 13:45:45 UTC
Table: 'Expresso Nitro(619661573)#0' 3-max (real money) Seat #1 is the button
Seat 1: Nawrax69 (480)
Seat 2: _SKR (188)
Seat 3: fredtimote (232)
*** ANTE/BLINDS ***
_SKR posts small blind 15
fredtimote posts big blind 30
Dealt to _SKR [6c 9c]
*** PRE-FLOP *** 
Nawrax69 folds
_SKR raises 158 to 188 and is all-in
fredtimote folds
_SKR collected 218 from pot
*** SUMMARY ***
Total pot 218 | No rake
Seat 2: _SKR (small blind) won 218


Winamax Poker - Tournament "Expresso Nitro" buyIn: 0.93€ + 0.07€ level: 2 - HandId: #2661426190622916609-6-1673012755 - Holdem no limit (15/30) - 2023/01/06 13:45:55 UTC
Table: 'Expresso Nitro(619661573)#0' 3-max (real money) Seat #2 is the button
Seat 1: Nawrax69 (480)
Seat 2: _SKR (218)
Seat 3: fredtimote (202)
*** ANTE/BLINDS ***
fredtimote posts small blind 15
Nawrax69 posts big blind 30
Dealt to _SKR [4d 6c]
*** PRE-FLOP *** 
_SKR folds
fredtimote calls 15
Nawrax69 checks
*** FLOP *** [Qh Ks Qd]
fredtimote checks
Nawrax69 checks
*** TURN *** [Qh Ks Qd][4c]
fredtimote checks
Nawrax69 checks
*** RIVER *** [Qh Ks Qd 4c][6s]
fredtimote checks
Nawrax69 checks
*** SHOW DOWN ***
Nawrax69 shows [2h 5c] (One pair : Queens)
fredtimote shows [9c 8d] (One pair : Queens)
fredtimote collected 60 from pot
*** SUMMARY ***
Total pot 60 | No rake
Board: [Qh Ks Qd 4c 6s]
Seat 1: Nawrax69 (big blind) showed [2h 5c] and lost with One pair : Queens
Seat 3: fredtimote (small blind) showed [9c 8d] and won 60 with One pair : Queens


Winamax Poker - Tournament "Expresso Nitro" buyIn: 0.93€ + 0.07€ level: 3 - HandId: #2661426190622916609-7-1673012778 - Holdem no limit (20/40) - 2023/01/06 13:46:18 UTC
Table: 'Expresso Nitro(619661573)#0' 3-max (real money) Seat #3 is the button
Seat 1: Nawrax69 (450)
Seat 2: _SKR (218)
Seat 3: fredtimote (232)
*** ANTE/BLINDS ***
Nawrax69 posts small blind 20
_SKR posts big blind 40
Dealt to _SKR [6s 4h]
*** PRE-FLOP *** 
fredtimote folds
Nawrax69 calls 20
_SKR checks
*** FLOP *** [2c 2d Ac]
Nawrax69 bets 80
_SKR folds
Nawrax69 collected 160 from pot
*** SUMMARY ***
Total pot 160 | No rake
Board: [2c 2d Ac]
Seat 1: Nawrax69 (small blind) won 160


Winamax Poker - Tournament "Expresso Nitro" buyIn: 0.93€ + 0.07€ level: 3 - HandId: #2661426190622916609-8-1673012794 - Holdem no limit (20/40) - 2023/01/06 13:46:34 UTC
Table: 'Expresso Nitro(619661573)#0' 3-max (real money) Seat #1 is the button
Seat 1: Nawrax69 (490)
Seat 2: _SKR (178)
Seat 3: fredtimote (232)
*** ANTE/BLINDS ***
_SKR posts small blind 20
fredtimote posts big blind 40
Dealt to _SKR [8h Qd]
*** PRE-FLOP *** 
Nawrax69 folds
_SKR raises 138 to 178 and is all-in
fredtimote calls 138
*** FLOP *** [9s Qc Ks]
*** TURN *** [9s Qc Ks][6d]
*** RIVER *** [9s Qc Ks 6d][2c]
*** SHOW DOWN ***
fredtimote shows [Qs 5s] (One pair : Queens)
_SKR shows [8h Qd] (One pair : Queens)
_SKR collected 356 from pot
*** SUMMARY ***
Total pot 356 | No rake
Board: [9s Qc Ks 6d 2c]
Seat 2: _SKR (small blind) showed [8h Qd] and won 356 with One pair : Queens
Seat 3: fredtimote (big blind) showed [Qs 5s] and lost with One pair : Queens


Winamax Poker - Tournament "Expresso Nitro" buyIn: 0.93€ + 0.07€ level: 3 - HandId: #2661426190622916609-9-1673012809 - Holdem no limit (20/40) - 2023/01/06 13:46:49 UTC
Table: 'Expresso Nitro(619661573)#0' 3-max (real money) Seat #2 is the button
Seat 1: Nawrax69 (490)
Seat 2: _SKR (356)
Seat 3: fredtimote (54)
*** ANTE/BLINDS ***
fredtimote posts small blind 20
Nawrax69 posts big blind 40
Dealt to _SKR [Qh Jh]
*** PRE-FLOP *** 
_SKR raises 316 to 356 and is all-in
fredtimote calls 34 and is all-in
Nawrax69 folds
*** FLOP *** [Kh Kd 3d]
*** TURN *** [Kh Kd 3d][2d]
*** RIVER *** [Kh Kd 3d 2d][7s]
*** SHOW DOWN ***
_SKR shows [Qh Jh] (One pair : Kings)
fredtimote shows [Ah 4s] (One pair : Kings)
fredtimote collected 148 from main pot
_SKR collected 302 from side pot 1
*** SUMMARY ***
Total pot 450 | No rake
Board: [Kh Kd 3d 2d 7s]
Seat 2: _SKR (button) showed [Qh Jh] and won 302 with One pair : Kings
Seat 3: fredtimote (small blind) showed [Ah 4s] and won 148 with One pair : Kings


Winamax Poker - Tournament "Expresso Nitro" buyIn: 0.93€ + 0.07€ level: 3 - HandId: #2661426190622916609-10-1673012823 - Holdem no limit (20/40) - 2023/01/06 13:47:03 UTC
Table: 'Expresso Nitro(619661573)#0' 3-max (real money) Seat #3 is the button
Seat 1: Nawrax69 (450)
Seat 2: _SKR (302)
Seat 3: fredtimote (148)
*** ANTE/BLINDS ***
Nawrax69 posts small blind 20
_SKR posts big blind 40
Dealt to _SKR [Ts 9d]
*** PRE-FLOP *** 
fredtimote calls 40
Nawrax69 folds
_SKR checks
*** FLOP *** [Qh Jd Qd]
_SKR checks
fredtimote checks
*** TURN *** [Qh Jd Qd][5c]
_SKR bets 65
fredtimote folds
_SKR collected 165 from pot
*** SUMMARY ***
Total pot 165 | No rake
Board: [Qh Jd Qd 5c]
Seat 2: _SKR (big blind) won 165


Winamax Poker - Tournament "Expresso Nitro" buyIn: 0.93€ + 0.07€ level: 4 - HandId: #2661426190622916609-11-1673012853 - Holdem no limit (30/60) - 2023/01/06 13:47:33 UTC
Table: 'Expresso Nitro(619661573)#0' 3-max (real money) Seat #1 is the button
Seat 1: Nawrax69 (430)
Seat 2: _SKR (362)
Seat 3: fredtimote (108)
*** ANTE/BLINDS ***
_SKR posts small blind 30
fredtimote posts big blind 60
Dealt to _SKR [7d Th]
*** PRE-FLOP *** 
Nawrax69 calls 60
_SKR folds
fredtimote checks
*** FLOP *** [Td 6s 5c]
fredtimote checks
Nawrax69 checks
*** TURN *** [Td 6s 5c][2h]
fredtimote bets 48 and is all-in
Nawrax69 calls 48
*** RIVER *** [Td 6s 5c 2h][4s]
*** SHOW DOWN ***
Nawrax69 shows [Js 8h] (High card : Jack)
fredtimote shows [7s Qh] (High card : Queen)
fredtimote collected 246 from pot
*** SUMMARY ***
Total pot 246 | No rake
Board: [Td 6s 5c 2h 4s]
Seat 1: Nawrax69 (button) showed [Js 8h] and lost with High card : Jack
Seat 3: fredtimote (big blind) showed [7s Qh] and won 246 with High card : Queen


Winamax Poker - Tournament "Expresso Nitro" buyIn: 0.93€ + 0.07€ level: 4 - HandId: #2661426190622916609-12-1673012884 - Holdem no limit (30/60) - 2023/01/06 13:48:04 UTC
Table: 'Expresso Nitro(619661573)#0' 3-max (real money) Seat #2 is the button
Seat 1: Nawrax69 (322)
Seat 2: _SKR (332)
Seat 3: fredtimote (246)
*** ANTE/BLINDS ***
fredtimote posts small blind 30
Nawrax69 posts big blind 60
Dealt to _SKR [8h Ks]
*** PRE-FLOP *** 
_SKR raises 272 to 332 and is all-in
fredtimote folds
Nawrax69 folds
_SKR collected 422 from pot
*** SUMMARY ***
Total pot 422 | No rake
Seat 2: _SKR (button) won 422


Winamax Poker - Tournament "Expresso Nitro" buyIn: 0.93€ + 0.07€ level: 4 - HandId: #2661426190622916609-13-1673012893 - Holdem no limit (30/60) - 2023/01/06 13:48:13 UTC
Table: 'Expresso Nitro(619661573)#0' 3-max (real money) Seat #3 is the button
Seat 1: Nawrax69 (262)
Seat 2: _SKR (422)
Seat 3: fredtimote (216)
*** ANTE/BLINDS ***
Nawrax69 posts small blind 30
_SKR posts big blind 60
Dealt to _SKR [4c Kd]
*** PRE-FLOP *** 
fredtimote folds
Nawrax69 raises 202 to 262 and is all-in
_SKR calls 202
*** FLOP *** [Qs Qh Js]
*** TURN *** [Qs Qh Js][2c]
*** RIVER *** [Qs Qh Js 2c][2d]
*** SHOW DOWN ***
_SKR shows [4c Kd] (Two pairs : Queens and 2)
Nawrax69 shows [Ad 6c] (Two pairs : Queens and 2)
Nawrax69 collected 524 from pot
*** SUMMARY ***
Total pot 524 | No rake
Board: [Qs Qh Js 2c 2d]
Seat 1: Nawrax69 (small blind) showed [Ad 6c] and won 524 with Two pairs : Queens and 2
Seat 2: _SKR (big blind) showed [4c Kd] and lost with Two pairs : Queens and 2


Winamax Poker - Tournament "Expresso Nitro" buyIn: 0.93€ + 0.07€ level: 5 - HandId: #2661426190622916609-14-1673012915 - Holdem no limit (40/80) - 2023/01/06 13:48:35 UTC
Table: 'Expresso Nitro(619661573)#0' 3-max (real money) Seat #1 is the button
Seat 1: Nawrax69 (524)
Seat 2: _SKR (160)
Seat 3: fredtimote (216)
*** ANTE/BLINDS ***
_SKR posts small blind 40
fredtimote posts big blind 80
Dealt to _SKR [4s Ad]
*** PRE-FLOP *** 
Nawrax69 folds
_SKR raises 80 to 160 and is all-in
fredtimote calls 80
*** FLOP *** [5d Ac 2s]
*** TURN *** [5d Ac 2s][8s]
*** RIVER *** [5d Ac 2s 8s][8d]
*** SHOW DOWN ***
fredtimote shows [4c 6d] (One pair : 8)
_SKR shows [4s Ad] (Two pairs : Aces and 8)
_SKR collected 320 from pot
*** SUMMARY ***
Total pot 320 | No rake
Board: [5d Ac 2s 8s 8d]
Seat 2: _SKR (small blind) showed [4s Ad] and won 320 with Two pairs : Aces and 8
Seat 3: fredtimote (big blind) showed [4c 6d] and lost with One pair : 8


Winamax Poker - Tournament "Expresso Nitro" buyIn: 0.93€ + 0.07€ level: 5 - HandId: #2661426190622916609-15-1673012933 - Holdem no limit (40/80) - 2023/01/06 13:48:53 UTC
Table: 'Expresso Nitro(619661573)#0' 3-max (real money) Seat #2 is the button
Seat 1: Nawrax69 (524)
Seat 2: _SKR (320)
Seat 3: fredtimote (56)
*** ANTE/BLINDS ***
fredtimote posts small blind 40
Nawrax69 posts big blind 80
Dealt to _SKR [Tc 8s]
*** PRE-FLOP *** 
_SKR folds
fredtimote calls 16 and is all-in
*** FLOP *** [Ac Jc 9d]
*** TURN *** [Ac Jc 9d][5d]
*** RIVER *** [Ac Jc 9d 5d][2c]
*** SHOW DOWN ***
fredtimote shows [Kc 5h] (One pair : 5)
Nawrax69 shows [Js 5s] (Two pairs : Jacks and 5)
Nawrax69 collected 136 from pot
*** SUMMARY ***
Total pot 136 | No rake
Board: [Ac Jc 9d 5d 2c]
Seat 1: Nawrax69 (big blind) showed [Js 5s] and won 136 with Two pairs : Jacks and 5
Seat 3: fredtimote (small blind) showed [Kc 5h] and lost with One pair : 5


Winamax Poker - Tournament "Expresso Nitro" buyIn: 0.93€ + 0.07€ level: 5 - HandId: #2661426190622916609-16-1673012947 - Holdem no limit (40/80) - 2023/01/06 13:49:07 UTC
Table: 'Expresso Nitro(619661573)#0' 3-max (real money) Seat #1 is the button
Seat 1: Nawrax69 (580)
Seat 2: _SKR (320)
*** ANTE/BLINDS ***
Nawrax69 posts small blind 40
_SKR posts big blind 80
Dealt to _SKR [Td Ad]
*** PRE-FLOP *** 
Nawrax69 calls 40
_SKR raises 240 to 320 and is all-in
Nawrax69 calls 240
*** FLOP *** [Ac 7c 4s]
*** TURN *** [Ac 7c 4s][9d]
*** RIVER *** [Ac 7c 4s 9d][Qs]
*** SHOW DOWN ***
Nawrax69 shows [2h 7d] (One pair : 7)
_SKR shows [Td Ad] (One pair : Aces)
_SKR collected 640 from pot
*** SUMMARY ***
Total pot 640 | No rake
Board: [Ac 7c 4s 9d Qs]
Seat 1: Nawrax69 (small blind) (button) showed [2h 7d] and lost with One pair : 7
Seat 2: _SKR (big blind) showed [Td Ad] and won 640 with One pair : Aces


Winamax Poker - Tournament "Expresso Nitro" buyIn: 0.93€ + 0.07€ level: 6 - HandId: #2661426190622916609-17-1673012962 - Holdem no limit (50/100) - 2023/01/06 13:49:22 UTC
Table: 'Expresso Nitro(619661573)#0' 3-max (real money) Seat #2 is the button
Seat 1: Nawrax69 (260)
Seat 2: _SKR (640)
*** ANTE/BLINDS ***
_SKR posts small blind 50
Nawrax69 posts big blind 100
Dealt to _SKR [5c Ks]
*** PRE-FLOP *** 
_SKR raises 540 to 640 and is all-in
Nawrax69 calls 160 and is all-in
*** FLOP *** [2d 4h As]
*** TURN *** [2d 4h As][Qh]
*** RIVER *** [2d 4h As Qh][3d]
*** SHOW DOWN ***
Nawrax69 shows [8d 5d] (Straight 5 high)
_SKR shows [5c Ks] (Straight 5 high)
_SKR collected 640 from side pot 1
Nawrax69 collected 260 from main pot
*** SUMMARY ***
Total pot 900 | No rake
Board: [2d 4h As Qh 3d]
Seat 1: Nawrax69 (big blind) showed [8d 5d] and won 260 with Straight 5 high
Seat 2: _SKR (small blind) (button) showed [5c Ks] and won 640 with Straight 5 high


Winamax Poker - Tournament "Expresso Nitro" buyIn: 0.93€ + 0.07€ level: 6 - HandId: #2661426190622916609-18-1673012973 - Holdem no limit (50/100) - 2023/01/06 13:49:33 UTC
Table: 'Expresso Nitro(619661573)#0' 3-max (real money) Seat #1 is the button
Seat 1: Nawrax69 (260)
Seat 2: _SKR (640)
*** ANTE/BLINDS ***
Nawrax69 posts small blind 50
_SKR posts big blind 100
Dealt to _SKR [Qd Ks]
*** PRE-FLOP *** 
Nawrax69 folds
_SKR collected 150 from pot
*** SUMMARY ***
Total pot 150 | No rake
Seat 2: _SKR (big blind) won 150


Winamax Poker - Tournament "Expresso Nitro" buyIn: 0.93€ + 0.07€ level: 6 - HandId: #2661426190622916609-19-1673012977 - Holdem no limit (50/100) - 2023/01/06 13:49:37 UTC
Table: 'Expresso Nitro(619661573)#0' 3-max (real money) Seat #2 is the button
Seat 1: Nawrax69 (210)
Seat 2: _SKR (690)
*** ANTE/BLINDS ***
_SKR posts small blind 50
Nawrax69 posts big blind 100
Dealt to _SKR [Ad 3h]
*** PRE-FLOP *** 
_SKR raises 590 to 690 and is all-in
Nawrax69 calls 110 and is all-in
*** FLOP *** [4c Qc Jh]
*** TURN *** [4c Qc Jh][Js]
*** RIVER *** [4c Qc Jh Js][2c]
*** SHOW DOWN ***
Nawrax69 shows [Jc 5s] (Trips of Jacks)
_SKR shows [Ad 3h] (One pair : Jacks)
_SKR collected 480 from side pot 1
Nawrax69 collected 420 from main pot
*** SUMMARY ***
Total pot 900 | No rake
Board: [4c Qc Jh Js 2c]
Seat 1: Nawrax69 (big blind) showed [Jc 5s] and won 420 with Trips of Jacks
Seat 2: _SKR (small blind) (button) showed [Ad 3h] and won 480 with One pair : Jacks


Winamax Poker - Tournament "Expresso Nitro" buyIn: 0.93€ + 0.07€ level: 6 - HandId: #2661426190622916609-20-1673012988 - Holdem no limit (50/100) - 2023/01/06 13:49:48 UTC
Table: 'Expresso Nitro(619661573)#0' 3-max (real money) Seat #1 is the button
Seat 1: Nawrax69 (420)
Seat 2: _SKR (480)
*** ANTE/BLINDS ***
Nawrax69 posts small blind 50
_SKR posts big blind 100
Dealt to _SKR [Jd Ad]
*** PRE-FLOP *** 
Nawrax69 raises 320 to 420 and is all-in
_SKR raises 60 to 480 and is all-in
*** FLOP *** [6h 6d 9d]
*** TURN *** [6h 6d 9d][7c]
*** RIVER *** [6h 6d 9d 7c][3c]
*** SHOW DOWN ***
Nawrax69 shows [Td Th] (Two pairs : Tens and 6)
_SKR shows [Jd Ad] (One pair : 6)
_SKR collected 60 from side pot 1
Nawrax69 collected 840 from main pot
*** SUMMARY ***
Total pot 900 | No rake
Board: [6h 6d 9d 7c 3c]
Seat 1: Nawrax69 (small blind) (button) showed [Td Th] and won 840 with Two pairs : Tens and 6
Seat 2: _SKR (big blind) showed [Jd Ad] and won 60 with One pair : 6


Winamax Poker - Tournament "Expresso Nitro" buyIn: 0.93€ + 0.07€ level: 6 - HandId: #2661426190622916609-21-1673012998 - Holdem no limit (50/100) - 2023/01/06 13:49:58 UTC
Table: 'Expresso Nitro(619661573)#0' 3-max (real money) Seat #2 is the button
Seat 1: Nawrax69 (840)
Seat 2: _SKR (60)
*** ANTE/BLINDS ***
_SKR posts small blind 50
Nawrax69 posts big blind 100
Dealt to _SKR [3h 9c]
*** PRE-FLOP *** 
_SKR calls 10 and is all-in
*** FLOP *** [2c Td 7d]
*** TURN *** [2c Td 7d][Js]
*** RIVER *** [2c Td 7d Js][8h]
*** SHOW DOWN ***
Nawrax69 shows [6s Kh] (High card : King)
_SKR shows [3h 9c] (Straight Jack high)
_SKR collected 120 from main pot
Nawrax69 collected 40 from side pot 1
*** SUMMARY ***
Total pot 160 | No rake
Board: [2c Td 7d Js 8h]
Seat 1: Nawrax69 (big blind) showed [6s Kh] and won 40 with High card : King
Seat 2: _SKR (small blind) (button) showed [3h 9c] and won 120 with Straight Jack high


Winamax Poker - Tournament "Expresso Nitro" buyIn: 0.93€ + 0.07€ level: 6 - HandId: #2661426190622916609-22-1673013008 - Holdem no limit (50/100) - 2023/01/06 13:50:08 UTC
Table: 'Expresso Nitro(619661573)#0' 3-max (real money) Seat #1 is the button
Seat 1: Nawrax69 (780)
Seat 2: _SKR (120)
*** ANTE/BLINDS ***
Nawrax69 posts small blind 50
_SKR posts big blind 100
Dealt to _SKR [6s Ad]
*** PRE-FLOP *** 
Nawrax69 folds
_SKR collected 150 from pot
*** SUMMARY ***
Total pot 150 | No rake
Seat 2: _SKR (big blind) won 150


Winamax Poker - Tournament "Expresso Nitro" buyIn: 0.93€ + 0.07€ level: 6 - HandId: #2661426190622916609-23-1673013013 - Holdem no limit (50/100) - 2023/01/06 13:50:13 UTC
Table: 'Expresso Nitro(619661573)#0' 3-max (real money) Seat #2 is the button
Seat 1: Nawrax69 (730)
Seat 2: _SKR (170)
*** ANTE/BLINDS ***
_SKR posts small blind 50
Nawrax69 posts big blind 100
Dealt to _SKR [5h 4c]
*** PRE-FLOP *** 
_SKR raises 70 to 170 and is all-in
Nawrax69 calls 70
*** FLOP *** [4d 7h 9h]
*** TURN *** [4d 7h 9h][Kd]
*** RIVER *** [4d 7h 9h Kd][3h]
*** SHOW DOWN ***
_SKR shows [5h 4c] (One pair : 4)
Nawrax69 shows [6h 7d] (One pair : 7)
Nawrax69 collected 340 from pot
*** SUMMARY ***
Total pot 340 | No rake
Board: [4d 7h 9h Kd 3h]
Seat 1: Nawrax69 (big blind) showed [6h 7d] and won 340 with One pair : 7
Seat 2: _SKR (small blind) (button) showed [5h 4c] and lost with One pair : 4


