Winamax Poker - Tournament "Expresso Nitro" buyIn: 0.93€ + 0.07€ level: 1 - HandId: #2689829810078744577-1-1674654446 - Holdem no limit (10/20) - 2023/01/25 13:47:26 UTC
Table: 'Expresso Nitro(626274806)#0' 3-max (real money) Seat #2 is the button
Seat 1: _SKR (300)
Seat 2: Petitenric (300)
Seat 3: Djacko-djack (300)
*** ANTE/BLINDS ***
Djacko-djack posts small blind 10
_SKR posts big blind 20
Dealt to _SKR [8s Jc]
*** PRE-FLOP *** 
Petitenric folds
Djacko-djack raises 20 to 40
_SKR calls 20
*** FLOP *** [8h 5d 3c]
Djacko-djack bets 28
_SKR calls 28
*** TURN *** [8h 5d 3c][9h]
Djacko-djack checks
_SKR checks
*** RIVER *** [8h 5d 3c 9h][4s]
Djacko-djack checks
_SKR checks
*** SHOW DOWN ***
Djacko-djack shows [Td Kd] (High card : King)
_SKR shows [8s Jc] (One pair : 8)
_SKR collected 136 from pot
*** SUMMARY ***
Total pot 136 | No rake
Board: [8h 5d 3c 9h 4s]
Seat 1: _SKR (big blind) showed [8s Jc] and won 136 with One pair : 8
Seat 3: Djacko-djack (small blind) showed [Td Kd] and lost with High card : King


Winamax Poker - Tournament "Expresso Nitro" buyIn: 0.93€ + 0.07€ level: 1 - HandId: #2689829810078744577-2-1674654475 - Holdem no limit (10/20) - 2023/01/25 13:47:55 UTC
Table: 'Expresso Nitro(626274806)#0' 3-max (real money) Seat #3 is the button
Seat 1: _SKR (368)
Seat 2: Petitenric (300)
Seat 3: Djacko-djack (232)
*** ANTE/BLINDS ***
_SKR posts small blind 10
Petitenric posts big blind 20
Dealt to _SKR [Jc Js]
*** PRE-FLOP *** 
Djacko-djack calls 20
_SKR raises 348 to 368 and is all-in
Petitenric folds
Djacko-djack folds
_SKR collected 408 from pot
*** SUMMARY ***
Total pot 408 | No rake
Seat 1: _SKR (small blind) won 408


Winamax Poker - Tournament "Expresso Nitro" buyIn: 0.93€ + 0.07€ level: 1 - HandId: #2689829810078744577-3-1674654492 - Holdem no limit (10/20) - 2023/01/25 13:48:12 UTC
Table: 'Expresso Nitro(626274806)#0' 3-max (real money) Seat #1 is the button
Seat 1: _SKR (408)
Seat 2: Petitenric (280)
Seat 3: Djacko-djack (212)
*** ANTE/BLINDS ***
Petitenric posts small blind 10
Djacko-djack posts big blind 20
Dealt to _SKR [7d Qh]
*** PRE-FLOP *** 
_SKR folds
Petitenric calls 10
Djacko-djack checks
*** FLOP *** [8c 6d Jc]
Petitenric bets 20
Djacko-djack folds
Petitenric collected 60 from pot
*** SUMMARY ***
Total pot 60 | No rake
Board: [8c 6d Jc]
Seat 2: Petitenric (small blind) won 60


Winamax Poker - Tournament "Expresso Nitro" buyIn: 0.93€ + 0.07€ level: 2 - HandId: #2689829810078744577-4-1674654509 - Holdem no limit (15/30) - 2023/01/25 13:48:29 UTC
Table: 'Expresso Nitro(626274806)#0' 3-max (real money) Seat #2 is the button
Seat 1: _SKR (408)
Seat 2: Petitenric (300)
Seat 3: Djacko-djack (192)
*** ANTE/BLINDS ***
Djacko-djack posts small blind 15
_SKR posts big blind 30
Dealt to _SKR [Jc 7h]
*** PRE-FLOP *** 
Petitenric folds
Djacko-djack raises 162 to 192 and is all-in
_SKR folds
Djacko-djack collected 222 from pot
*** SUMMARY ***
Total pot 222 | No rake
Seat 3: Djacko-djack (small blind) won 222


Winamax Poker - Tournament "Expresso Nitro" buyIn: 0.93€ + 0.07€ level: 2 - HandId: #2689829810078744577-5-1674654516 - Holdem no limit (15/30) - 2023/01/25 13:48:36 UTC
Table: 'Expresso Nitro(626274806)#0' 3-max (real money) Seat #3 is the button
Seat 1: _SKR (378)
Seat 2: Petitenric (300)
Seat 3: Djacko-djack (222)
*** ANTE/BLINDS ***
_SKR posts small blind 15
Petitenric posts big blind 30
Dealt to _SKR [Js 6h]
*** PRE-FLOP *** 
Djacko-djack raises 60 to 90
_SKR folds
Petitenric folds
Djacko-djack collected 135 from pot
*** SUMMARY ***
Total pot 135 | No rake
Seat 3: Djacko-djack (button) won 135


Winamax Poker - Tournament "Expresso Nitro" buyIn: 0.93€ + 0.07€ level: 2 - HandId: #2689829810078744577-6-1674654529 - Holdem no limit (15/30) - 2023/01/25 13:48:49 UTC
Table: 'Expresso Nitro(626274806)#0' 3-max (real money) Seat #1 is the button
Seat 1: _SKR (363)
Seat 2: Petitenric (270)
Seat 3: Djacko-djack (267)
*** ANTE/BLINDS ***
Petitenric posts small blind 15
Djacko-djack posts big blind 30
Dealt to _SKR [Th 9s]
*** PRE-FLOP *** 
_SKR folds
Petitenric raises 240 to 270 and is all-in
Djacko-djack folds
Petitenric collected 300 from pot
*** SUMMARY ***
Total pot 300 | No rake
Seat 2: Petitenric (small blind) won 300


Winamax Poker - Tournament "Expresso Nitro" buyIn: 0.93€ + 0.07€ level: 2 - HandId: #2689829810078744577-7-1674654535 - Holdem no limit (15/30) - 2023/01/25 13:48:55 UTC
Table: 'Expresso Nitro(626274806)#0' 3-max (real money) Seat #2 is the button
Seat 1: _SKR (363)
Seat 2: Petitenric (300)
Seat 3: Djacko-djack (237)
*** ANTE/BLINDS ***
Djacko-djack posts small blind 15
_SKR posts big blind 30
Dealt to _SKR [5s 5d]
*** PRE-FLOP *** 
Petitenric folds
Djacko-djack raises 60 to 90
_SKR raises 273 to 363 and is all-in
Djacko-djack calls 147 and is all-in
*** FLOP *** [Ah 4s 4d]
*** TURN *** [Ah 4s 4d][Jc]
*** RIVER *** [Ah 4s 4d Jc][8s]
*** SHOW DOWN ***
Djacko-djack shows [Td Qs] (One pair : 4)
_SKR shows [5s 5d] (Two pairs : 5 and 4)
_SKR collected 600 from pot
*** SUMMARY ***
Total pot 600 | No rake
Board: [Ah 4s 4d Jc 8s]
Seat 1: _SKR (big blind) showed [5s 5d] and won 600 with Two pairs : 5 and 4
Seat 3: Djacko-djack (small blind) showed [Td Qs] and lost with One pair : 4


Winamax Poker - Tournament "Expresso Nitro" buyIn: 0.93€ + 0.07€ level: 2 - HandId: #2689829810078744577-8-1674654558 - Holdem no limit (15/30) - 2023/01/25 13:49:18 UTC
Table: 'Expresso Nitro(626274806)#0' 3-max (real money) Seat #1 is the button
Seat 1: _SKR (600)
Seat 2: Petitenric (300)
*** ANTE/BLINDS ***
_SKR posts small blind 15
Petitenric posts big blind 30
Dealt to _SKR [8h 8c]
*** PRE-FLOP *** 
_SKR raises 570 to 600 and is all-in
Petitenric folds
_SKR collected 630 from pot
*** SUMMARY ***
Total pot 630 | No rake
Seat 1: _SKR (small blind) (button) won 630


Winamax Poker - Tournament "Expresso Nitro" buyIn: 0.93€ + 0.07€ level: 3 - HandId: #2689829810078744577-9-1674654564 - Holdem no limit (20/40) - 2023/01/25 13:49:24 UTC
Table: 'Expresso Nitro(626274806)#0' 3-max (real money) Seat #2 is the button
Seat 1: _SKR (630)
Seat 2: Petitenric (270)
*** ANTE/BLINDS ***
Petitenric posts small blind 20
_SKR posts big blind 40
Dealt to _SKR [9h Tc]
*** PRE-FLOP *** 
Petitenric raises 230 to 270 and is all-in
_SKR folds
Petitenric collected 310 from pot
*** SUMMARY ***
Total pot 310 | No rake
Seat 2: Petitenric (small blind) (button) won 310


Winamax Poker - Tournament "Expresso Nitro" buyIn: 0.93€ + 0.07€ level: 3 - HandId: #2689829810078744577-10-1674654571 - Holdem no limit (20/40) - 2023/01/25 13:49:31 UTC
Table: 'Expresso Nitro(626274806)#0' 3-max (real money) Seat #1 is the button
Seat 1: _SKR (590)
Seat 2: Petitenric (310)
*** ANTE/BLINDS ***
_SKR posts small blind 20
Petitenric posts big blind 40
Dealt to _SKR [2h 5h]
*** PRE-FLOP *** 
_SKR folds
Petitenric collected 60 from pot
*** SUMMARY ***
Total pot 60 | No rake
Seat 2: Petitenric (big blind) won 60


Winamax Poker - Tournament "Expresso Nitro" buyIn: 0.93€ + 0.07€ level: 3 - HandId: #2689829810078744577-11-1674654574 - Holdem no limit (20/40) - 2023/01/25 13:49:34 UTC
Table: 'Expresso Nitro(626274806)#0' 3-max (real money) Seat #2 is the button
Seat 1: _SKR (570)
Seat 2: Petitenric (330)
*** ANTE/BLINDS ***
Petitenric posts small blind 20
_SKR posts big blind 40
Dealt to _SKR [7d 8c]
*** PRE-FLOP *** 
Petitenric folds
_SKR collected 60 from pot
*** SUMMARY ***
Total pot 60 | No rake
Seat 1: _SKR (big blind) won 60


Winamax Poker - Tournament "Expresso Nitro" buyIn: 0.93€ + 0.07€ level: 3 - HandId: #2689829810078744577-12-1674654578 - Holdem no limit (20/40) - 2023/01/25 13:49:38 UTC
Table: 'Expresso Nitro(626274806)#0' 3-max (real money) Seat #1 is the button
Seat 1: _SKR (590)
Seat 2: Petitenric (310)
*** ANTE/BLINDS ***
_SKR posts small blind 20
Petitenric posts big blind 40
Dealt to _SKR [8h 4h]
*** PRE-FLOP *** 
_SKR folds
Petitenric collected 60 from pot
*** SUMMARY ***
Total pot 60 | No rake
Seat 2: Petitenric (big blind) won 60


Winamax Poker - Tournament "Expresso Nitro" buyIn: 0.93€ + 0.07€ level: 3 - HandId: #2689829810078744577-13-1674654583 - Holdem no limit (20/40) - 2023/01/25 13:49:43 UTC
Table: 'Expresso Nitro(626274806)#0' 3-max (real money) Seat #2 is the button
Seat 1: _SKR (570)
Seat 2: Petitenric (330)
*** ANTE/BLINDS ***
Petitenric posts small blind 20
_SKR posts big blind 40
Dealt to _SKR [4c 8c]
*** PRE-FLOP *** 
Petitenric raises 290 to 330 and is all-in
_SKR folds
Petitenric collected 370 from pot
*** SUMMARY ***
Total pot 370 | No rake
Seat 2: Petitenric (small blind) (button) won 370


Winamax Poker - Tournament "Expresso Nitro" buyIn: 0.93€ + 0.07€ level: 3 - HandId: #2689829810078744577-14-1674654591 - Holdem no limit (20/40) - 2023/01/25 13:49:51 UTC
Table: 'Expresso Nitro(626274806)#0' 3-max (real money) Seat #1 is the button
Seat 1: _SKR (530)
Seat 2: Petitenric (370)
*** ANTE/BLINDS ***
_SKR posts small blind 20
Petitenric posts big blind 40
Dealt to _SKR [6d Ts]
*** PRE-FLOP *** 
_SKR folds
Petitenric collected 60 from pot
*** SUMMARY ***
Total pot 60 | No rake
Seat 2: Petitenric (big blind) won 60


Winamax Poker - Tournament "Expresso Nitro" buyIn: 0.93€ + 0.07€ level: 3 - HandId: #2689829810078744577-15-1674654594 - Holdem no limit (20/40) - 2023/01/25 13:49:54 UTC
Table: 'Expresso Nitro(626274806)#0' 3-max (real money) Seat #2 is the button
Seat 1: _SKR (510)
Seat 2: Petitenric (390)
*** ANTE/BLINDS ***
Petitenric posts small blind 20
_SKR posts big blind 40
Dealt to _SKR [6s Td]
*** PRE-FLOP *** 
Petitenric raises 40 to 80
_SKR folds
Petitenric collected 120 from pot
*** SUMMARY ***
Total pot 120 | No rake
Seat 2: Petitenric (small blind) (button) won 120


Winamax Poker - Tournament "Expresso Nitro" buyIn: 0.93€ + 0.07€ level: 3 - HandId: #2689829810078744577-16-1674654607 - Holdem no limit (20/40) - 2023/01/25 13:50:07 UTC
Table: 'Expresso Nitro(626274806)#0' 3-max (real money) Seat #1 is the button
Seat 1: _SKR (470)
Seat 2: Petitenric (430)
*** ANTE/BLINDS ***
_SKR posts small blind 20
Petitenric posts big blind 40
Dealt to _SKR [Td 5d]
*** PRE-FLOP *** 
_SKR folds
Petitenric collected 60 from pot
*** SUMMARY ***
Total pot 60 | No rake
Seat 2: Petitenric (big blind) won 60


Winamax Poker - Tournament "Expresso Nitro" buyIn: 0.93€ + 0.07€ level: 3 - HandId: #2689829810078744577-17-1674654611 - Holdem no limit (20/40) - 2023/01/25 13:50:11 UTC
Table: 'Expresso Nitro(626274806)#0' 3-max (real money) Seat #2 is the button
Seat 1: _SKR (450)
Seat 2: Petitenric (450)
*** ANTE/BLINDS ***
Petitenric posts small blind 20
_SKR posts big blind 40
Dealt to _SKR [Th Ad]
*** PRE-FLOP *** 
Petitenric folds
_SKR collected 60 from pot
*** SUMMARY ***
Total pot 60 | No rake
Seat 1: _SKR (big blind) won 60


Winamax Poker - Tournament "Expresso Nitro" buyIn: 0.93€ + 0.07€ level: 3 - HandId: #2689829810078744577-18-1674654617 - Holdem no limit (20/40) - 2023/01/25 13:50:17 UTC
Table: 'Expresso Nitro(626274806)#0' 3-max (real money) Seat #1 is the button
Seat 1: _SKR (470)
Seat 2: Petitenric (430)
*** ANTE/BLINDS ***
_SKR posts small blind 20
Petitenric posts big blind 40
Dealt to _SKR [Td 6c]
*** PRE-FLOP *** 
_SKR folds
Petitenric collected 60 from pot
*** SUMMARY ***
Total pot 60 | No rake
Seat 2: Petitenric (big blind) won 60


Winamax Poker - Tournament "Expresso Nitro" buyIn: 0.93€ + 0.07€ level: 3 - HandId: #2689829810078744577-19-1674654620 - Holdem no limit (20/40) - 2023/01/25 13:50:20 UTC
Table: 'Expresso Nitro(626274806)#0' 3-max (real money) Seat #2 is the button
Seat 1: _SKR (450)
Seat 2: Petitenric (450)
*** ANTE/BLINDS ***
Petitenric posts small blind 20
_SKR posts big blind 40
Dealt to _SKR [4d 5c]
*** PRE-FLOP *** 
Petitenric folds
_SKR collected 60 from pot
*** SUMMARY ***
Total pot 60 | No rake
Seat 1: _SKR (big blind) won 60


Winamax Poker - Tournament "Expresso Nitro" buyIn: 0.93€ + 0.07€ level: 4 - HandId: #2689829810078744577-20-1674654624 - Holdem no limit (30/60) - 2023/01/25 13:50:24 UTC
Table: 'Expresso Nitro(626274806)#0' 3-max (real money) Seat #1 is the button
Seat 1: _SKR (470)
Seat 2: Petitenric (430)
*** ANTE/BLINDS ***
_SKR posts small blind 30
Petitenric posts big blind 60
Dealt to _SKR [6c 7c]
*** PRE-FLOP *** 
_SKR calls 30
Petitenric checks
*** FLOP *** [2s Qh Kd]
Petitenric checks
_SKR bets 60
Petitenric calls 60
*** TURN *** [2s Qh Kd][2d]
Petitenric checks
_SKR checks
*** RIVER *** [2s Qh Kd 2d][Th]
Petitenric bets 310 and is all-in
_SKR folds
Petitenric collected 550 from pot
*** SUMMARY ***
Total pot 550 | No rake
Board: [2s Qh Kd 2d Th]
Seat 2: Petitenric (big blind) won 550


Winamax Poker - Tournament "Expresso Nitro" buyIn: 0.93€ + 0.07€ level: 4 - HandId: #2689829810078744577-21-1674654657 - Holdem no limit (30/60) - 2023/01/25 13:50:57 UTC
Table: 'Expresso Nitro(626274806)#0' 3-max (real money) Seat #2 is the button
Seat 1: _SKR (350)
Seat 2: Petitenric (550)
*** ANTE/BLINDS ***
Petitenric posts small blind 30
_SKR posts big blind 60
Dealt to _SKR [Th 5h]
*** PRE-FLOP *** 
Petitenric raises 490 to 550 and is all-in
_SKR folds
Petitenric collected 610 from pot
*** SUMMARY ***
Total pot 610 | No rake
Seat 2: Petitenric (small blind) (button) won 610


Winamax Poker - Tournament "Expresso Nitro" buyIn: 0.93€ + 0.07€ level: 4 - HandId: #2689829810078744577-22-1674654664 - Holdem no limit (30/60) - 2023/01/25 13:51:04 UTC
Table: 'Expresso Nitro(626274806)#0' 3-max (real money) Seat #1 is the button
Seat 1: _SKR (290)
Seat 2: Petitenric (610)
*** ANTE/BLINDS ***
_SKR posts small blind 30
Petitenric posts big blind 60
Dealt to _SKR [As 5h]
*** PRE-FLOP *** 
_SKR raises 230 to 290 and is all-in
Petitenric calls 230
*** FLOP *** [Th 5d 4s]
*** TURN *** [Th 5d 4s][Jd]
*** RIVER *** [Th 5d 4s Jd][8d]
*** SHOW DOWN ***
_SKR shows [As 5h] (One pair : 5)
Petitenric shows [Kd Ks] (One pair : Kings)
Petitenric collected 580 from pot
*** SUMMARY ***
Total pot 580 | No rake
Board: [Th 5d 4s Jd 8d]
Seat 1: _SKR (small blind) (button) showed [As 5h] and lost with One pair : 5
Seat 2: Petitenric (big blind) showed [Kd Ks] and won 580 with One pair : Kings


