Winamax Poker - Tournament "Expresso Nitro" buyIn: 0.93€ + 0.07€ level: 1 - HandId: #2675098433030717441-1-1673744275 - Holdem no limit (10/20) - 2023/01/15 00:57:55 UTC
Table: 'Expresso Nitro(622844890)#0' 3-max (real money) Seat #1 is the button
Seat 1: coupe la sec (300)
Seat 2: _SKR (300)
Seat 3: Elketefaka (300)
*** ANTE/BLINDS ***
_SKR posts small blind 10
Elketefaka posts big blind 20
Dealt to _SKR [Qd 5d]
*** PRE-FLOP *** 
coupe la sec folds
_SKR folds
Elketefaka collected 30 from pot
*** SUMMARY ***
Total pot 30 | No rake
Seat 3: Elketefaka (big blind) won 30


Winamax Poker - Tournament "Expresso Nitro" buyIn: 0.93€ + 0.07€ level: 1 - HandId: #2675098433030717441-2-1673744282 - Holdem no limit (10/20) - 2023/01/15 00:58:02 UTC
Table: 'Expresso Nitro(622844890)#0' 3-max (real money) Seat #2 is the button
Seat 1: coupe la sec (300)
Seat 2: _SKR (290)
Seat 3: Elketefaka (310)
*** ANTE/BLINDS ***
Elketefaka posts small blind 10
coupe la sec posts big blind 20
Dealt to _SKR [As Th]
*** PRE-FLOP *** 
_SKR raises 270 to 290 and is all-in
Elketefaka calls 280
coupe la sec raises 10 to 300 and is all-in
Elketefaka calls 10
*** FLOP *** [Jh 8s Ac]
*** TURN *** [Jh 8s Ac][Qh]
*** RIVER *** [Jh 8s Ac Qh][8c]
*** SHOW DOWN ***
Elketefaka shows [7d 9d] (One pair : 8)
coupe la sec shows [Ah 2h] (Two pairs : Aces and 8)
_SKR shows [As Th] (Two pairs : Aces and 8)
_SKR collected 435 from main pot
coupe la sec collected 455 from side pot 1
*** SUMMARY ***
Total pot 890 | No rake
Board: [Jh 8s Ac Qh 8c]
Seat 1: coupe la sec (big blind) showed [Ah 2h] and won 455 with Two pairs : Aces and 8
Seat 2: _SKR (button) showed [As Th] and won 435 with Two pairs : Aces and 8
Seat 3: Elketefaka (small blind) showed [7d 9d] and lost with One pair : 8


Winamax Poker - Tournament "Expresso Nitro" buyIn: 0.93€ + 0.07€ level: 1 - HandId: #2675098433030717441-3-1673744299 - Holdem no limit (10/20) - 2023/01/15 00:58:19 UTC
Table: 'Expresso Nitro(622844890)#0' 3-max (real money) Seat #3 is the button
Seat 1: coupe la sec (455)
Seat 2: _SKR (435)
Seat 3: Elketefaka (10)
*** ANTE/BLINDS ***
coupe la sec posts small blind 10
_SKR posts big blind 20
Dealt to _SKR [Ks 5h]
*** PRE-FLOP *** 
Elketefaka calls 10 and is all-in
coupe la sec calls 10
_SKR checks
*** FLOP *** [7s 8s Kd]
coupe la sec checks
_SKR checks
*** TURN *** [7s 8s Kd][Qc]
coupe la sec checks
_SKR bets 25
coupe la sec calls 25
*** RIVER *** [7s 8s Kd Qc][Tc]
coupe la sec checks
_SKR bets 65
coupe la sec calls 65
*** SHOW DOWN ***
coupe la sec shows [Td Js] (One pair : Tens)
Elketefaka shows [9d 9s] (One pair : 9)
_SKR shows [Ks 5h] (One pair : Kings)
_SKR collected 230 from pot
*** SUMMARY ***
Total pot 230 | No rake
Board: [7s 8s Kd Qc Tc]
Seat 1: coupe la sec (small blind) showed [Td Js] and lost with One pair : Tens
Seat 2: _SKR (big blind) showed [Ks 5h] and won 230 with One pair : Kings
Seat 3: Elketefaka (button) showed [9d 9s] and lost with One pair : 9


Winamax Poker - Tournament "Expresso Nitro" buyIn: 0.93€ + 0.07€ level: 2 - HandId: #2675098433030717441-4-1673744340 - Holdem no limit (15/30) - 2023/01/15 00:59:00 UTC
Table: 'Expresso Nitro(622844890)#0' 3-max (real money) Seat #2 is the button
Seat 1: coupe la sec (345)
Seat 2: _SKR (555)
*** ANTE/BLINDS ***
_SKR posts small blind 15
coupe la sec posts big blind 30
Dealt to _SKR [3d Kc]
*** PRE-FLOP *** 
_SKR folds
coupe la sec collected 45 from pot
*** SUMMARY ***
Total pot 45 | No rake
Seat 1: coupe la sec (big blind) won 45


Winamax Poker - Tournament "Expresso Nitro" buyIn: 0.93€ + 0.07€ level: 2 - HandId: #2675098433030717441-5-1673744349 - Holdem no limit (15/30) - 2023/01/15 00:59:09 UTC
Table: 'Expresso Nitro(622844890)#0' 3-max (real money) Seat #1 is the button
Seat 1: coupe la sec (360)
Seat 2: _SKR (540)
*** ANTE/BLINDS ***
coupe la sec posts small blind 15
_SKR posts big blind 30
Dealt to _SKR [7d Ts]
*** PRE-FLOP *** 
coupe la sec calls 15
_SKR checks
*** FLOP *** [Ah Kd 3c]
_SKR checks
coupe la sec bets 39
_SKR folds
coupe la sec collected 99 from pot
*** SUMMARY ***
Total pot 99 | No rake
Board: [Ah Kd 3c]
Seat 1: coupe la sec (small blind) (button) won 99


Winamax Poker - Tournament "Expresso Nitro" buyIn: 0.93€ + 0.07€ level: 2 - HandId: #2675098433030717441-6-1673744370 - Holdem no limit (15/30) - 2023/01/15 00:59:30 UTC
Table: 'Expresso Nitro(622844890)#0' 3-max (real money) Seat #2 is the button
Seat 1: coupe la sec (390)
Seat 2: _SKR (510)
*** ANTE/BLINDS ***
_SKR posts small blind 15
coupe la sec posts big blind 30
Dealt to _SKR [Jc Qd]
*** PRE-FLOP *** 
_SKR raises 480 to 510 and is all-in
coupe la sec calls 360 and is all-in
*** FLOP *** [Ks 3c Kd]
*** TURN *** [Ks 3c Kd][Kh]
*** RIVER *** [Ks 3c Kd Kh][6d]
*** SHOW DOWN ***
coupe la sec shows [Js Ts] (Trips of Kings)
_SKR shows [Jc Qd] (Trips of Kings)
_SKR collected 900 from pot
*** SUMMARY ***
Total pot 900 | No rake
Board: [Ks 3c Kd Kh 6d]
Seat 1: coupe la sec (big blind) showed [Js Ts] and lost with Trips of Kings
Seat 2: _SKR (small blind) (button) showed [Jc Qd] and won 900 with Trips of Kings


