Winamax Poker - Tournament "Expresso Nitro" buyIn: 0.93€ + 0.07€ level: 1 - HandId: #2690602058083467265-1-1674687489 - Holdem no limit (10/20) - 2023/01/25 22:58:09 UTC
Table: 'Expresso Nitro(626454609)#0' 3-max (real money) Seat #3 is the button
Seat 1: _SKR (300)
Seat 2: The_Fresh_Ma (300)
Seat 3: Saykod (300)
*** ANTE/BLINDS ***
_SKR posts small blind 10
The_Fresh_Ma posts big blind 20
Dealt to _SKR [6c Qs]
*** PRE-FLOP *** 
Saykod folds
_SKR folds
The_Fresh_Ma collected 30 from pot
*** SUMMARY ***
Total pot 30 | No rake
Seat 2: The_Fresh_Ma (big blind) won 30


Winamax Poker - Tournament "Expresso Nitro" buyIn: 0.93€ + 0.07€ level: 1 - HandId: #2690602058083467265-2-1674687496 - Holdem no limit (10/20) - 2023/01/25 22:58:16 UTC
Table: 'Expresso Nitro(626454609)#0' 3-max (real money) Seat #1 is the button
Seat 1: _SKR (290)
Seat 2: The_Fresh_Ma (310)
Seat 3: Saykod (300)
*** ANTE/BLINDS ***
The_Fresh_Ma posts small blind 10
Saykod posts big blind 20
Dealt to _SKR [Qc 9d]
*** PRE-FLOP *** 
_SKR folds
The_Fresh_Ma calls 10
Saykod checks
*** FLOP *** [Js 6s Qs]
The_Fresh_Ma bets 40
Saykod folds
The_Fresh_Ma collected 80 from pot
*** SUMMARY ***
Total pot 80 | No rake
Board: [Js 6s Qs]
Seat 2: The_Fresh_Ma (small blind) won 80


Winamax Poker - Tournament "Expresso Nitro" buyIn: 0.93€ + 0.07€ level: 1 - HandId: #2690602058083467265-3-1674687523 - Holdem no limit (10/20) - 2023/01/25 22:58:43 UTC
Table: 'Expresso Nitro(626454609)#0' 3-max (real money) Seat #2 is the button
Seat 1: _SKR (290)
Seat 2: The_Fresh_Ma (330)
Seat 3: Saykod (280)
*** ANTE/BLINDS ***
Saykod posts small blind 10
_SKR posts big blind 20
Dealt to _SKR [Kd 8h]
*** PRE-FLOP *** 
The_Fresh_Ma raises 20 to 40
Saykod raises 240 to 280 and is all-in
_SKR folds
The_Fresh_Ma raises 50 to 330 and is all-in
*** FLOP *** [4s Ad 8d]
*** TURN *** [4s Ad 8d][7s]
*** RIVER *** [4s Ad 8d 7s][Ts]
*** SHOW DOWN ***
The_Fresh_Ma shows [2s 2h] (One pair : 2)
Saykod shows [Ah 4d] (Two pairs : Aces and 4)
Saykod collected 580 from main pot
The_Fresh_Ma collected 50 from side pot 1
*** SUMMARY ***
Total pot 630 | No rake
Board: [4s Ad 8d 7s Ts]
Seat 2: The_Fresh_Ma (button) showed [2s 2h] and won 50 with One pair : 2
Seat 3: Saykod (small blind) showed [Ah 4d] and won 580 with Two pairs : Aces and 4


Winamax Poker - Tournament "Expresso Nitro" buyIn: 0.93€ + 0.07€ level: 2 - HandId: #2690602058083467265-4-1674687547 - Holdem no limit (15/30) - 2023/01/25 22:59:07 UTC
Table: 'Expresso Nitro(626454609)#0' 3-max (real money) Seat #3 is the button
Seat 1: _SKR (270)
Seat 2: The_Fresh_Ma (50)
Seat 3: Saykod (580)
*** ANTE/BLINDS ***
_SKR posts small blind 15
The_Fresh_Ma posts big blind 30
Dealt to _SKR [8s 6s]
*** PRE-FLOP *** 
Saykod raises 550 to 580 and is all-in
_SKR folds
The_Fresh_Ma calls 20 and is all-in
*** FLOP *** [Jd Td 9d]
*** TURN *** [Jd Td 9d][9h]
*** RIVER *** [Jd Td 9d 9h][3s]
*** SHOW DOWN ***
The_Fresh_Ma shows [As Kc] (One pair : 9)
Saykod shows [6d Ah] (One pair : 9)
Saykod collected 530 from side pot 1
The_Fresh_Ma collected 115 from main pot
*** SUMMARY ***
Total pot 645 | No rake
Board: [Jd Td 9d 9h 3s]
Seat 2: The_Fresh_Ma (big blind) showed [As Kc] and won 115 with One pair : 9
Seat 3: Saykod (button) showed [6d Ah] and won 530 with One pair : 9


Winamax Poker - Tournament "Expresso Nitro" buyIn: 0.93€ + 0.07€ level: 2 - HandId: #2690602058083467265-5-1674687562 - Holdem no limit (15/30) - 2023/01/25 22:59:22 UTC
Table: 'Expresso Nitro(626454609)#0' 3-max (real money) Seat #1 is the button
Seat 1: _SKR (255)
Seat 2: The_Fresh_Ma (115)
Seat 3: Saykod (530)
*** ANTE/BLINDS ***
The_Fresh_Ma posts small blind 15
Saykod posts big blind 30
Dealt to _SKR [3c As]
*** PRE-FLOP *** 
_SKR raises 225 to 255 and is all-in
The_Fresh_Ma folds
Saykod folds
_SKR collected 300 from pot
*** SUMMARY ***
Total pot 300 | No rake
Seat 1: _SKR (button) won 300


Winamax Poker - Tournament "Expresso Nitro" buyIn: 0.93€ + 0.07€ level: 2 - HandId: #2690602058083467265-6-1674687573 - Holdem no limit (15/30) - 2023/01/25 22:59:33 UTC
Table: 'Expresso Nitro(626454609)#0' 3-max (real money) Seat #2 is the button
Seat 1: _SKR (300)
Seat 2: The_Fresh_Ma (100)
Seat 3: Saykod (500)
*** ANTE/BLINDS ***
Saykod posts small blind 15
_SKR posts big blind 30
Dealt to _SKR [9s 7d]
*** PRE-FLOP *** 
The_Fresh_Ma raises 70 to 100 and is all-in
Saykod raises 400 to 500 and is all-in
_SKR folds
*** FLOP *** [5h Jd Js]
*** TURN *** [5h Jd Js][7c]
*** RIVER *** [5h Jd Js 7c][4h]
*** SHOW DOWN ***
The_Fresh_Ma shows [Ks Jh] (Trips of Jacks)
Saykod shows [8h Kd] (One pair : Jacks)
Saykod collected 400 from side pot 1
The_Fresh_Ma collected 230 from main pot
*** SUMMARY ***
Total pot 630 | No rake
Board: [5h Jd Js 7c 4h]
Seat 2: The_Fresh_Ma (button) showed [Ks Jh] and won 230 with Trips of Jacks
Seat 3: Saykod (small blind) showed [8h Kd] and won 400 with One pair : Jacks


Winamax Poker - Tournament "Expresso Nitro" buyIn: 0.93€ + 0.07€ level: 2 - HandId: #2690602058083467265-7-1674687588 - Holdem no limit (15/30) - 2023/01/25 22:59:48 UTC
Table: 'Expresso Nitro(626454609)#0' 3-max (real money) Seat #3 is the button
Seat 1: _SKR (270)
Seat 2: The_Fresh_Ma (230)
Seat 3: Saykod (400)
*** ANTE/BLINDS ***
_SKR posts small blind 15
The_Fresh_Ma posts big blind 30
Dealt to _SKR [8s Jc]
*** PRE-FLOP *** 
Saykod folds
_SKR raises 240 to 270 and is all-in
The_Fresh_Ma folds
_SKR collected 300 from pot
*** SUMMARY ***
Total pot 300 | No rake
Seat 1: _SKR (small blind) won 300


Winamax Poker - Tournament "Expresso Nitro" buyIn: 0.93€ + 0.07€ level: 3 - HandId: #2690602058083467265-8-1674687609 - Holdem no limit (20/40) - 2023/01/25 23:00:09 UTC
Table: 'Expresso Nitro(626454609)#0' 3-max (real money) Seat #1 is the button
Seat 1: _SKR (300)
Seat 2: The_Fresh_Ma (200)
Seat 3: Saykod (400)
*** ANTE/BLINDS ***
The_Fresh_Ma posts small blind 20
Saykod posts big blind 40
Dealt to _SKR [9s 7c]
*** PRE-FLOP *** 
_SKR folds
The_Fresh_Ma raises 160 to 200 and is all-in
Saykod folds
The_Fresh_Ma collected 240 from pot
*** SUMMARY ***
Total pot 240 | No rake
Seat 2: The_Fresh_Ma (small blind) won 240


Winamax Poker - Tournament "Expresso Nitro" buyIn: 0.93€ + 0.07€ level: 3 - HandId: #2690602058083467265-9-1674687621 - Holdem no limit (20/40) - 2023/01/25 23:00:21 UTC
Table: 'Expresso Nitro(626454609)#0' 3-max (real money) Seat #2 is the button
Seat 1: _SKR (300)
Seat 2: The_Fresh_Ma (240)
Seat 3: Saykod (360)
*** ANTE/BLINDS ***
Saykod posts small blind 20
_SKR posts big blind 40
Dealt to _SKR [9h 3d]
*** PRE-FLOP *** 
The_Fresh_Ma folds
Saykod raises 320 to 360 and is all-in
_SKR folds
Saykod collected 400 from pot
*** SUMMARY ***
Total pot 400 | No rake
Seat 3: Saykod (small blind) won 400


Winamax Poker - Tournament "Expresso Nitro" buyIn: 0.93€ + 0.07€ level: 3 - HandId: #2690602058083467265-10-1674687628 - Holdem no limit (20/40) - 2023/01/25 23:00:28 UTC
Table: 'Expresso Nitro(626454609)#0' 3-max (real money) Seat #3 is the button
Seat 1: _SKR (260)
Seat 2: The_Fresh_Ma (240)
Seat 3: Saykod (400)
*** ANTE/BLINDS ***
_SKR posts small blind 20
The_Fresh_Ma posts big blind 40
Dealt to _SKR [8c 4s]
*** PRE-FLOP *** 
Saykod folds
_SKR folds
The_Fresh_Ma collected 60 from pot
*** SUMMARY ***
Total pot 60 | No rake
Seat 2: The_Fresh_Ma (big blind) won 60


Winamax Poker - Tournament "Expresso Nitro" buyIn: 0.93€ + 0.07€ level: 3 - HandId: #2690602058083467265-11-1674687633 - Holdem no limit (20/40) - 2023/01/25 23:00:33 UTC
Table: 'Expresso Nitro(626454609)#0' 3-max (real money) Seat #1 is the button
Seat 1: _SKR (240)
Seat 2: The_Fresh_Ma (260)
Seat 3: Saykod (400)
*** ANTE/BLINDS ***
The_Fresh_Ma posts small blind 20
Saykod posts big blind 40
Dealt to _SKR [Js 5d]
*** PRE-FLOP *** 
_SKR folds
The_Fresh_Ma calls 20
Saykod checks
*** FLOP *** [Ks Kh Qh]
The_Fresh_Ma checks
Saykod checks
*** TURN *** [Ks Kh Qh][Tc]
The_Fresh_Ma checks
Saykod bets 40
The_Fresh_Ma calls 40
*** RIVER *** [Ks Kh Qh Tc][6c]
The_Fresh_Ma checks
Saykod bets 80
The_Fresh_Ma folds
Saykod collected 240 from pot
*** SUMMARY ***
Total pot 240 | No rake
Board: [Ks Kh Qh Tc 6c]
Seat 3: Saykod (big blind) won 240


Winamax Poker - Tournament "Expresso Nitro" buyIn: 0.93€ + 0.07€ level: 4 - HandId: #2690602058083467265-12-1674687667 - Holdem no limit (30/60) - 2023/01/25 23:01:07 UTC
Table: 'Expresso Nitro(626454609)#0' 3-max (real money) Seat #2 is the button
Seat 1: _SKR (240)
Seat 2: The_Fresh_Ma (180)
Seat 3: Saykod (480)
*** ANTE/BLINDS ***
Saykod posts small blind 30
_SKR posts big blind 60
Dealt to _SKR [9h 3d]
*** PRE-FLOP *** 
The_Fresh_Ma raises 120 to 180 and is all-in
Saykod folds
_SKR folds
The_Fresh_Ma collected 270 from pot
*** SUMMARY ***
Total pot 270 | No rake
Seat 2: The_Fresh_Ma (button) won 270


Winamax Poker - Tournament "Expresso Nitro" buyIn: 0.93€ + 0.07€ level: 4 - HandId: #2690602058083467265-13-1674687674 - Holdem no limit (30/60) - 2023/01/25 23:01:14 UTC
Table: 'Expresso Nitro(626454609)#0' 3-max (real money) Seat #3 is the button
Seat 1: _SKR (180)
Seat 2: The_Fresh_Ma (270)
Seat 3: Saykod (450)
*** ANTE/BLINDS ***
_SKR posts small blind 30
The_Fresh_Ma posts big blind 60
Dealt to _SKR [6h Qs]
*** PRE-FLOP *** 
Saykod folds
_SKR raises 120 to 180 and is all-in
The_Fresh_Ma folds
_SKR collected 240 from pot
*** SUMMARY ***
Total pot 240 | No rake
Seat 1: _SKR (small blind) won 240


Winamax Poker - Tournament "Expresso Nitro" buyIn: 0.93€ + 0.07€ level: 4 - HandId: #2690602058083467265-14-1674687684 - Holdem no limit (30/60) - 2023/01/25 23:01:24 UTC
Table: 'Expresso Nitro(626454609)#0' 3-max (real money) Seat #1 is the button
Seat 1: _SKR (240)
Seat 2: The_Fresh_Ma (210)
Seat 3: Saykod (450)
*** ANTE/BLINDS ***
The_Fresh_Ma posts small blind 30
Saykod posts big blind 60
Dealt to _SKR [Qs 8s]
*** PRE-FLOP *** 
_SKR raises 180 to 240 and is all-in
The_Fresh_Ma folds
Saykod folds
_SKR collected 330 from pot
*** SUMMARY ***
Total pot 330 | No rake
Seat 1: _SKR (button) won 330


Winamax Poker - Tournament "Expresso Nitro" buyIn: 0.93€ + 0.07€ level: 4 - HandId: #2690602058083467265-15-1674687695 - Holdem no limit (30/60) - 2023/01/25 23:01:35 UTC
Table: 'Expresso Nitro(626454609)#0' 3-max (real money) Seat #2 is the button
Seat 1: _SKR (330)
Seat 2: The_Fresh_Ma (180)
Seat 3: Saykod (390)
*** ANTE/BLINDS ***
Saykod posts small blind 30
_SKR posts big blind 60
Dealt to _SKR [2c Qs]
*** PRE-FLOP *** 
The_Fresh_Ma raises 120 to 180 and is all-in
Saykod folds
_SKR folds
The_Fresh_Ma collected 270 from pot
*** SUMMARY ***
Total pot 270 | No rake
Seat 2: The_Fresh_Ma (button) won 270


Winamax Poker - Tournament "Expresso Nitro" buyIn: 0.93€ + 0.07€ level: 4 - HandId: #2690602058083467265-16-1674687702 - Holdem no limit (30/60) - 2023/01/25 23:01:42 UTC
Table: 'Expresso Nitro(626454609)#0' 3-max (real money) Seat #3 is the button
Seat 1: _SKR (270)
Seat 2: The_Fresh_Ma (270)
Seat 3: Saykod (360)
*** ANTE/BLINDS ***
_SKR posts small blind 30
The_Fresh_Ma posts big blind 60
Dealt to _SKR [Qc Td]
*** PRE-FLOP *** 
Saykod folds
_SKR raises 210 to 270 and is all-in
The_Fresh_Ma calls 210 and is all-in
*** FLOP *** [Ah 2h 3d]
*** TURN *** [Ah 2h 3d][9d]
*** RIVER *** [Ah 2h 3d 9d][Kc]
*** SHOW DOWN ***
_SKR shows [Qc Td] (High card : Ace)
The_Fresh_Ma shows [Kh 3s] (Two pairs : Kings and 3)
The_Fresh_Ma collected 540 from pot
*** SUMMARY ***
Total pot 540 | No rake
Board: [Ah 2h 3d 9d Kc]
Seat 1: _SKR (small blind) showed [Qc Td] and lost with High card : Ace
Seat 2: The_Fresh_Ma (big blind) showed [Kh 3s] and won 540 with Two pairs : Kings and 3


