Winamax Poker - Tournament "Expresso Nitro" buyIn: 0.93€ + 0.07€ level: 1 - HandId: #2689746805540782081-1-1674649420 - Holdem no limit (10/20) - 2023/01/25 12:23:40 UTC
Table: 'Expresso Nitro(626255480)#0' 3-max (real money) Seat #1 is the button
Seat 1: Slic-One-VSC (300)
Seat 2: _SKR (300)
Seat 3: NIGELLE59 (300)
*** ANTE/BLINDS ***
_SKR posts small blind 10
NIGELLE59 posts big blind 20
Dealt to _SKR [2d 7s]
*** PRE-FLOP *** 
Slic-One-VSC raises 280 to 300 and is all-in
_SKR folds
NIGELLE59 folds
Slic-One-VSC collected 330 from pot
*** SUMMARY ***
Total pot 330 | No rake
Seat 1: Slic-One-VSC (button) won 330


Winamax Poker - Tournament "Expresso Nitro" buyIn: 0.93€ + 0.07€ level: 1 - HandId: #2689746805540782081-2-1674649428 - Holdem no limit (10/20) - 2023/01/25 12:23:48 UTC
Table: 'Expresso Nitro(626255480)#0' 3-max (real money) Seat #2 is the button
Seat 1: Slic-One-VSC (330)
Seat 2: _SKR (290)
Seat 3: NIGELLE59 (280)
*** ANTE/BLINDS ***
NIGELLE59 posts small blind 10
Slic-One-VSC posts big blind 20
Dealt to _SKR [4h 4d]
*** PRE-FLOP *** 
_SKR raises 270 to 290 and is all-in
NIGELLE59 folds
Slic-One-VSC folds
_SKR collected 320 from pot
*** SUMMARY ***
Total pot 320 | No rake
Seat 2: _SKR (button) won 320


Winamax Poker - Tournament "Expresso Nitro" buyIn: 0.93€ + 0.07€ level: 1 - HandId: #2689746805540782081-3-1674649440 - Holdem no limit (10/20) - 2023/01/25 12:24:00 UTC
Table: 'Expresso Nitro(626255480)#0' 3-max (real money) Seat #3 is the button
Seat 1: Slic-One-VSC (310)
Seat 2: _SKR (320)
Seat 3: NIGELLE59 (270)
*** ANTE/BLINDS ***
Slic-One-VSC posts small blind 10
_SKR posts big blind 20
Dealt to _SKR [3s 5s]
*** PRE-FLOP *** 
NIGELLE59 raises 250 to 270 and is all-in
Slic-One-VSC folds
_SKR folds
NIGELLE59 collected 300 from pot
*** SUMMARY ***
Total pot 300 | No rake
Seat 3: NIGELLE59 (button) won 300


Winamax Poker - Tournament "Expresso Nitro" buyIn: 0.93€ + 0.07€ level: 1 - HandId: #2689746805540782081-4-1674649455 - Holdem no limit (10/20) - 2023/01/25 12:24:15 UTC
Table: 'Expresso Nitro(626255480)#0' 3-max (real money) Seat #1 is the button
Seat 1: Slic-One-VSC (300)
Seat 2: _SKR (300)
Seat 3: NIGELLE59 (300)
*** ANTE/BLINDS ***
_SKR posts small blind 10
NIGELLE59 posts big blind 20
Dealt to _SKR [6d 8h]
*** PRE-FLOP *** 
Slic-One-VSC raises 280 to 300 and is all-in
_SKR folds
NIGELLE59 calls 280 and is all-in
*** FLOP *** [Kh Td As]
*** TURN *** [Kh Td As][7s]
*** RIVER *** [Kh Td As 7s][Qd]
*** SHOW DOWN ***
Slic-One-VSC shows [9d 9s] (One pair : 9)
NIGELLE59 shows [8s Ac] (One pair : Aces)
NIGELLE59 collected 610 from pot
*** SUMMARY ***
Total pot 610 | No rake
Board: [Kh Td As 7s Qd]
Seat 1: Slic-One-VSC (button) showed [9d 9s] and lost with One pair : 9
Seat 3: NIGELLE59 (big blind) showed [8s Ac] and won 610 with One pair : Aces


Winamax Poker - Tournament "Expresso Nitro" buyIn: 0.93€ + 0.07€ level: 2 - HandId: #2689746805540782081-5-1674649481 - Holdem no limit (15/30) - 2023/01/25 12:24:41 UTC
Table: 'Expresso Nitro(626255480)#0' 3-max (real money) Seat #3 is the button
Seat 2: _SKR (290)
Seat 3: NIGELLE59 (610)
*** ANTE/BLINDS ***
NIGELLE59 posts small blind 15
_SKR posts big blind 30
Dealt to _SKR [6d 8s]
*** PRE-FLOP *** 
NIGELLE59 raises 45 to 75
_SKR folds
NIGELLE59 collected 105 from pot
*** SUMMARY ***
Total pot 105 | No rake
Seat 3: NIGELLE59 (small blind) (button) won 105


Winamax Poker - Tournament "Expresso Nitro" buyIn: 0.93€ + 0.07€ level: 2 - HandId: #2689746805540782081-6-1674649487 - Holdem no limit (15/30) - 2023/01/25 12:24:47 UTC
Table: 'Expresso Nitro(626255480)#0' 3-max (real money) Seat #2 is the button
Seat 2: _SKR (260)
Seat 3: NIGELLE59 (640)
*** ANTE/BLINDS ***
_SKR posts small blind 15
NIGELLE59 posts big blind 30
Dealt to _SKR [Js Jh]
*** PRE-FLOP *** 
_SKR raises 230 to 260 and is all-in
NIGELLE59 folds
_SKR collected 290 from pot
*** SUMMARY ***
Total pot 290 | No rake
Seat 2: _SKR (small blind) (button) won 290


Winamax Poker - Tournament "Expresso Nitro" buyIn: 0.93€ + 0.07€ level: 2 - HandId: #2689746805540782081-7-1674649493 - Holdem no limit (15/30) - 2023/01/25 12:24:53 UTC
Table: 'Expresso Nitro(626255480)#0' 3-max (real money) Seat #3 is the button
Seat 2: _SKR (290)
Seat 3: NIGELLE59 (610)
*** ANTE/BLINDS ***
NIGELLE59 posts small blind 15
_SKR posts big blind 30
Dealt to _SKR [Jc 6d]
*** PRE-FLOP *** 
NIGELLE59 raises 580 to 610 and is all-in
_SKR folds
NIGELLE59 collected 640 from pot
*** SUMMARY ***
Total pot 640 | No rake
Seat 3: NIGELLE59 (small blind) (button) won 640


Winamax Poker - Tournament "Expresso Nitro" buyIn: 0.93€ + 0.07€ level: 2 - HandId: #2689746805540782081-8-1674649500 - Holdem no limit (15/30) - 2023/01/25 12:25:00 UTC
Table: 'Expresso Nitro(626255480)#0' 3-max (real money) Seat #2 is the button
Seat 2: _SKR (260)
Seat 3: NIGELLE59 (640)
*** ANTE/BLINDS ***
_SKR posts small blind 15
NIGELLE59 posts big blind 30
Dealt to _SKR [6s 3s]
*** PRE-FLOP *** 
_SKR folds
NIGELLE59 collected 45 from pot
*** SUMMARY ***
Total pot 45 | No rake
Seat 3: NIGELLE59 (big blind) won 45


Winamax Poker - Tournament "Expresso Nitro" buyIn: 0.93€ + 0.07€ level: 2 - HandId: #2689746805540782081-9-1674649507 - Holdem no limit (15/30) - 2023/01/25 12:25:07 UTC
Table: 'Expresso Nitro(626255480)#0' 3-max (real money) Seat #3 is the button
Seat 2: _SKR (245)
Seat 3: NIGELLE59 (655)
*** ANTE/BLINDS ***
NIGELLE59 posts small blind 15
_SKR posts big blind 30
Dealt to _SKR [8d 7c]
*** PRE-FLOP *** 
NIGELLE59 calls 15
_SKR checks
*** FLOP *** [7d 6s Qd]
_SKR checks
NIGELLE59 bets 30
_SKR raises 185 to 215 and is all-in
NIGELLE59 folds
_SKR collected 305 from pot
*** SUMMARY ***
Total pot 305 | No rake
Board: [7d 6s Qd]
Seat 2: _SKR (big blind) won 305


Winamax Poker - Tournament "Expresso Nitro" buyIn: 0.93€ + 0.07€ level: 2 - HandId: #2689746805540782081-10-1674649523 - Holdem no limit (15/30) - 2023/01/25 12:25:23 UTC
Table: 'Expresso Nitro(626255480)#0' 3-max (real money) Seat #2 is the button
Seat 2: _SKR (305)
Seat 3: NIGELLE59 (595)
*** ANTE/BLINDS ***
_SKR posts small blind 15
NIGELLE59 posts big blind 30
Dealt to _SKR [5d Qc]
*** PRE-FLOP *** 
_SKR folds
NIGELLE59 collected 45 from pot
*** SUMMARY ***
Total pot 45 | No rake
Seat 3: NIGELLE59 (big blind) won 45


Winamax Poker - Tournament "Expresso Nitro" buyIn: 0.93€ + 0.07€ level: 2 - HandId: #2689746805540782081-11-1674649528 - Holdem no limit (15/30) - 2023/01/25 12:25:28 UTC
Table: 'Expresso Nitro(626255480)#0' 3-max (real money) Seat #3 is the button
Seat 2: _SKR (290)
Seat 3: NIGELLE59 (610)
*** ANTE/BLINDS ***
NIGELLE59 posts small blind 15
_SKR posts big blind 30
Dealt to _SKR [As 5s]
*** PRE-FLOP *** 
NIGELLE59 raises 580 to 610 and is all-in
_SKR calls 260 and is all-in
*** FLOP *** [Jh Th 7c]
*** TURN *** [Jh Th 7c][Ad]
*** RIVER *** [Jh Th 7c Ad][5h]
*** SHOW DOWN ***
_SKR shows [As 5s] (Two pairs : Aces and 5)
NIGELLE59 shows [Td Qs] (One pair : Tens)
NIGELLE59 collected 320 from side pot 1
_SKR collected 580 from main pot
*** SUMMARY ***
Total pot 900 | No rake
Board: [Jh Th 7c Ad 5h]
Seat 2: _SKR (big blind) showed [As 5s] and won 580 with Two pairs : Aces and 5
Seat 3: NIGELLE59 (small blind) (button) showed [Td Qs] and won 320 with One pair : Tens


Winamax Poker - Tournament "Expresso Nitro" buyIn: 0.93€ + 0.07€ level: 3 - HandId: #2689746805540782081-12-1674649547 - Holdem no limit (20/40) - 2023/01/25 12:25:47 UTC
Table: 'Expresso Nitro(626255480)#0' 3-max (real money) Seat #2 is the button
Seat 2: _SKR (580)
Seat 3: NIGELLE59 (320)
*** ANTE/BLINDS ***
_SKR posts small blind 20
NIGELLE59 posts big blind 40
Dealt to _SKR [5d 7s]
*** PRE-FLOP *** 
_SKR folds
NIGELLE59 collected 60 from pot
*** SUMMARY ***
Total pot 60 | No rake
Seat 3: NIGELLE59 (big blind) won 60


Winamax Poker - Tournament "Expresso Nitro" buyIn: 0.93€ + 0.07€ level: 3 - HandId: #2689746805540782081-13-1674649552 - Holdem no limit (20/40) - 2023/01/25 12:25:52 UTC
Table: 'Expresso Nitro(626255480)#0' 3-max (real money) Seat #3 is the button
Seat 2: _SKR (560)
Seat 3: NIGELLE59 (340)
*** ANTE/BLINDS ***
NIGELLE59 posts small blind 20
_SKR posts big blind 40
Dealt to _SKR [As Td]
*** PRE-FLOP *** 
NIGELLE59 raises 300 to 340 and is all-in
_SKR raises 220 to 560 and is all-in
*** FLOP *** [7h Kh 3c]
*** TURN *** [7h Kh 3c][5h]
*** RIVER *** [7h Kh 3c 5h][6h]
*** SHOW DOWN ***
_SKR shows [As Td] (High card : Ace)
NIGELLE59 shows [8h Jh] (Flush King high)
NIGELLE59 collected 680 from main pot
_SKR collected 220 from side pot 1
*** SUMMARY ***
Total pot 900 | No rake
Board: [7h Kh 3c 5h 6h]
Seat 2: _SKR (big blind) showed [As Td] and won 220 with High card : Ace
Seat 3: NIGELLE59 (small blind) (button) showed [8h Jh] and won 680 with Flush King high


Winamax Poker - Tournament "Expresso Nitro" buyIn: 0.93€ + 0.07€ level: 3 - HandId: #2689746805540782081-14-1674649568 - Holdem no limit (20/40) - 2023/01/25 12:26:08 UTC
Table: 'Expresso Nitro(626255480)#0' 3-max (real money) Seat #2 is the button
Seat 2: _SKR (220)
Seat 3: NIGELLE59 (680)
*** ANTE/BLINDS ***
_SKR posts small blind 20
NIGELLE59 posts big blind 40
Dealt to _SKR [Ac Kc]
*** PRE-FLOP *** 
_SKR raises 180 to 220 and is all-in
NIGELLE59 calls 180
*** FLOP *** [3h 4h 9d]
*** TURN *** [3h 4h 9d][8h]
*** RIVER *** [3h 4h 9d 8h][Th]
*** SHOW DOWN ***
NIGELLE59 shows [7c 5d] (High card : Ten)
_SKR shows [Ac Kc] (High card : Ace)
_SKR collected 440 from pot
*** SUMMARY ***
Total pot 440 | No rake
Board: [3h 4h 9d 8h Th]
Seat 2: _SKR (small blind) (button) showed [Ac Kc] and won 440 with High card : Ace
Seat 3: NIGELLE59 (big blind) showed [7c 5d] and lost with High card : Ten


Winamax Poker - Tournament "Expresso Nitro" buyIn: 0.93€ + 0.07€ level: 3 - HandId: #2689746805540782081-15-1674649582 - Holdem no limit (20/40) - 2023/01/25 12:26:22 UTC
Table: 'Expresso Nitro(626255480)#0' 3-max (real money) Seat #3 is the button
Seat 2: _SKR (440)
Seat 3: NIGELLE59 (460)
*** ANTE/BLINDS ***
NIGELLE59 posts small blind 20
_SKR posts big blind 40
Dealt to _SKR [8c 5c]
*** PRE-FLOP *** 
NIGELLE59 raises 420 to 460 and is all-in
_SKR folds
NIGELLE59 collected 500 from pot
*** SUMMARY ***
Total pot 500 | No rake
Seat 3: NIGELLE59 (small blind) (button) won 500


Winamax Poker - Tournament "Expresso Nitro" buyIn: 0.93€ + 0.07€ level: 4 - HandId: #2689746805540782081-16-1674649605 - Holdem no limit (30/60) - 2023/01/25 12:26:45 UTC
Table: 'Expresso Nitro(626255480)#0' 3-max (real money) Seat #2 is the button
Seat 2: _SKR (400)
Seat 3: NIGELLE59 (500)
*** ANTE/BLINDS ***
_SKR posts small blind 30
NIGELLE59 posts big blind 60
Dealt to _SKR [2s 6d]
*** PRE-FLOP *** 
_SKR folds
NIGELLE59 collected 90 from pot
*** SUMMARY ***
Total pot 90 | No rake
Seat 3: NIGELLE59 (big blind) won 90


Winamax Poker - Tournament "Expresso Nitro" buyIn: 0.93€ + 0.07€ level: 4 - HandId: #2689746805540782081-17-1674649608 - Holdem no limit (30/60) - 2023/01/25 12:26:48 UTC
Table: 'Expresso Nitro(626255480)#0' 3-max (real money) Seat #3 is the button
Seat 2: _SKR (370)
Seat 3: NIGELLE59 (530)
*** ANTE/BLINDS ***
NIGELLE59 posts small blind 30
_SKR posts big blind 60
Dealt to _SKR [5h 9h]
*** PRE-FLOP *** 
NIGELLE59 raises 470 to 530 and is all-in
_SKR folds
NIGELLE59 collected 590 from pot
*** SUMMARY ***
Total pot 590 | No rake
Seat 3: NIGELLE59 (small blind) (button) won 590


Winamax Poker - Tournament "Expresso Nitro" buyIn: 0.93€ + 0.07€ level: 4 - HandId: #2689746805540782081-18-1674649613 - Holdem no limit (30/60) - 2023/01/25 12:26:53 UTC
Table: 'Expresso Nitro(626255480)#0' 3-max (real money) Seat #2 is the button
Seat 2: _SKR (310)
Seat 3: NIGELLE59 (590)
*** ANTE/BLINDS ***
_SKR posts small blind 30
NIGELLE59 posts big blind 60
Dealt to _SKR [Kh 2d]
*** PRE-FLOP *** 
_SKR raises 250 to 310 and is all-in
NIGELLE59 calls 250
*** FLOP *** [6h 7d 7h]
*** TURN *** [6h 7d 7h][8s]
*** RIVER *** [6h 7d 7h 8s][Ts]
*** SHOW DOWN ***
NIGELLE59 shows [Qc 5c] (One pair : 7)
_SKR shows [Kh 2d] (One pair : 7)
_SKR collected 620 from pot
*** SUMMARY ***
Total pot 620 | No rake
Board: [6h 7d 7h 8s Ts]
Seat 2: _SKR (small blind) (button) showed [Kh 2d] and won 620 with One pair : 7
Seat 3: NIGELLE59 (big blind) showed [Qc 5c] and lost with One pair : 7


Winamax Poker - Tournament "Expresso Nitro" buyIn: 0.93€ + 0.07€ level: 4 - HandId: #2689746805540782081-19-1674649628 - Holdem no limit (30/60) - 2023/01/25 12:27:08 UTC
Table: 'Expresso Nitro(626255480)#0' 3-max (real money) Seat #3 is the button
Seat 2: _SKR (620)
Seat 3: NIGELLE59 (280)
*** ANTE/BLINDS ***
NIGELLE59 posts small blind 30
_SKR posts big blind 60
Dealt to _SKR [3s 6h]
*** PRE-FLOP *** 
NIGELLE59 raises 220 to 280 and is all-in
_SKR folds
NIGELLE59 collected 340 from pot
*** SUMMARY ***
Total pot 340 | No rake
Seat 3: NIGELLE59 (small blind) (button) won 340


Winamax Poker - Tournament "Expresso Nitro" buyIn: 0.93€ + 0.07€ level: 4 - HandId: #2689746805540782081-20-1674649632 - Holdem no limit (30/60) - 2023/01/25 12:27:12 UTC
Table: 'Expresso Nitro(626255480)#0' 3-max (real money) Seat #2 is the button
Seat 2: _SKR (560)
Seat 3: NIGELLE59 (340)
*** ANTE/BLINDS ***
_SKR posts small blind 30
NIGELLE59 posts big blind 60
Dealt to _SKR [9c 6d]
*** PRE-FLOP *** 
_SKR folds
NIGELLE59 collected 90 from pot
*** SUMMARY ***
Total pot 90 | No rake
Seat 3: NIGELLE59 (big blind) won 90


Winamax Poker - Tournament "Expresso Nitro" buyIn: 0.93€ + 0.07€ level: 4 - HandId: #2689746805540782081-21-1674649636 - Holdem no limit (30/60) - 2023/01/25 12:27:16 UTC
Table: 'Expresso Nitro(626255480)#0' 3-max (real money) Seat #3 is the button
Seat 2: _SKR (530)
Seat 3: NIGELLE59 (370)
*** ANTE/BLINDS ***
NIGELLE59 posts small blind 30
_SKR posts big blind 60
Dealt to _SKR [Ks Kc]
*** PRE-FLOP *** 
NIGELLE59 raises 310 to 370 and is all-in
_SKR calls 310
*** FLOP *** [Qh 6d Js]
*** TURN *** [Qh 6d Js][Ts]
*** RIVER *** [Qh 6d Js Ts][3h]
*** SHOW DOWN ***
NIGELLE59 shows [Ac 7h] (High card : Ace)
_SKR shows [Ks Kc] (One pair : Kings)
_SKR collected 740 from pot
*** SUMMARY ***
Total pot 740 | No rake
Board: [Qh 6d Js Ts 3h]
Seat 2: _SKR (big blind) showed [Ks Kc] and won 740 with One pair : Kings
Seat 3: NIGELLE59 (small blind) (button) showed [Ac 7h] and lost with High card : Ace


