Winamax Poker - Tournament "Expresso Nitro" buyIn: 0.93€ + 0.07€ level: 1 - HandId: #2689774538144612353-1-1674651084 - Holdem no limit (10/20) - 2023/01/25 12:51:24 UTC
Table: 'Expresso Nitro(626261937)#0' 3-max (real money) Seat #1 is the button
Seat 1: dent95 (300)
Seat 2: PelicanAzur (300)
Seat 3: _SKR (300)
*** ANTE/BLINDS ***
PelicanAzur posts small blind 10
_SKR posts big blind 20
Dealt to _SKR [Td 6s]
*** PRE-FLOP *** 
dent95 folds
PelicanAzur folds
_SKR collected 30 from pot
*** SUMMARY ***
Total pot 30 | No rake
Seat 3: _SKR (big blind) won 30


Winamax Poker - Tournament "Expresso Nitro" buyIn: 0.93€ + 0.07€ level: 1 - HandId: #2689774538144612353-2-1674651095 - Holdem no limit (10/20) - 2023/01/25 12:51:35 UTC
Table: 'Expresso Nitro(626261937)#0' 3-max (real money) Seat #2 is the button
Seat 1: dent95 (300)
Seat 2: PelicanAzur (290)
Seat 3: _SKR (310)
*** ANTE/BLINDS ***
_SKR posts small blind 10
dent95 posts big blind 20
Dealt to _SKR [3s 4s]
*** PRE-FLOP *** 
PelicanAzur folds
_SKR folds
dent95 collected 30 from pot
*** SUMMARY ***
Total pot 30 | No rake
Seat 1: dent95 (big blind) won 30


Winamax Poker - Tournament "Expresso Nitro" buyIn: 0.93€ + 0.07€ level: 1 - HandId: #2689774538144612353-3-1674651102 - Holdem no limit (10/20) - 2023/01/25 12:51:42 UTC
Table: 'Expresso Nitro(626261937)#0' 3-max (real money) Seat #3 is the button
Seat 1: dent95 (310)
Seat 2: PelicanAzur (290)
Seat 3: _SKR (300)
*** ANTE/BLINDS ***
dent95 posts small blind 10
PelicanAzur posts big blind 20
Dealt to _SKR [3h Qs]
*** PRE-FLOP *** 
_SKR folds
dent95 folds
PelicanAzur collected 30 from pot
*** SUMMARY ***
Total pot 30 | No rake
Seat 2: PelicanAzur (big blind) won 30


Winamax Poker - Tournament "Expresso Nitro" buyIn: 0.93€ + 0.07€ level: 1 - HandId: #2689774538144612353-4-1674651114 - Holdem no limit (10/20) - 2023/01/25 12:51:54 UTC
Table: 'Expresso Nitro(626261937)#0' 3-max (real money) Seat #1 is the button
Seat 1: dent95 (300)
Seat 2: PelicanAzur (300)
Seat 3: _SKR (300)
*** ANTE/BLINDS ***
PelicanAzur posts small blind 10
_SKR posts big blind 20
Dealt to _SKR [3s 3h]
*** PRE-FLOP *** 
dent95 raises 280 to 300 and is all-in
PelicanAzur folds
_SKR folds
dent95 collected 330 from pot
*** SUMMARY ***
Total pot 330 | No rake
Seat 1: dent95 (button) won 330


Winamax Poker - Tournament "Expresso Nitro" buyIn: 0.93€ + 0.07€ level: 1 - HandId: #2689774538144612353-5-1674651131 - Holdem no limit (10/20) - 2023/01/25 12:52:11 UTC
Table: 'Expresso Nitro(626261937)#0' 3-max (real money) Seat #2 is the button
Seat 1: dent95 (330)
Seat 2: PelicanAzur (290)
Seat 3: _SKR (280)
*** ANTE/BLINDS ***
_SKR posts small blind 10
dent95 posts big blind 20
Dealt to _SKR [9c 8d]
*** PRE-FLOP *** 
PelicanAzur calls 20
_SKR folds
dent95 checks
*** FLOP *** [4d Ac Qc]
dent95 checks
PelicanAzur bets 20
dent95 raises 290 to 310 and is all-in
PelicanAzur calls 250 and is all-in
*** TURN *** [4d Ac Qc][Jh]
*** RIVER *** [4d Ac Qc Jh][9h]
*** SHOW DOWN ***
dent95 shows [4c 7d] (One pair : 4)
PelicanAzur shows [Ts Ah] (One pair : Aces)
PelicanAzur collected 590 from main pot
dent95 collected 40 from side pot 1
*** SUMMARY ***
Total pot 630 | No rake
Board: [4d Ac Qc Jh 9h]
Seat 1: dent95 (big blind) showed [4c 7d] and won 40 with One pair : 4
Seat 2: PelicanAzur (button) showed [Ts Ah] and won 590 with One pair : Aces


Winamax Poker - Tournament "Expresso Nitro" buyIn: 0.93€ + 0.07€ level: 2 - HandId: #2689774538144612353-6-1674651158 - Holdem no limit (15/30) - 2023/01/25 12:52:38 UTC
Table: 'Expresso Nitro(626261937)#0' 3-max (real money) Seat #3 is the button
Seat 1: dent95 (40)
Seat 2: PelicanAzur (590)
Seat 3: _SKR (270)
*** ANTE/BLINDS ***
dent95 posts small blind 15
PelicanAzur posts big blind 30
Dealt to _SKR [Ah Th]
*** PRE-FLOP *** 
_SKR raises 240 to 270 and is all-in
dent95 calls 25 and is all-in
PelicanAzur folds
*** FLOP *** [5s Qd Qh]
*** TURN *** [5s Qd Qh][6d]
*** RIVER *** [5s Qd Qh 6d][Qs]
*** SHOW DOWN ***
dent95 shows [2c 3d] (Trips of Queens)
_SKR shows [Ah Th] (Trips of Queens)
_SKR collected 340 from pot
*** SUMMARY ***
Total pot 340 | No rake
Board: [5s Qd Qh 6d Qs]
Seat 1: dent95 (small blind) showed [2c 3d] and lost with Trips of Queens
Seat 3: _SKR (button) showed [Ah Th] and won 340 with Trips of Queens


Winamax Poker - Tournament "Expresso Nitro" buyIn: 0.93€ + 0.07€ level: 2 - HandId: #2689774538144612353-7-1674651180 - Holdem no limit (15/30) - 2023/01/25 12:53:00 UTC
Table: 'Expresso Nitro(626261937)#0' 3-max (real money) Seat #2 is the button
Seat 2: PelicanAzur (560)
Seat 3: _SKR (340)
*** ANTE/BLINDS ***
PelicanAzur posts small blind 15
_SKR posts big blind 30
Dealt to _SKR [6d Ts]
*** PRE-FLOP *** 
PelicanAzur raises 30 to 60
_SKR folds
PelicanAzur collected 90 from pot
*** SUMMARY ***
Total pot 90 | No rake
Seat 2: PelicanAzur (small blind) (button) won 90


Winamax Poker - Tournament "Expresso Nitro" buyIn: 0.93€ + 0.07€ level: 2 - HandId: #2689774538144612353-8-1674651188 - Holdem no limit (15/30) - 2023/01/25 12:53:08 UTC
Table: 'Expresso Nitro(626261937)#0' 3-max (real money) Seat #3 is the button
Seat 2: PelicanAzur (590)
Seat 3: _SKR (310)
*** ANTE/BLINDS ***
_SKR posts small blind 15
PelicanAzur posts big blind 30
Dealt to _SKR [6c 6h]
*** PRE-FLOP *** 
_SKR raises 280 to 310 and is all-in
PelicanAzur folds
_SKR collected 340 from pot
*** SUMMARY ***
Total pot 340 | No rake
Seat 3: _SKR (small blind) (button) won 340


Winamax Poker - Tournament "Expresso Nitro" buyIn: 0.93€ + 0.07€ level: 2 - HandId: #2689774538144612353-9-1674651193 - Holdem no limit (15/30) - 2023/01/25 12:53:13 UTC
Table: 'Expresso Nitro(626261937)#0' 3-max (real money) Seat #2 is the button
Seat 2: PelicanAzur (560)
Seat 3: _SKR (340)
*** ANTE/BLINDS ***
PelicanAzur posts small blind 15
_SKR posts big blind 30
Dealt to _SKR [Ad Jh]
*** PRE-FLOP *** 
PelicanAzur calls 15
_SKR raises 310 to 340 and is all-in
PelicanAzur calls 310
*** FLOP *** [Ah Js Qh]
*** TURN *** [Ah Js Qh][8h]
*** RIVER *** [Ah Js Qh 8h][9h]
*** SHOW DOWN ***
PelicanAzur shows [9c Ac] (Two pairs : Aces and 9)
_SKR shows [Ad Jh] (Flush Ace high)
_SKR collected 680 from pot
*** SUMMARY ***
Total pot 680 | No rake
Board: [Ah Js Qh 8h 9h]
Seat 2: PelicanAzur (small blind) (button) showed [9c Ac] and lost with Two pairs : Aces and 9
Seat 3: _SKR (big blind) showed [Ad Jh] and won 680 with Flush Ace high


Winamax Poker - Tournament "Expresso Nitro" buyIn: 0.93€ + 0.07€ level: 3 - HandId: #2689774538144612353-10-1674651209 - Holdem no limit (20/40) - 2023/01/25 12:53:29 UTC
Table: 'Expresso Nitro(626261937)#0' 3-max (real money) Seat #3 is the button
Seat 2: PelicanAzur (220)
Seat 3: _SKR (680)
*** ANTE/BLINDS ***
_SKR posts small blind 20
PelicanAzur posts big blind 40
Dealt to _SKR [Qh Kh]
*** PRE-FLOP *** 
_SKR raises 40 to 80
PelicanAzur calls 40
*** FLOP *** [Js 3h Jd]
PelicanAzur checks
_SKR checks
*** TURN *** [Js 3h Jd][2d]
PelicanAzur checks
_SKR checks
*** RIVER *** [Js 3h Jd 2d][8h]
PelicanAzur checks
_SKR checks
*** SHOW DOWN ***
PelicanAzur shows [Qs 7s] (One pair : Jacks)
_SKR shows [Qh Kh] (One pair : Jacks)
_SKR collected 160 from pot
*** SUMMARY ***
Total pot 160 | No rake
Board: [Js 3h Jd 2d 8h]
Seat 2: PelicanAzur (big blind) showed [Qs 7s] and lost with One pair : Jacks
Seat 3: _SKR (small blind) (button) showed [Qh Kh] and won 160 with One pair : Jacks


Winamax Poker - Tournament "Expresso Nitro" buyIn: 0.93€ + 0.07€ level: 3 - HandId: #2689774538144612353-11-1674651245 - Holdem no limit (20/40) - 2023/01/25 12:54:05 UTC
Table: 'Expresso Nitro(626261937)#0' 3-max (real money) Seat #2 is the button
Seat 2: PelicanAzur (140)
Seat 3: _SKR (760)
*** ANTE/BLINDS ***
PelicanAzur posts small blind 20
_SKR posts big blind 40
Dealt to _SKR [9h 5c]
*** PRE-FLOP *** 
PelicanAzur calls 20
_SKR checks
*** FLOP *** [As 4h 3s]
_SKR checks
PelicanAzur bets 100 and is all-in
_SKR folds
PelicanAzur collected 180 from pot
*** SUMMARY ***
Total pot 180 | No rake
Board: [As 4h 3s]
Seat 2: PelicanAzur (small blind) (button) won 180


Winamax Poker - Tournament "Expresso Nitro" buyIn: 0.93€ + 0.07€ level: 4 - HandId: #2689774538144612353-12-1674651272 - Holdem no limit (30/60) - 2023/01/25 12:54:32 UTC
Table: 'Expresso Nitro(626261937)#0' 3-max (real money) Seat #3 is the button
Seat 2: PelicanAzur (180)
Seat 3: _SKR (720)
*** ANTE/BLINDS ***
_SKR posts small blind 30
PelicanAzur posts big blind 60
Dealt to _SKR [Kc Qc]
*** PRE-FLOP *** 
_SKR raises 660 to 720 and is all-in
PelicanAzur calls 120 and is all-in
*** FLOP *** [7h Ad 6c]
*** TURN *** [7h Ad 6c][Td]
*** RIVER *** [7h Ad 6c Td][Th]
*** SHOW DOWN ***
PelicanAzur shows [6s Js] (Two pairs : Tens and 6)
_SKR shows [Kc Qc] (One pair : Tens)
_SKR collected 540 from side pot 1
PelicanAzur collected 360 from main pot
*** SUMMARY ***
Total pot 900 | No rake
Board: [7h Ad 6c Td Th]
Seat 2: PelicanAzur (big blind) showed [6s Js] and won 360 with Two pairs : Tens and 6
Seat 3: _SKR (small blind) (button) showed [Kc Qc] and won 540 with One pair : Tens


Winamax Poker - Tournament "Expresso Nitro" buyIn: 0.93€ + 0.07€ level: 4 - HandId: #2689774538144612353-13-1674651285 - Holdem no limit (30/60) - 2023/01/25 12:54:45 UTC
Table: 'Expresso Nitro(626261937)#0' 3-max (real money) Seat #2 is the button
Seat 2: PelicanAzur (360)
Seat 3: _SKR (540)
*** ANTE/BLINDS ***
PelicanAzur posts small blind 30
_SKR posts big blind 60
Dealt to _SKR [4s As]
*** PRE-FLOP *** 
PelicanAzur folds
_SKR collected 90 from pot
*** SUMMARY ***
Total pot 90 | No rake
Seat 3: _SKR (big blind) won 90


Winamax Poker - Tournament "Expresso Nitro" buyIn: 0.93€ + 0.07€ level: 4 - HandId: #2689774538144612353-14-1674651289 - Holdem no limit (30/60) - 2023/01/25 12:54:49 UTC
Table: 'Expresso Nitro(626261937)#0' 3-max (real money) Seat #3 is the button
Seat 2: PelicanAzur (330)
Seat 3: _SKR (570)
*** ANTE/BLINDS ***
_SKR posts small blind 30
PelicanAzur posts big blind 60
Dealt to _SKR [Tc 4s]
*** PRE-FLOP *** 
_SKR folds
PelicanAzur collected 90 from pot
*** SUMMARY ***
Total pot 90 | No rake
Seat 2: PelicanAzur (big blind) won 90


Winamax Poker - Tournament "Expresso Nitro" buyIn: 0.93€ + 0.07€ level: 4 - HandId: #2689774538144612353-15-1674651301 - Holdem no limit (30/60) - 2023/01/25 12:55:01 UTC
Table: 'Expresso Nitro(626261937)#0' 3-max (real money) Seat #2 is the button
Seat 2: PelicanAzur (360)
Seat 3: _SKR (540)
*** ANTE/BLINDS ***
PelicanAzur posts small blind 30
_SKR posts big blind 60
Dealt to _SKR [2h Qc]
*** PRE-FLOP *** 
PelicanAzur folds
_SKR collected 90 from pot
*** SUMMARY ***
Total pot 90 | No rake
Seat 3: _SKR (big blind) won 90


Winamax Poker - Tournament "Expresso Nitro" buyIn: 0.93€ + 0.07€ level: 4 - HandId: #2689774538144612353-16-1674651305 - Holdem no limit (30/60) - 2023/01/25 12:55:05 UTC
Table: 'Expresso Nitro(626261937)#0' 3-max (real money) Seat #3 is the button
Seat 2: PelicanAzur (330)
Seat 3: _SKR (570)
*** ANTE/BLINDS ***
_SKR posts small blind 30
PelicanAzur posts big blind 60
Dealt to _SKR [8d 3d]
*** PRE-FLOP *** 
_SKR folds
PelicanAzur collected 90 from pot
*** SUMMARY ***
Total pot 90 | No rake
Seat 2: PelicanAzur (big blind) won 90


Winamax Poker - Tournament "Expresso Nitro" buyIn: 0.93€ + 0.07€ level: 4 - HandId: #2689774538144612353-17-1674651309 - Holdem no limit (30/60) - 2023/01/25 12:55:09 UTC
Table: 'Expresso Nitro(626261937)#0' 3-max (real money) Seat #2 is the button
Seat 2: PelicanAzur (360)
Seat 3: _SKR (540)
*** ANTE/BLINDS ***
PelicanAzur posts small blind 30
_SKR posts big blind 60
Dealt to _SKR [2c Ts]
*** PRE-FLOP *** 
PelicanAzur calls 30
_SKR checks
*** FLOP *** [7d Kd 6s]
_SKR checks
PelicanAzur checks
*** TURN *** [7d Kd 6s][5c]
_SKR checks
PelicanAzur checks
*** RIVER *** [7d Kd 6s 5c][Jc]
_SKR checks
PelicanAzur bets 60
_SKR folds
PelicanAzur collected 180 from pot
*** SUMMARY ***
Total pot 180 | No rake
Board: [7d Kd 6s 5c Jc]
Seat 2: PelicanAzur (small blind) (button) won 180


Winamax Poker - Tournament "Expresso Nitro" buyIn: 0.93€ + 0.07€ level: 5 - HandId: #2689774538144612353-18-1674651342 - Holdem no limit (40/80) - 2023/01/25 12:55:42 UTC
Table: 'Expresso Nitro(626261937)#0' 3-max (real money) Seat #3 is the button
Seat 2: PelicanAzur (420)
Seat 3: _SKR (480)
*** ANTE/BLINDS ***
_SKR posts small blind 40
PelicanAzur posts big blind 80
Dealt to _SKR [6d 3c]
*** PRE-FLOP *** 
_SKR folds
PelicanAzur collected 120 from pot
*** SUMMARY ***
Total pot 120 | No rake
Seat 2: PelicanAzur (big blind) won 120


Winamax Poker - Tournament "Expresso Nitro" buyIn: 0.93€ + 0.07€ level: 5 - HandId: #2689774538144612353-19-1674651356 - Holdem no limit (40/80) - 2023/01/25 12:55:56 UTC
Table: 'Expresso Nitro(626261937)#0' 3-max (real money) Seat #2 is the button
Seat 2: PelicanAzur (460)
Seat 3: _SKR (440)
*** ANTE/BLINDS ***
PelicanAzur posts small blind 40
_SKR posts big blind 80
Dealt to _SKR [Jh 4s]
*** PRE-FLOP *** 
PelicanAzur folds
_SKR collected 120 from pot
*** SUMMARY ***
Total pot 120 | No rake
Seat 3: _SKR (big blind) won 120


Winamax Poker - Tournament "Expresso Nitro" buyIn: 0.93€ + 0.07€ level: 5 - HandId: #2689774538144612353-20-1674651360 - Holdem no limit (40/80) - 2023/01/25 12:56:00 UTC
Table: 'Expresso Nitro(626261937)#0' 3-max (real money) Seat #3 is the button
Seat 2: PelicanAzur (420)
Seat 3: _SKR (480)
*** ANTE/BLINDS ***
_SKR posts small blind 40
PelicanAzur posts big blind 80
Dealt to _SKR [2h 6c]
*** PRE-FLOP *** 
_SKR folds
PelicanAzur collected 120 from pot
*** SUMMARY ***
Total pot 120 | No rake
Seat 2: PelicanAzur (big blind) won 120


Winamax Poker - Tournament "Expresso Nitro" buyIn: 0.93€ + 0.07€ level: 5 - HandId: #2689774538144612353-21-1674651365 - Holdem no limit (40/80) - 2023/01/25 12:56:05 UTC
Table: 'Expresso Nitro(626261937)#0' 3-max (real money) Seat #2 is the button
Seat 2: PelicanAzur (460)
Seat 3: _SKR (440)
*** ANTE/BLINDS ***
PelicanAzur posts small blind 40
_SKR posts big blind 80
Dealt to _SKR [6c Qd]
*** PRE-FLOP *** 
PelicanAzur calls 40
_SKR raises 360 to 440 and is all-in
PelicanAzur calls 360
*** FLOP *** [Kc Kh 7h]
*** TURN *** [Kc Kh 7h][Tc]
*** RIVER *** [Kc Kh 7h Tc][Ah]
*** SHOW DOWN ***
_SKR shows [6c Qd] (One pair : Kings)
PelicanAzur shows [Ad 4h] (Two pairs : Aces and Kings)
PelicanAzur collected 880 from pot
*** SUMMARY ***
Total pot 880 | No rake
Board: [Kc Kh 7h Tc Ah]
Seat 2: PelicanAzur (small blind) (button) showed [Ad 4h] and won 880 with Two pairs : Aces and Kings
Seat 3: _SKR (big blind) showed [6c Qd] and lost with One pair : Kings


