Winamax Poker - Tournament "Expresso Nitro" buyIn: 1.86€ + 0.14€ level: 1 - HandId: #2694500823236345857-1-1674942930 - Holdem no limit (10/20) - 2023/01/28 21:55:30 UTC
Table: 'Expresso Nitro(627362361)#0' 3-max (real money) Seat #3 is the button
Seat 1: gelenders99 (300)
Seat 2: opla-c (300)
Seat 3: _SKR (300)
*** ANTE/BLINDS ***
gelenders99 posts small blind 10
opla-c posts big blind 20
Dealt to _SKR [7h Jc]
*** PRE-FLOP *** 
_SKR folds
gelenders99 calls 10
opla-c checks
*** FLOP *** [2s Td Qd]
gelenders99 checks
opla-c bets 26
gelenders99 folds
opla-c collected 66 from pot
*** SUMMARY ***
Total pot 66 | No rake
Board: [2s Td Qd]
Seat 2: opla-c (big blind) won 66


Winamax Poker - Tournament "Expresso Nitro" buyIn: 1.86€ + 0.14€ level: 1 - HandId: #2694500823236345857-2-1674942950 - Holdem no limit (10/20) - 2023/01/28 21:55:50 UTC
Table: 'Expresso Nitro(627362361)#0' 3-max (real money) Seat #1 is the button
Seat 1: gelenders99 (280)
Seat 2: opla-c (320)
Seat 3: _SKR (300)
*** ANTE/BLINDS ***
opla-c posts small blind 10
_SKR posts big blind 20
Dealt to _SKR [5d 4s]
*** PRE-FLOP *** 
gelenders99 folds
opla-c calls 10
_SKR checks
*** FLOP *** [7d 8s Ah]
opla-c checks
_SKR checks
*** TURN *** [7d 8s Ah][2h]
opla-c checks
_SKR checks
*** RIVER *** [7d 8s Ah 2h][9d]
opla-c checks
_SKR bets 30
opla-c folds
_SKR collected 70 from pot
*** SUMMARY ***
Total pot 70 | No rake
Board: [7d 8s Ah 2h 9d]
Seat 3: _SKR (big blind) won 70


Winamax Poker - Tournament "Expresso Nitro" buyIn: 1.86€ + 0.14€ level: 1 - HandId: #2694500823236345857-3-1674942978 - Holdem no limit (10/20) - 2023/01/28 21:56:18 UTC
Table: 'Expresso Nitro(627362361)#0' 3-max (real money) Seat #2 is the button
Seat 1: gelenders99 (280)
Seat 2: opla-c (300)
Seat 3: _SKR (320)
*** ANTE/BLINDS ***
_SKR posts small blind 10
gelenders99 posts big blind 20
Dealt to _SKR [2d 8h]
*** PRE-FLOP *** 
opla-c folds
_SKR folds
gelenders99 collected 30 from pot
*** SUMMARY ***
Total pot 30 | No rake
Seat 1: gelenders99 (big blind) won 30


Winamax Poker - Tournament "Expresso Nitro" buyIn: 1.86€ + 0.14€ level: 1 - HandId: #2694500823236345857-4-1674942982 - Holdem no limit (10/20) - 2023/01/28 21:56:22 UTC
Table: 'Expresso Nitro(627362361)#0' 3-max (real money) Seat #3 is the button
Seat 1: gelenders99 (290)
Seat 2: opla-c (300)
Seat 3: _SKR (310)
*** ANTE/BLINDS ***
gelenders99 posts small blind 10
opla-c posts big blind 20
Dealt to _SKR [Ts 9h]
*** PRE-FLOP *** 
_SKR folds
gelenders99 folds
opla-c collected 30 from pot
*** SUMMARY ***
Total pot 30 | No rake
Seat 2: opla-c (big blind) won 30


Winamax Poker - Tournament "Expresso Nitro" buyIn: 1.86€ + 0.14€ level: 2 - HandId: #2694500823236345857-5-1674942987 - Holdem no limit (15/30) - 2023/01/28 21:56:27 UTC
Table: 'Expresso Nitro(627362361)#0' 3-max (real money) Seat #1 is the button
Seat 1: gelenders99 (280)
Seat 2: opla-c (310)
Seat 3: _SKR (310)
*** ANTE/BLINDS ***
opla-c posts small blind 15
_SKR posts big blind 30
Dealt to _SKR [Kc Ac]
*** PRE-FLOP *** 
gelenders99 folds
opla-c calls 15
_SKR raises 45 to 75
opla-c calls 45
*** FLOP *** [Ah Qc Th]
opla-c checks
_SKR bets 53
opla-c folds
_SKR collected 203 from pot
*** SUMMARY ***
Total pot 203 | No rake
Board: [Ah Qc Th]
Seat 3: _SKR (big blind) won 203


Winamax Poker - Tournament "Expresso Nitro" buyIn: 1.86€ + 0.14€ level: 2 - HandId: #2694500823236345857-6-1674943010 - Holdem no limit (15/30) - 2023/01/28 21:56:50 UTC
Table: 'Expresso Nitro(627362361)#0' 3-max (real money) Seat #2 is the button
Seat 1: gelenders99 (280)
Seat 2: opla-c (235)
Seat 3: _SKR (385)
*** ANTE/BLINDS ***
_SKR posts small blind 15
gelenders99 posts big blind 30
Dealt to _SKR [3s Jc]
*** PRE-FLOP *** 
opla-c raises 205 to 235 and is all-in
_SKR folds
gelenders99 calls 205
*** FLOP *** [9s 4s Tc]
*** TURN *** [9s 4s Tc][3h]
*** RIVER *** [9s 4s Tc 3h][As]
*** SHOW DOWN ***
opla-c shows [5c 5s] (One pair : 5)
gelenders99 shows [7d 7s] (One pair : 7)
gelenders99 collected 485 from pot
*** SUMMARY ***
Total pot 485 | No rake
Board: [9s 4s Tc 3h As]
Seat 1: gelenders99 (big blind) showed [7d 7s] and won 485 with One pair : 7
Seat 2: opla-c (button) showed [5c 5s] and lost with One pair : 5


Winamax Poker - Tournament "Expresso Nitro" buyIn: 1.86€ + 0.14€ level: 2 - HandId: #2694500823236345857-7-1674943031 - Holdem no limit (15/30) - 2023/01/28 21:57:11 UTC
Table: 'Expresso Nitro(627362361)#0' 3-max (real money) Seat #1 is the button
Seat 1: gelenders99 (530)
Seat 3: _SKR (370)
*** ANTE/BLINDS ***
gelenders99 posts small blind 15
_SKR posts big blind 30
Dealt to _SKR [Js Qc]
*** PRE-FLOP *** 
gelenders99 folds
_SKR collected 45 from pot
*** SUMMARY ***
Total pot 45 | No rake
Seat 3: _SKR (big blind) won 45


Winamax Poker - Tournament "Expresso Nitro" buyIn: 1.86€ + 0.14€ level: 2 - HandId: #2694500823236345857-8-1674943035 - Holdem no limit (15/30) - 2023/01/28 21:57:15 UTC
Table: 'Expresso Nitro(627362361)#0' 3-max (real money) Seat #3 is the button
Seat 1: gelenders99 (515)
Seat 3: _SKR (385)
*** ANTE/BLINDS ***
_SKR posts small blind 15
gelenders99 posts big blind 30
Dealt to _SKR [Js Qd]
*** PRE-FLOP *** 
_SKR raises 355 to 385 and is all-in
gelenders99 folds
_SKR collected 415 from pot
*** SUMMARY ***
Total pot 415 | No rake
Seat 3: _SKR (small blind) (button) won 415


Winamax Poker - Tournament "Expresso Nitro" buyIn: 1.86€ + 0.14€ level: 2 - HandId: #2694500823236345857-9-1674943042 - Holdem no limit (15/30) - 2023/01/28 21:57:22 UTC
Table: 'Expresso Nitro(627362361)#0' 3-max (real money) Seat #1 is the button
Seat 1: gelenders99 (485)
Seat 3: _SKR (415)
*** ANTE/BLINDS ***
gelenders99 posts small blind 15
_SKR posts big blind 30
Dealt to _SKR [3h 2d]
*** PRE-FLOP *** 
gelenders99 folds
_SKR collected 45 from pot
*** SUMMARY ***
Total pot 45 | No rake
Seat 3: _SKR (big blind) won 45


Winamax Poker - Tournament "Expresso Nitro" buyIn: 1.86€ + 0.14€ level: 3 - HandId: #2694500823236345857-10-1674943046 - Holdem no limit (20/40) - 2023/01/28 21:57:26 UTC
Table: 'Expresso Nitro(627362361)#0' 3-max (real money) Seat #3 is the button
Seat 1: gelenders99 (470)
Seat 3: _SKR (430)
*** ANTE/BLINDS ***
_SKR posts small blind 20
gelenders99 posts big blind 40
Dealt to _SKR [2s 4s]
*** PRE-FLOP *** 
_SKR folds
gelenders99 collected 60 from pot
*** SUMMARY ***
Total pot 60 | No rake
Seat 1: gelenders99 (big blind) won 60


Winamax Poker - Tournament "Expresso Nitro" buyIn: 1.86€ + 0.14€ level: 3 - HandId: #2694500823236345857-11-1674943049 - Holdem no limit (20/40) - 2023/01/28 21:57:29 UTC
Table: 'Expresso Nitro(627362361)#0' 3-max (real money) Seat #1 is the button
Seat 1: gelenders99 (490)
Seat 3: _SKR (410)
*** ANTE/BLINDS ***
gelenders99 posts small blind 20
_SKR posts big blind 40
Dealt to _SKR [Ts 6s]
*** PRE-FLOP *** 
gelenders99 raises 80 to 120
_SKR folds
gelenders99 collected 160 from pot
*** SUMMARY ***
Total pot 160 | No rake
Seat 1: gelenders99 (small blind) (button) won 160


Winamax Poker - Tournament "Expresso Nitro" buyIn: 1.86€ + 0.14€ level: 3 - HandId: #2694500823236345857-12-1674943055 - Holdem no limit (20/40) - 2023/01/28 21:57:35 UTC
Table: 'Expresso Nitro(627362361)#0' 3-max (real money) Seat #3 is the button
Seat 1: gelenders99 (530)
Seat 3: _SKR (370)
*** ANTE/BLINDS ***
_SKR posts small blind 20
gelenders99 posts big blind 40
Dealt to _SKR [Qh 3s]
*** PRE-FLOP *** 
_SKR folds
gelenders99 collected 60 from pot
*** SUMMARY ***
Total pot 60 | No rake
Seat 1: gelenders99 (big blind) won 60


Winamax Poker - Tournament "Expresso Nitro" buyIn: 1.86€ + 0.14€ level: 3 - HandId: #2694500823236345857-13-1674943058 - Holdem no limit (20/40) - 2023/01/28 21:57:38 UTC
Table: 'Expresso Nitro(627362361)#0' 3-max (real money) Seat #1 is the button
Seat 1: gelenders99 (550)
Seat 3: _SKR (350)
*** ANTE/BLINDS ***
gelenders99 posts small blind 20
_SKR posts big blind 40
Dealt to _SKR [Ks Kd]
*** PRE-FLOP *** 
gelenders99 folds
_SKR collected 60 from pot
*** SUMMARY ***
Total pot 60 | No rake
Seat 3: _SKR (big blind) won 60


Winamax Poker - Tournament "Expresso Nitro" buyIn: 1.86€ + 0.14€ level: 3 - HandId: #2694500823236345857-14-1674943061 - Holdem no limit (20/40) - 2023/01/28 21:57:41 UTC
Table: 'Expresso Nitro(627362361)#0' 3-max (real money) Seat #3 is the button
Seat 1: gelenders99 (530)
Seat 3: _SKR (370)
*** ANTE/BLINDS ***
_SKR posts small blind 20
gelenders99 posts big blind 40
Dealt to _SKR [Qh 6h]
*** PRE-FLOP *** 
_SKR raises 330 to 370 and is all-in
gelenders99 folds
_SKR collected 410 from pot
*** SUMMARY ***
Total pot 410 | No rake
Seat 3: _SKR (small blind) (button) won 410


Winamax Poker - Tournament "Expresso Nitro" buyIn: 1.86€ + 0.14€ level: 3 - HandId: #2694500823236345857-15-1674943067 - Holdem no limit (20/40) - 2023/01/28 21:57:47 UTC
Table: 'Expresso Nitro(627362361)#0' 3-max (real money) Seat #1 is the button
Seat 1: gelenders99 (490)
Seat 3: _SKR (410)
*** ANTE/BLINDS ***
gelenders99 posts small blind 20
_SKR posts big blind 40
Dealt to _SKR [3h Th]
*** PRE-FLOP *** 
gelenders99 folds
_SKR collected 60 from pot
*** SUMMARY ***
Total pot 60 | No rake
Seat 3: _SKR (big blind) won 60


Winamax Poker - Tournament "Expresso Nitro" buyIn: 1.86€ + 0.14€ level: 3 - HandId: #2694500823236345857-16-1674943071 - Holdem no limit (20/40) - 2023/01/28 21:57:51 UTC
Table: 'Expresso Nitro(627362361)#0' 3-max (real money) Seat #3 is the button
Seat 1: gelenders99 (470)
Seat 3: _SKR (430)
*** ANTE/BLINDS ***
_SKR posts small blind 20
gelenders99 posts big blind 40
Dealt to _SKR [2s 3d]
*** PRE-FLOP *** 
_SKR folds
gelenders99 collected 60 from pot
*** SUMMARY ***
Total pot 60 | No rake
Seat 1: gelenders99 (big blind) won 60


Winamax Poker - Tournament "Expresso Nitro" buyIn: 1.86€ + 0.14€ level: 3 - HandId: #2694500823236345857-17-1674943074 - Holdem no limit (20/40) - 2023/01/28 21:57:54 UTC
Table: 'Expresso Nitro(627362361)#0' 3-max (real money) Seat #1 is the button
Seat 1: gelenders99 (490)
Seat 3: _SKR (410)
*** ANTE/BLINDS ***
gelenders99 posts small blind 20
_SKR posts big blind 40
Dealt to _SKR [3s 5s]
*** PRE-FLOP *** 
gelenders99 calls 20
_SKR checks
*** FLOP *** [9c 4h 2h]
_SKR checks
gelenders99 bets 52
_SKR calls 52
*** TURN *** [9c 4h 2h][Qc]
_SKR checks
gelenders99 checks
*** RIVER *** [9c 4h 2h Qc][8h]
_SKR bets 120
gelenders99 folds
_SKR collected 304 from pot
*** SUMMARY ***
Total pot 304 | No rake
Board: [9c 4h 2h Qc 8h]
Seat 3: _SKR (big blind) won 304


Winamax Poker - Tournament "Expresso Nitro" buyIn: 1.86€ + 0.14€ level: 3 - HandId: #2694500823236345857-18-1674943095 - Holdem no limit (20/40) - 2023/01/28 21:58:15 UTC
Table: 'Expresso Nitro(627362361)#0' 3-max (real money) Seat #3 is the button
Seat 1: gelenders99 (398)
Seat 3: _SKR (502)
*** ANTE/BLINDS ***
_SKR posts small blind 20
gelenders99 posts big blind 40
Dealt to _SKR [3s 6c]
*** PRE-FLOP *** 
_SKR folds
gelenders99 collected 60 from pot
*** SUMMARY ***
Total pot 60 | No rake
Seat 1: gelenders99 (big blind) won 60


Winamax Poker - Tournament "Expresso Nitro" buyIn: 1.86€ + 0.14€ level: 3 - HandId: #2694500823236345857-19-1674943099 - Holdem no limit (20/40) - 2023/01/28 21:58:19 UTC
Table: 'Expresso Nitro(627362361)#0' 3-max (real money) Seat #1 is the button
Seat 1: gelenders99 (418)
Seat 3: _SKR (482)
*** ANTE/BLINDS ***
gelenders99 posts small blind 20
_SKR posts big blind 40
Dealt to _SKR [8d 7h]
*** PRE-FLOP *** 
gelenders99 folds
_SKR collected 60 from pot
*** SUMMARY ***
Total pot 60 | No rake
Seat 3: _SKR (big blind) won 60


Winamax Poker - Tournament "Expresso Nitro" buyIn: 1.86€ + 0.14€ level: 3 - HandId: #2694500823236345857-20-1674943103 - Holdem no limit (20/40) - 2023/01/28 21:58:23 UTC
Table: 'Expresso Nitro(627362361)#0' 3-max (real money) Seat #3 is the button
Seat 1: gelenders99 (398)
Seat 3: _SKR (502)
*** ANTE/BLINDS ***
_SKR posts small blind 20
gelenders99 posts big blind 40
Dealt to _SKR [Js Qc]
*** PRE-FLOP *** 
_SKR raises 462 to 502 and is all-in
gelenders99 folds
_SKR collected 542 from pot
*** SUMMARY ***
Total pot 542 | No rake
Seat 3: _SKR (small blind) (button) won 542


Winamax Poker - Tournament "Expresso Nitro" buyIn: 1.86€ + 0.14€ level: 4 - HandId: #2694500823236345857-21-1674943108 - Holdem no limit (30/60) - 2023/01/28 21:58:28 UTC
Table: 'Expresso Nitro(627362361)#0' 3-max (real money) Seat #1 is the button
Seat 1: gelenders99 (358)
Seat 3: _SKR (542)
*** ANTE/BLINDS ***
gelenders99 posts small blind 30
_SKR posts big blind 60
Dealt to _SKR [6h 8d]
*** PRE-FLOP *** 
gelenders99 raises 298 to 358 and is all-in
_SKR folds
gelenders99 collected 418 from pot
*** SUMMARY ***
Total pot 418 | No rake
Seat 1: gelenders99 (small blind) (button) won 418


Winamax Poker - Tournament "Expresso Nitro" buyIn: 1.86€ + 0.14€ level: 4 - HandId: #2694500823236345857-22-1674943113 - Holdem no limit (30/60) - 2023/01/28 21:58:33 UTC
Table: 'Expresso Nitro(627362361)#0' 3-max (real money) Seat #3 is the button
Seat 1: gelenders99 (418)
Seat 3: _SKR (482)
*** ANTE/BLINDS ***
_SKR posts small blind 30
gelenders99 posts big blind 60
Dealt to _SKR [5s Kc]
*** PRE-FLOP *** 
_SKR raises 422 to 482 and is all-in
gelenders99 folds
_SKR collected 542 from pot
*** SUMMARY ***
Total pot 542 | No rake
Seat 3: _SKR (small blind) (button) won 542


Winamax Poker - Tournament "Expresso Nitro" buyIn: 1.86€ + 0.14€ level: 4 - HandId: #2694500823236345857-23-1674943119 - Holdem no limit (30/60) - 2023/01/28 21:58:39 UTC
Table: 'Expresso Nitro(627362361)#0' 3-max (real money) Seat #1 is the button
Seat 1: gelenders99 (358)
Seat 3: _SKR (542)
*** ANTE/BLINDS ***
gelenders99 posts small blind 30
_SKR posts big blind 60
Dealt to _SKR [8c Kh]
*** PRE-FLOP *** 
gelenders99 folds
_SKR collected 90 from pot
*** SUMMARY ***
Total pot 90 | No rake
Seat 3: _SKR (big blind) won 90


Winamax Poker - Tournament "Expresso Nitro" buyIn: 1.86€ + 0.14€ level: 4 - HandId: #2694500823236345857-24-1674943123 - Holdem no limit (30/60) - 2023/01/28 21:58:43 UTC
Table: 'Expresso Nitro(627362361)#0' 3-max (real money) Seat #3 is the button
Seat 1: gelenders99 (328)
Seat 3: _SKR (572)
*** ANTE/BLINDS ***
_SKR posts small blind 30
gelenders99 posts big blind 60
Dealt to _SKR [Ks 8h]
*** PRE-FLOP *** 
_SKR raises 512 to 572 and is all-in
gelenders99 folds
_SKR collected 632 from pot
*** SUMMARY ***
Total pot 632 | No rake
Seat 3: _SKR (small blind) (button) won 632


Winamax Poker - Tournament "Expresso Nitro" buyIn: 1.86€ + 0.14€ level: 4 - HandId: #2694500823236345857-25-1674943128 - Holdem no limit (30/60) - 2023/01/28 21:58:48 UTC
Table: 'Expresso Nitro(627362361)#0' 3-max (real money) Seat #1 is the button
Seat 1: gelenders99 (268)
Seat 3: _SKR (632)
*** ANTE/BLINDS ***
gelenders99 posts small blind 30
_SKR posts big blind 60
Dealt to _SKR [Ad 2s]
*** PRE-FLOP *** 
gelenders99 folds
_SKR collected 90 from pot
*** SUMMARY ***
Total pot 90 | No rake
Seat 3: _SKR (big blind) won 90


Winamax Poker - Tournament "Expresso Nitro" buyIn: 1.86€ + 0.14€ level: 4 - HandId: #2694500823236345857-26-1674943133 - Holdem no limit (30/60) - 2023/01/28 21:58:53 UTC
Table: 'Expresso Nitro(627362361)#0' 3-max (real money) Seat #3 is the button
Seat 1: gelenders99 (238)
Seat 3: _SKR (662)
*** ANTE/BLINDS ***
_SKR posts small blind 30
gelenders99 posts big blind 60
Dealt to _SKR [9s 7d]
*** PRE-FLOP *** 
_SKR folds
gelenders99 collected 90 from pot
*** SUMMARY ***
Total pot 90 | No rake
Seat 1: gelenders99 (big blind) won 90


Winamax Poker - Tournament "Expresso Nitro" buyIn: 1.86€ + 0.14€ level: 4 - HandId: #2694500823236345857-27-1674943138 - Holdem no limit (30/60) - 2023/01/28 21:58:58 UTC
Table: 'Expresso Nitro(627362361)#0' 3-max (real money) Seat #1 is the button
Seat 1: gelenders99 (268)
Seat 3: _SKR (632)
*** ANTE/BLINDS ***
gelenders99 posts small blind 30
_SKR posts big blind 60
Dealt to _SKR [7d Qd]
*** PRE-FLOP *** 
gelenders99 folds
_SKR collected 90 from pot
*** SUMMARY ***
Total pot 90 | No rake
Seat 3: _SKR (big blind) won 90


Winamax Poker - Tournament "Expresso Nitro" buyIn: 1.86€ + 0.14€ level: 4 - HandId: #2694500823236345857-28-1674943142 - Holdem no limit (30/60) - 2023/01/28 21:59:02 UTC
Table: 'Expresso Nitro(627362361)#0' 3-max (real money) Seat #3 is the button
Seat 1: gelenders99 (238)
Seat 3: _SKR (662)
*** ANTE/BLINDS ***
_SKR posts small blind 30
gelenders99 posts big blind 60
Dealt to _SKR [5s 8s]
*** PRE-FLOP *** 
_SKR raises 602 to 662 and is all-in
gelenders99 folds
_SKR collected 722 from pot
*** SUMMARY ***
Total pot 722 | No rake
Seat 3: _SKR (small blind) (button) won 722


Winamax Poker - Tournament "Expresso Nitro" buyIn: 1.86€ + 0.14€ level: 4 - HandId: #2694500823236345857-29-1674943153 - Holdem no limit (30/60) - 2023/01/28 21:59:13 UTC
Table: 'Expresso Nitro(627362361)#0' 3-max (real money) Seat #1 is the button
Seat 1: gelenders99 (178)
Seat 3: _SKR (722)
*** ANTE/BLINDS ***
gelenders99 posts small blind 30
_SKR posts big blind 60
Dealt to _SKR [Qh Ks]
*** PRE-FLOP *** 
gelenders99 folds
_SKR collected 90 from pot
*** SUMMARY ***
Total pot 90 | No rake
Seat 3: _SKR (big blind) won 90


Winamax Poker - Tournament "Expresso Nitro" buyIn: 1.86€ + 0.14€ level: 4 - HandId: #2694500823236345857-30-1674943157 - Holdem no limit (30/60) - 2023/01/28 21:59:17 UTC
Table: 'Expresso Nitro(627362361)#0' 3-max (real money) Seat #3 is the button
Seat 1: gelenders99 (148)
Seat 3: _SKR (752)
*** ANTE/BLINDS ***
_SKR posts small blind 30
gelenders99 posts big blind 60
Dealt to _SKR [8c Th]
*** PRE-FLOP *** 
_SKR raises 692 to 752 and is all-in
gelenders99 calls 88 and is all-in
*** FLOP *** [3h Kd Qc]
*** TURN *** [3h Kd Qc][Tc]
*** RIVER *** [3h Kd Qc Tc][Ac]
*** SHOW DOWN ***
gelenders99 shows [2d 3s] (One pair : 3)
_SKR shows [8c Th] (One pair : Tens)
_SKR collected 900 from pot
*** SUMMARY ***
Total pot 900 | No rake
Board: [3h Kd Qc Tc Ac]
Seat 1: gelenders99 (big blind) showed [2d 3s] and lost with One pair : 3
Seat 3: _SKR (small blind) (button) showed [8c Th] and won 900 with One pair : Tens


