Winamax Poker - Tournament "Expresso Nitro" buyIn: 0.93€ + 0.07€ level: 1 - HandId: #2675081794327412737-1-1673743319 - Holdem no limit (10/20) - 2023/01/15 00:41:59 UTC
Table: 'Expresso Nitro(622841016)#0' 3-max (real money) Seat #2 is the button
Seat 1: Sergiononno (300)
Seat 2: AAEtanikAA (300)
Seat 3: _SKR (300)
*** ANTE/BLINDS ***
_SKR posts small blind 10
Sergiononno posts big blind 20
Dealt to _SKR [Kc 4d]
*** PRE-FLOP *** 
AAEtanikAA calls 20
_SKR folds
Sergiononno checks
*** FLOP *** [3h 7c 7h]
Sergiononno checks
AAEtanikAA bets 33
Sergiononno folds
AAEtanikAA collected 83 from pot
*** SUMMARY ***
Total pot 83 | No rake
Board: [3h 7c 7h]
Seat 2: AAEtanikAA (button) won 83


Winamax Poker - Tournament "Expresso Nitro" buyIn: 0.93€ + 0.07€ level: 1 - HandId: #2675081794327412737-2-1673743339 - Holdem no limit (10/20) - 2023/01/15 00:42:19 UTC
Table: 'Expresso Nitro(622841016)#0' 3-max (real money) Seat #3 is the button
Seat 1: Sergiononno (280)
Seat 2: AAEtanikAA (330)
Seat 3: _SKR (290)
*** ANTE/BLINDS ***
Sergiononno posts small blind 10
AAEtanikAA posts big blind 20
Dealt to _SKR [3s Ah]
*** PRE-FLOP *** 
_SKR raises 270 to 290 and is all-in
Sergiononno folds
AAEtanikAA folds
_SKR collected 320 from pot
*** SUMMARY ***
Total pot 320 | No rake
Seat 3: _SKR (button) won 320


Winamax Poker - Tournament "Expresso Nitro" buyIn: 0.93€ + 0.07€ level: 1 - HandId: #2675081794327412737-3-1673743352 - Holdem no limit (10/20) - 2023/01/15 00:42:32 UTC
Table: 'Expresso Nitro(622841016)#0' 3-max (real money) Seat #1 is the button
Seat 1: Sergiononno (270)
Seat 2: AAEtanikAA (310)
Seat 3: _SKR (320)
*** ANTE/BLINDS ***
AAEtanikAA posts small blind 10
_SKR posts big blind 20
Dealt to _SKR [9d Ks]
*** PRE-FLOP *** 
Sergiononno calls 20
AAEtanikAA folds
_SKR checks
*** FLOP *** [8h 3c 7c]
_SKR checks
Sergiononno checks
*** TURN *** [8h 3c 7c][4s]
_SKR checks
Sergiononno checks
*** RIVER *** [8h 3c 7c 4s][Qs]
_SKR checks
Sergiononno checks
*** SHOW DOWN ***
_SKR shows [9d Ks] (High card : King)
Sergiononno shows [Jd Kh] (High card : King)
Sergiononno collected 50 from pot
*** SUMMARY ***
Total pot 50 | No rake
Board: [8h 3c 7c 4s Qs]
Seat 1: Sergiononno (button) showed [Jd Kh] and won 50 with High card : King
Seat 3: _SKR (big blind) showed [9d Ks] and lost with High card : King


Winamax Poker - Tournament "Expresso Nitro" buyIn: 0.93€ + 0.07€ level: 2 - HandId: #2675081794327412737-4-1673743405 - Holdem no limit (15/30) - 2023/01/15 00:43:25 UTC
Table: 'Expresso Nitro(622841016)#0' 3-max (real money) Seat #2 is the button
Seat 1: Sergiononno (300)
Seat 2: AAEtanikAA (300)
Seat 3: _SKR (300)
*** ANTE/BLINDS ***
_SKR posts small blind 15
Sergiononno posts big blind 30
Dealt to _SKR [2c Jh]
*** PRE-FLOP *** 
AAEtanikAA folds
_SKR folds
Sergiononno collected 45 from pot
*** SUMMARY ***
Total pot 45 | No rake
Seat 1: Sergiononno (big blind) won 45


Winamax Poker - Tournament "Expresso Nitro" buyIn: 0.93€ + 0.07€ level: 2 - HandId: #2675081794327412737-5-1673743412 - Holdem no limit (15/30) - 2023/01/15 00:43:32 UTC
Table: 'Expresso Nitro(622841016)#0' 3-max (real money) Seat #3 is the button
Seat 1: Sergiononno (315)
Seat 2: AAEtanikAA (300)
Seat 3: _SKR (285)
*** ANTE/BLINDS ***
Sergiononno posts small blind 15
AAEtanikAA posts big blind 30
Dealt to _SKR [7h Th]
*** PRE-FLOP *** 
_SKR folds
Sergiononno calls 15
AAEtanikAA checks
*** FLOP *** [9s 5d 6s]
Sergiononno checks
AAEtanikAA checks
*** TURN *** [9s 5d 6s][9c]
Sergiononno bets 30
AAEtanikAA calls 30
*** RIVER *** [9s 5d 6s 9c][Qh]
Sergiononno checks
AAEtanikAA checks
*** SHOW DOWN ***
Sergiononno shows [Td 2d] (One pair : 9)
AAEtanikAA shows [7s Ks] (One pair : 9)
AAEtanikAA collected 120 from pot
*** SUMMARY ***
Total pot 120 | No rake
Board: [9s 5d 6s 9c Qh]
Seat 1: Sergiononno (small blind) showed [Td 2d] and lost with One pair : 9
Seat 2: AAEtanikAA (big blind) showed [7s Ks] and won 120 with One pair : 9


Winamax Poker - Tournament "Expresso Nitro" buyIn: 0.93€ + 0.07€ level: 3 - HandId: #2675081794327412737-6-1673743436 - Holdem no limit (20/40) - 2023/01/15 00:43:56 UTC
Table: 'Expresso Nitro(622841016)#0' 3-max (real money) Seat #1 is the button
Seat 1: Sergiononno (255)
Seat 2: AAEtanikAA (360)
Seat 3: _SKR (285)
*** ANTE/BLINDS ***
AAEtanikAA posts small blind 20
_SKR posts big blind 40
Dealt to _SKR [4h Ah]
*** PRE-FLOP *** 
Sergiononno calls 40
AAEtanikAA folds
_SKR raises 245 to 285 and is all-in
Sergiononno calls 215 and is all-in
*** FLOP *** [8h Jh 7d]
*** TURN *** [8h Jh 7d][7h]
*** RIVER *** [8h Jh 7d 7h][3s]
*** SHOW DOWN ***
Sergiononno shows [Ts Qs] (One pair : 7)
_SKR shows [4h Ah] (Flush Ace high)
_SKR collected 560 from pot
*** SUMMARY ***
Total pot 560 | No rake
Board: [8h Jh 7d 7h 3s]
Seat 1: Sergiononno (button) showed [Ts Qs] and lost with One pair : 7
Seat 3: _SKR (big blind) showed [4h Ah] and won 560 with Flush Ace high


Winamax Poker - Tournament "Expresso Nitro" buyIn: 0.93€ + 0.07€ level: 3 - HandId: #2675081794327412737-7-1673743457 - Holdem no limit (20/40) - 2023/01/15 00:44:17 UTC
Table: 'Expresso Nitro(622841016)#0' 3-max (real money) Seat #3 is the button
Seat 2: AAEtanikAA (340)
Seat 3: _SKR (560)
*** ANTE/BLINDS ***
_SKR posts small blind 20
AAEtanikAA posts big blind 40
Dealt to _SKR [5d 5s]
*** PRE-FLOP *** 
_SKR raises 520 to 560 and is all-in
AAEtanikAA folds
_SKR collected 600 from pot
*** SUMMARY ***
Total pot 600 | No rake
Seat 3: _SKR (small blind) (button) won 600


Winamax Poker - Tournament "Expresso Nitro" buyIn: 0.93€ + 0.07€ level: 3 - HandId: #2675081794327412737-8-1673743464 - Holdem no limit (20/40) - 2023/01/15 00:44:24 UTC
Table: 'Expresso Nitro(622841016)#0' 3-max (real money) Seat #2 is the button
Seat 2: AAEtanikAA (300)
Seat 3: _SKR (600)
*** ANTE/BLINDS ***
AAEtanikAA posts small blind 20
_SKR posts big blind 40
Dealt to _SKR [Qs 8c]
*** PRE-FLOP *** 
AAEtanikAA calls 20
_SKR raises 560 to 600 and is all-in
AAEtanikAA folds
_SKR collected 640 from pot
*** SUMMARY ***
Total pot 640 | No rake
Seat 3: _SKR (big blind) won 640


Winamax Poker - Tournament "Expresso Nitro" buyIn: 0.93€ + 0.07€ level: 3 - HandId: #2675081794327412737-9-1673743478 - Holdem no limit (20/40) - 2023/01/15 00:44:38 UTC
Table: 'Expresso Nitro(622841016)#0' 3-max (real money) Seat #3 is the button
Seat 2: AAEtanikAA (260)
Seat 3: _SKR (640)
*** ANTE/BLINDS ***
_SKR posts small blind 20
AAEtanikAA posts big blind 40
Dealt to _SKR [6d Tc]
*** PRE-FLOP *** 
_SKR folds
AAEtanikAA collected 60 from pot
*** SUMMARY ***
Total pot 60 | No rake
Seat 2: AAEtanikAA (big blind) won 60


Winamax Poker - Tournament "Expresso Nitro" buyIn: 0.93€ + 0.07€ level: 3 - HandId: #2675081794327412737-10-1673743482 - Holdem no limit (20/40) - 2023/01/15 00:44:42 UTC
Table: 'Expresso Nitro(622841016)#0' 3-max (real money) Seat #2 is the button
Seat 2: AAEtanikAA (280)
Seat 3: _SKR (620)
*** ANTE/BLINDS ***
AAEtanikAA posts small blind 20
_SKR posts big blind 40
Dealt to _SKR [3s Ad]
*** PRE-FLOP *** 
AAEtanikAA folds
_SKR collected 60 from pot
*** SUMMARY ***
Total pot 60 | No rake
Seat 3: _SKR (big blind) won 60


Winamax Poker - Tournament "Expresso Nitro" buyIn: 0.93€ + 0.07€ level: 3 - HandId: #2675081794327412737-11-1673743492 - Holdem no limit (20/40) - 2023/01/15 00:44:52 UTC
Table: 'Expresso Nitro(622841016)#0' 3-max (real money) Seat #3 is the button
Seat 2: AAEtanikAA (260)
Seat 3: _SKR (640)
*** ANTE/BLINDS ***
_SKR posts small blind 20
AAEtanikAA posts big blind 40
Dealt to _SKR [4d Js]
*** PRE-FLOP *** 
_SKR folds
AAEtanikAA collected 60 from pot
*** SUMMARY ***
Total pot 60 | No rake
Seat 2: AAEtanikAA (big blind) won 60


Winamax Poker - Tournament "Expresso Nitro" buyIn: 0.93€ + 0.07€ level: 4 - HandId: #2675081794327412737-12-1673743504 - Holdem no limit (30/60) - 2023/01/15 00:45:04 UTC
Table: 'Expresso Nitro(622841016)#0' 3-max (real money) Seat #2 is the button
Seat 2: AAEtanikAA (280)
Seat 3: _SKR (620)
*** ANTE/BLINDS ***
AAEtanikAA posts small blind 30
_SKR posts big blind 60
Dealt to _SKR [Jh 3s]
*** PRE-FLOP *** 
AAEtanikAA folds
_SKR collected 90 from pot
*** SUMMARY ***
Total pot 90 | No rake
Seat 3: _SKR (big blind) won 90


Winamax Poker - Tournament "Expresso Nitro" buyIn: 0.93€ + 0.07€ level: 4 - HandId: #2675081794327412737-13-1673743513 - Holdem no limit (30/60) - 2023/01/15 00:45:13 UTC
Table: 'Expresso Nitro(622841016)#0' 3-max (real money) Seat #3 is the button
Seat 2: AAEtanikAA (250)
Seat 3: _SKR (650)
*** ANTE/BLINDS ***
_SKR posts small blind 30
AAEtanikAA posts big blind 60
Dealt to _SKR [Qs 7c]
*** PRE-FLOP *** 
_SKR raises 590 to 650 and is all-in
AAEtanikAA folds
_SKR collected 710 from pot
*** SUMMARY ***
Total pot 710 | No rake
Seat 3: _SKR (small blind) (button) won 710


Winamax Poker - Tournament "Expresso Nitro" buyIn: 0.93€ + 0.07€ level: 4 - HandId: #2675081794327412737-14-1673743521 - Holdem no limit (30/60) - 2023/01/15 00:45:21 UTC
Table: 'Expresso Nitro(622841016)#0' 3-max (real money) Seat #2 is the button
Seat 2: AAEtanikAA (190)
Seat 3: _SKR (710)
*** ANTE/BLINDS ***
AAEtanikAA posts small blind 30
_SKR posts big blind 60
Dealt to _SKR [4c Kh]
*** PRE-FLOP *** 
AAEtanikAA raises 130 to 190 and is all-in
_SKR calls 130
*** FLOP *** [Jc 7c 2c]
*** TURN *** [Jc 7c 2c][Js]
*** RIVER *** [Jc 7c 2c Js][Jh]
*** SHOW DOWN ***
AAEtanikAA shows [3s Qs] (Trips of Jacks)
_SKR shows [4c Kh] (Trips of Jacks)
_SKR collected 380 from pot
*** SUMMARY ***
Total pot 380 | No rake
Board: [Jc 7c 2c Js Jh]
Seat 2: AAEtanikAA (small blind) (button) showed [3s Qs] and lost with Trips of Jacks
Seat 3: _SKR (big blind) showed [4c Kh] and won 380 with Trips of Jacks


