Winamax Poker - Tournament "Expresso Nitro" buyIn: 0.93€ + 0.07€ level: 1 - HandId: #2661428411121008641-1-1673012780 - Holdem no limit (10/20) - 2023/01/06 13:46:20 UTC
Table: 'Expresso Nitro(619662090)#0' 3-max (real money) Seat #1 is the button
Seat 1: _SKR (300)
Seat 2: joke5522 (300)
Seat 3: Teytey7 (300)
*** ANTE/BLINDS ***
joke5522 posts small blind 10
Teytey7 posts big blind 20
Dealt to _SKR [Ah 4h]
*** PRE-FLOP *** 
_SKR raises 280 to 300 and is all-in
joke5522 folds
Teytey7 folds
_SKR collected 330 from pot
*** SUMMARY ***
Total pot 330 | No rake
Seat 1: _SKR (button) won 330


Winamax Poker - Tournament "Expresso Nitro" buyIn: 0.93€ + 0.07€ level: 1 - HandId: #2661428411121008641-2-1673012791 - Holdem no limit (10/20) - 2023/01/06 13:46:31 UTC
Table: 'Expresso Nitro(619662090)#0' 3-max (real money) Seat #2 is the button
Seat 1: _SKR (330)
Seat 2: joke5522 (290)
Seat 3: Teytey7 (280)
*** ANTE/BLINDS ***
Teytey7 posts small blind 10
_SKR posts big blind 20
Dealt to _SKR [9h 5s]
*** PRE-FLOP *** 
joke5522 folds
Teytey7 calls 10
_SKR checks
*** FLOP *** [6h Jc 3d]
Teytey7 checks
_SKR checks
*** TURN *** [6h Jc 3d][4c]
Teytey7 checks
_SKR checks
*** RIVER *** [6h Jc 3d 4c][8c]
Teytey7 bets 40
_SKR folds
Teytey7 collected 80 from pot
*** SUMMARY ***
Total pot 80 | No rake
Board: [6h Jc 3d 4c 8c]
Seat 3: Teytey7 (small blind) won 80


Winamax Poker - Tournament "Expresso Nitro" buyIn: 0.93€ + 0.07€ level: 1 - HandId: #2661428411121008641-3-1673012827 - Holdem no limit (10/20) - 2023/01/06 13:47:07 UTC
Table: 'Expresso Nitro(619662090)#0' 3-max (real money) Seat #3 is the button
Seat 1: _SKR (310)
Seat 2: joke5522 (290)
Seat 3: Teytey7 (300)
*** ANTE/BLINDS ***
_SKR posts small blind 10
joke5522 posts big blind 20
Dealt to _SKR [Jh 4c]
*** PRE-FLOP *** 
Teytey7 raises 20 to 40
_SKR folds
joke5522 raises 250 to 290 and is all-in
Teytey7 raises 10 to 300 and is all-in
*** FLOP *** [Tc 8s 6d]
*** TURN *** [Tc 8s 6d][Ah]
*** RIVER *** [Tc 8s 6d Ah][6c]
*** SHOW DOWN ***
joke5522 shows [8h Ac] (Two pairs : Aces and 8)
Teytey7 shows [Qh 8c] (Two pairs : 8 and 6)
Teytey7 collected 10 from side pot 1
joke5522 collected 590 from main pot
*** SUMMARY ***
Total pot 600 | No rake
Board: [Tc 8s 6d Ah 6c]
Seat 2: joke5522 (big blind) showed [8h Ac] and won 590 with Two pairs : Aces and 8
Seat 3: Teytey7 (button) showed [Qh 8c] and won 10 with Two pairs : 8 and 6


Winamax Poker - Tournament "Expresso Nitro" buyIn: 0.93€ + 0.07€ level: 2 - HandId: #2661428411121008641-4-1673012863 - Holdem no limit (15/30) - 2023/01/06 13:47:43 UTC
Table: 'Expresso Nitro(619662090)#0' 3-max (real money) Seat #1 is the button
Seat 1: _SKR (300)
Seat 2: joke5522 (590)
Seat 3: Teytey7 (10)
*** ANTE/BLINDS ***
joke5522 posts small blind 15
Teytey7 posts big blind 10 and is all-in
Dealt to _SKR [4h Ah]
*** PRE-FLOP *** 
_SKR raises 285 to 300 and is all-in
joke5522 raises 290 to 590 and is all-in
*** FLOP *** [4d 6h Td]
*** TURN *** [4d 6h Td][Ad]
*** RIVER *** [4d 6h Td Ad][3c]
*** SHOW DOWN ***
_SKR shows [4h Ah] (Two pairs : Aces and 4)
joke5522 shows [As Kh] (One pair : Aces)
Teytey7 shows [3d 6d] (Flush Ace high)
Teytey7 collected 30 from main pot
joke5522 collected 290 from side pot 2
_SKR collected 580 from side pot 1
*** SUMMARY ***
Total pot 900 | No rake
Board: [4d 6h Td Ad 3c]
Seat 1: _SKR (button) showed [4h Ah] and won 580 with Two pairs : Aces and 4
Seat 2: joke5522 (small blind) showed [As Kh] and won 290 with One pair : Aces
Seat 3: Teytey7 (big blind) showed [3d 6d] and won 30 with Flush Ace high


Winamax Poker - Tournament "Expresso Nitro" buyIn: 0.93€ + 0.07€ level: 2 - HandId: #2661428411121008641-5-1673012885 - Holdem no limit (15/30) - 2023/01/06 13:48:05 UTC
Table: 'Expresso Nitro(619662090)#0' 3-max (real money) Seat #2 is the button
Seat 1: _SKR (580)
Seat 2: joke5522 (290)
Seat 3: Teytey7 (30)
*** ANTE/BLINDS ***
Teytey7 posts small blind 15
_SKR posts big blind 30
Dealt to _SKR [6c 7d]
*** PRE-FLOP *** 
joke5522 folds
Teytey7 calls 15 and is all-in
*** FLOP *** [8d 3d Td]
*** TURN *** [8d 3d Td][6d]
*** RIVER *** [8d 3d Td 6d][8s]
*** SHOW DOWN ***
Teytey7 shows [Ah 9h] (One pair : 8)
_SKR shows [6c 7d] (Flush Ten high)
_SKR collected 60 from pot
*** SUMMARY ***
Total pot 60 | No rake
Board: [8d 3d Td 6d 8s]
Seat 1: _SKR (big blind) showed [6c 7d] and won 60 with Flush Ten high
Seat 3: Teytey7 (small blind) showed [Ah 9h] and lost with One pair : 8


Winamax Poker - Tournament "Expresso Nitro" buyIn: 0.93€ + 0.07€ level: 3 - HandId: #2661428411121008641-6-1673012907 - Holdem no limit (20/40) - 2023/01/06 13:48:27 UTC
Table: 'Expresso Nitro(619662090)#0' 3-max (real money) Seat #1 is the button
Seat 1: _SKR (610)
Seat 2: joke5522 (290)
*** ANTE/BLINDS ***
_SKR posts small blind 20
joke5522 posts big blind 40
Dealt to _SKR [Ks 3h]
*** PRE-FLOP *** 
_SKR raises 570 to 610 and is all-in
joke5522 folds
_SKR collected 650 from pot
*** SUMMARY ***
Total pot 650 | No rake
Seat 1: _SKR (small blind) (button) won 650


Winamax Poker - Tournament "Expresso Nitro" buyIn: 0.93€ + 0.07€ level: 3 - HandId: #2661428411121008641-7-1673012917 - Holdem no limit (20/40) - 2023/01/06 13:48:37 UTC
Table: 'Expresso Nitro(619662090)#0' 3-max (real money) Seat #2 is the button
Seat 1: _SKR (650)
Seat 2: joke5522 (250)
*** ANTE/BLINDS ***
joke5522 posts small blind 20
_SKR posts big blind 40
Dealt to _SKR [Th Ac]
*** PRE-FLOP *** 
joke5522 calls 20
_SKR raises 610 to 650 and is all-in
joke5522 folds
_SKR collected 690 from pot
*** SUMMARY ***
Total pot 690 | No rake
Seat 1: _SKR (big blind) won 690


Winamax Poker - Tournament "Expresso Nitro" buyIn: 0.93€ + 0.07€ level: 3 - HandId: #2661428411121008641-8-1673012928 - Holdem no limit (20/40) - 2023/01/06 13:48:48 UTC
Table: 'Expresso Nitro(619662090)#0' 3-max (real money) Seat #1 is the button
Seat 1: _SKR (690)
Seat 2: joke5522 (210)
*** ANTE/BLINDS ***
_SKR posts small blind 20
joke5522 posts big blind 40
Dealt to _SKR [Ad 6c]
*** PRE-FLOP *** 
_SKR raises 650 to 690 and is all-in
joke5522 folds
_SKR collected 730 from pot
*** SUMMARY ***
Total pot 730 | No rake
Seat 1: _SKR (small blind) (button) won 730


Winamax Poker - Tournament "Expresso Nitro" buyIn: 0.93€ + 0.07€ level: 3 - HandId: #2661428411121008641-9-1673012945 - Holdem no limit (20/40) - 2023/01/06 13:49:05 UTC
Table: 'Expresso Nitro(619662090)#0' 3-max (real money) Seat #2 is the button
Seat 1: _SKR (730)
Seat 2: joke5522 (170)
*** ANTE/BLINDS ***
joke5522 posts small blind 20
_SKR posts big blind 40
Dealt to _SKR [Jc 3c]
*** PRE-FLOP *** 
joke5522 raises 130 to 170 and is all-in
_SKR folds
joke5522 collected 210 from pot
*** SUMMARY ***
Total pot 210 | No rake
Seat 2: joke5522 (small blind) (button) won 210


Winamax Poker - Tournament "Expresso Nitro" buyIn: 0.93€ + 0.07€ level: 4 - HandId: #2661428411121008641-10-1673012957 - Holdem no limit (30/60) - 2023/01/06 13:49:17 UTC
Table: 'Expresso Nitro(619662090)#0' 3-max (real money) Seat #1 is the button
Seat 1: _SKR (690)
Seat 2: joke5522 (210)
*** ANTE/BLINDS ***
_SKR posts small blind 30
joke5522 posts big blind 60
Dealt to _SKR [5h 3h]
*** PRE-FLOP *** 
_SKR folds
joke5522 collected 90 from pot
*** SUMMARY ***
Total pot 90 | No rake
Seat 2: joke5522 (big blind) won 90


Winamax Poker - Tournament "Expresso Nitro" buyIn: 0.93€ + 0.07€ level: 4 - HandId: #2661428411121008641-11-1673012961 - Holdem no limit (30/60) - 2023/01/06 13:49:21 UTC
Table: 'Expresso Nitro(619662090)#0' 3-max (real money) Seat #2 is the button
Seat 1: _SKR (660)
Seat 2: joke5522 (240)
*** ANTE/BLINDS ***
joke5522 posts small blind 30
_SKR posts big blind 60
Dealt to _SKR [Ks 6h]
*** PRE-FLOP *** 
joke5522 raises 180 to 240 and is all-in
_SKR calls 180
*** FLOP *** [Js Kc 4h]
*** TURN *** [Js Kc 4h][8c]
*** RIVER *** [Js Kc 4h 8c][7h]
*** SHOW DOWN ***
joke5522 shows [6d Ad] (High card : Ace)
_SKR shows [Ks 6h] (One pair : Kings)
_SKR collected 480 from pot
*** SUMMARY ***
Total pot 480 | No rake
Board: [Js Kc 4h 8c 7h]
Seat 1: _SKR (big blind) showed [Ks 6h] and won 480 with One pair : Kings
Seat 2: joke5522 (small blind) (button) showed [6d Ad] and lost with High card : Ace


