Winamax Poker - Tournament "Expresso Nitro" buyIn: 1.86€ + 0.14€ level: 1 - HandId: #2696834772889501697-1-1675099946 - Holdem no limit (10/20) - 2023/01/30 17:32:26 UTC
Table: 'Expresso Nitro(627905776)#0' 3-max (real money) Seat #3 is the button
Seat 1: dogelone (300)
Seat 2: syl202020 (300)
Seat 3: _SKR (300)
*** ANTE/BLINDS ***
dogelone posts small blind 10
syl202020 posts big blind 20
Dealt to _SKR [5h Qs]
*** PRE-FLOP *** 
_SKR folds
dogelone folds
syl202020 collected 30 from pot
*** SUMMARY ***
Total pot 30 | No rake
Seat 2: syl202020 (big blind) won 30


Winamax Poker - Tournament "Expresso Nitro" buyIn: 1.86€ + 0.14€ level: 1 - HandId: #2696834772889501697-2-1675099953 - Holdem no limit (10/20) - 2023/01/30 17:32:33 UTC
Table: 'Expresso Nitro(627905776)#0' 3-max (real money) Seat #1 is the button
Seat 1: dogelone (290)
Seat 2: syl202020 (310)
Seat 3: _SKR (300)
*** ANTE/BLINDS ***
syl202020 posts small blind 10
_SKR posts big blind 20
Dealt to _SKR [6h 3c]
*** PRE-FLOP *** 
dogelone raises 270 to 290 and is all-in
syl202020 folds
_SKR folds
dogelone collected 320 from pot
*** SUMMARY ***
Total pot 320 | No rake
Seat 1: dogelone (button) won 320


Winamax Poker - Tournament "Expresso Nitro" buyIn: 1.86€ + 0.14€ level: 1 - HandId: #2696834772889501697-3-1675099963 - Holdem no limit (10/20) - 2023/01/30 17:32:43 UTC
Table: 'Expresso Nitro(627905776)#0' 3-max (real money) Seat #2 is the button
Seat 1: dogelone (320)
Seat 2: syl202020 (300)
Seat 3: _SKR (280)
*** ANTE/BLINDS ***
_SKR posts small blind 10
dogelone posts big blind 20
Dealt to _SKR [Qs Qd]
*** PRE-FLOP *** 
syl202020 folds
_SKR raises 20 to 40
dogelone folds
_SKR collected 60 from pot
*** SUMMARY ***
Total pot 60 | No rake
Seat 3: _SKR (small blind) won 60


Winamax Poker - Tournament "Expresso Nitro" buyIn: 1.86€ + 0.14€ level: 1 - HandId: #2696834772889501697-4-1675099977 - Holdem no limit (10/20) - 2023/01/30 17:32:57 UTC
Table: 'Expresso Nitro(627905776)#0' 3-max (real money) Seat #3 is the button
Seat 1: dogelone (300)
Seat 2: syl202020 (300)
Seat 3: _SKR (300)
*** ANTE/BLINDS ***
dogelone posts small blind 10
syl202020 posts big blind 20
Dealt to _SKR [Jc 5h]
*** PRE-FLOP *** 
_SKR folds
dogelone folds
syl202020 collected 30 from pot
*** SUMMARY ***
Total pot 30 | No rake
Seat 2: syl202020 (big blind) won 30


Winamax Poker - Tournament "Expresso Nitro" buyIn: 1.86€ + 0.14€ level: 1 - HandId: #2696834772889501697-5-1675099985 - Holdem no limit (10/20) - 2023/01/30 17:33:05 UTC
Table: 'Expresso Nitro(627905776)#0' 3-max (real money) Seat #1 is the button
Seat 1: dogelone (290)
Seat 2: syl202020 (310)
Seat 3: _SKR (300)
*** ANTE/BLINDS ***
syl202020 posts small blind 10
_SKR posts big blind 20
Dealt to _SKR [Td As]
*** PRE-FLOP *** 
dogelone folds
syl202020 folds
_SKR collected 30 from pot
*** SUMMARY ***
Total pot 30 | No rake
Seat 3: _SKR (big blind) won 30


Winamax Poker - Tournament "Expresso Nitro" buyIn: 1.86€ + 0.14€ level: 1 - HandId: #2696834772889501697-6-1675099991 - Holdem no limit (10/20) - 2023/01/30 17:33:11 UTC
Table: 'Expresso Nitro(627905776)#0' 3-max (real money) Seat #2 is the button
Seat 1: dogelone (290)
Seat 2: syl202020 (300)
Seat 3: _SKR (310)
*** ANTE/BLINDS ***
_SKR posts small blind 10
dogelone posts big blind 20
Dealt to _SKR [2s Ah]
*** PRE-FLOP *** 
syl202020 folds
_SKR raises 290 to 310 and is all-in
dogelone folds
_SKR collected 330 from pot
*** SUMMARY ***
Total pot 330 | No rake
Seat 3: _SKR (small blind) won 330


Winamax Poker - Tournament "Expresso Nitro" buyIn: 1.86€ + 0.14€ level: 2 - HandId: #2696834772889501697-7-1675100002 - Holdem no limit (15/30) - 2023/01/30 17:33:22 UTC
Table: 'Expresso Nitro(627905776)#0' 3-max (real money) Seat #3 is the button
Seat 1: dogelone (270)
Seat 2: syl202020 (300)
Seat 3: _SKR (330)
*** ANTE/BLINDS ***
dogelone posts small blind 15
syl202020 posts big blind 30
Dealt to _SKR [2h 7d]
*** PRE-FLOP *** 
_SKR folds
dogelone calls 15
syl202020 checks
*** FLOP *** [Qc 2c 3d]
dogelone checks
syl202020 bets 33
dogelone calls 33
*** TURN *** [Qc 2c 3d][8d]
dogelone checks
syl202020 bets 63
dogelone calls 63
*** RIVER *** [Qc 2c 3d 8d][Tc]
dogelone bets 144 and is all-in
syl202020 folds
dogelone collected 396 from pot
*** SUMMARY ***
Total pot 396 | No rake
Board: [Qc 2c 3d 8d Tc]
Seat 1: dogelone (small blind) won 396


Winamax Poker - Tournament "Expresso Nitro" buyIn: 1.86€ + 0.14€ level: 2 - HandId: #2696834772889501697-8-1675100035 - Holdem no limit (15/30) - 2023/01/30 17:33:55 UTC
Table: 'Expresso Nitro(627905776)#0' 3-max (real money) Seat #1 is the button
Seat 1: dogelone (396)
Seat 2: syl202020 (174)
Seat 3: _SKR (330)
*** ANTE/BLINDS ***
syl202020 posts small blind 15
_SKR posts big blind 30
Dealt to _SKR [Qh 2h]
*** PRE-FLOP *** 
dogelone folds
syl202020 raises 144 to 174 and is all-in
_SKR folds
syl202020 collected 204 from pot
*** SUMMARY ***
Total pot 204 | No rake
Seat 2: syl202020 (small blind) won 204


Winamax Poker - Tournament "Expresso Nitro" buyIn: 1.86€ + 0.14€ level: 2 - HandId: #2696834772889501697-9-1675100051 - Holdem no limit (15/30) - 2023/01/30 17:34:11 UTC
Table: 'Expresso Nitro(627905776)#0' 3-max (real money) Seat #2 is the button
Seat 1: dogelone (396)
Seat 2: syl202020 (204)
Seat 3: _SKR (300)
*** ANTE/BLINDS ***
_SKR posts small blind 15
dogelone posts big blind 30
Dealt to _SKR [4d 5s]
*** PRE-FLOP *** 
syl202020 folds
_SKR folds
dogelone collected 45 from pot
*** SUMMARY ***
Total pot 45 | No rake
Seat 1: dogelone (big blind) won 45


Winamax Poker - Tournament "Expresso Nitro" buyIn: 1.86€ + 0.14€ level: 2 - HandId: #2696834772889501697-10-1675100060 - Holdem no limit (15/30) - 2023/01/30 17:34:20 UTC
Table: 'Expresso Nitro(627905776)#0' 3-max (real money) Seat #3 is the button
Seat 1: dogelone (411)
Seat 2: syl202020 (204)
Seat 3: _SKR (285)
*** ANTE/BLINDS ***
dogelone posts small blind 15
syl202020 posts big blind 30
Dealt to _SKR [6d Jd]
*** PRE-FLOP *** 
_SKR folds
dogelone calls 15
syl202020 checks
*** FLOP *** [8h 9c Ah]
dogelone bets 60
syl202020 folds
dogelone collected 120 from pot
*** SUMMARY ***
Total pot 120 | No rake
Board: [8h 9c Ah]
Seat 1: dogelone (small blind) won 120


Winamax Poker - Tournament "Expresso Nitro" buyIn: 1.86€ + 0.14€ level: 3 - HandId: #2696834772889501697-11-1675100076 - Holdem no limit (20/40) - 2023/01/30 17:34:36 UTC
Table: 'Expresso Nitro(627905776)#0' 3-max (real money) Seat #1 is the button
Seat 1: dogelone (441)
Seat 2: syl202020 (174)
Seat 3: _SKR (285)
*** ANTE/BLINDS ***
syl202020 posts small blind 20
_SKR posts big blind 40
Dealt to _SKR [4d 7d]
*** PRE-FLOP *** 
dogelone calls 40
syl202020 raises 134 to 174 and is all-in
_SKR folds
dogelone raises 267 to 441 and is all-in
*** FLOP *** [Th Ts 3h]
*** TURN *** [Th Ts 3h][Jd]
*** RIVER *** [Th Ts 3h Jd][2c]
*** SHOW DOWN ***
dogelone shows [Ah 5d] (One pair : Tens)
syl202020 shows [Kh Jc] (Two pairs : Jacks and Tens)
syl202020 collected 388 from main pot
dogelone collected 267 from side pot 1
*** SUMMARY ***
Total pot 655 | No rake
Board: [Th Ts 3h Jd 2c]
Seat 1: dogelone (button) showed [Ah 5d] and won 267 with One pair : Tens
Seat 2: syl202020 (small blind) showed [Kh Jc] and won 388 with Two pairs : Jacks and Tens


Winamax Poker - Tournament "Expresso Nitro" buyIn: 1.86€ + 0.14€ level: 3 - HandId: #2696834772889501697-12-1675100098 - Holdem no limit (20/40) - 2023/01/30 17:34:58 UTC
Table: 'Expresso Nitro(627905776)#0' 3-max (real money) Seat #2 is the button
Seat 1: dogelone (267)
Seat 2: syl202020 (388)
Seat 3: _SKR (245)
*** ANTE/BLINDS ***
_SKR posts small blind 20
dogelone posts big blind 40
Dealt to _SKR [6c Ks]
*** PRE-FLOP *** 
syl202020 raises 348 to 388 and is all-in
_SKR folds
dogelone calls 227 and is all-in
*** FLOP *** [3d 3s 4c]
*** TURN *** [3d 3s 4c][Kh]
*** RIVER *** [3d 3s 4c Kh][Kc]
*** SHOW DOWN ***
dogelone shows [Kd 7h] (Full of Kings and 3)
syl202020 shows [Jc 9s] (Two pairs : Kings and 3)
syl202020 collected 121 from side pot 1
dogelone collected 554 from main pot
*** SUMMARY ***
Total pot 675 | No rake
Board: [3d 3s 4c Kh Kc]
Seat 1: dogelone (big blind) showed [Kd 7h] and won 554 with Full of Kings and 3
Seat 2: syl202020 (button) showed [Jc 9s] and won 121 with Two pairs : Kings and 3


Winamax Poker - Tournament "Expresso Nitro" buyIn: 1.86€ + 0.14€ level: 3 - HandId: #2696834772889501697-13-1675100114 - Holdem no limit (20/40) - 2023/01/30 17:35:14 UTC
Table: 'Expresso Nitro(627905776)#0' 3-max (real money) Seat #3 is the button
Seat 1: dogelone (554)
Seat 2: syl202020 (121)
Seat 3: _SKR (225)
*** ANTE/BLINDS ***
dogelone posts small blind 20
syl202020 posts big blind 40
Dealt to _SKR [Kd Td]
*** PRE-FLOP *** 
_SKR raises 185 to 225 and is all-in
dogelone raises 329 to 554 and is all-in
syl202020 calls 81 and is all-in
*** FLOP *** [8h 4c 7d]
*** TURN *** [8h 4c 7d][Jd]
*** RIVER *** [8h 4c 7d Jd][8d]
*** SHOW DOWN ***
syl202020 shows [Ac Ad] (Two pairs : Aces and 8)
dogelone shows [Kc 9h] (One pair : 8)
_SKR shows [Kd Td] (Flush King high)
_SKR collected 571 from main pot
dogelone collected 329 from side pot 1
*** SUMMARY ***
Total pot 900 | No rake
Board: [8h 4c 7d Jd 8d]
Seat 1: dogelone (small blind) showed [Kc 9h] and won 329 with One pair : 8
Seat 2: syl202020 (big blind) showed [Ac Ad] and lost with Two pairs : Aces and 8
Seat 3: _SKR (button) showed [Kd Td] and won 571 with Flush King high


Winamax Poker - Tournament "Expresso Nitro" buyIn: 1.86€ + 0.14€ level: 4 - HandId: #2696834772889501697-14-1675100132 - Holdem no limit (30/60) - 2023/01/30 17:35:32 UTC
Table: 'Expresso Nitro(627905776)#0' 3-max (real money) Seat #3 is the button
Seat 1: dogelone (329)
Seat 3: _SKR (571)
*** ANTE/BLINDS ***
_SKR posts small blind 30
dogelone posts big blind 60
Dealt to _SKR [3d 4d]
*** PRE-FLOP *** 
_SKR folds
dogelone collected 90 from pot
*** SUMMARY ***
Total pot 90 | No rake
Seat 1: dogelone (big blind) won 90


Winamax Poker - Tournament "Expresso Nitro" buyIn: 1.86€ + 0.14€ level: 4 - HandId: #2696834772889501697-15-1675100142 - Holdem no limit (30/60) - 2023/01/30 17:35:42 UTC
Table: 'Expresso Nitro(627905776)#0' 3-max (real money) Seat #1 is the button
Seat 1: dogelone (359)
Seat 3: _SKR (541)
*** ANTE/BLINDS ***
dogelone posts small blind 30
_SKR posts big blind 60
Dealt to _SKR [Qs Qd]
*** PRE-FLOP *** 
dogelone calls 30
_SKR raises 481 to 541 and is all-in
dogelone calls 299 and is all-in
*** FLOP *** [2c 2s Jh]
*** TURN *** [2c 2s Jh][Qh]
*** RIVER *** [2c 2s Jh Qh][5c]
*** SHOW DOWN ***
dogelone shows [4d 7d] (One pair : 2)
_SKR shows [Qs Qd] (Full of Queens and 2)
_SKR collected 900 from pot
*** SUMMARY ***
Total pot 900 | No rake
Board: [2c 2s Jh Qh 5c]
Seat 1: dogelone (small blind) (button) showed [4d 7d] and lost with One pair : 2
Seat 3: _SKR (big blind) showed [Qs Qd] and won 900 with Full of Queens and 2


