Winamax Poker - Tournament "Expresso Nitro" buyIn: 1.86€ + 0.14€ level: 1 - HandId: #2698125260238094337-1-1675181834 - Holdem no limit (10/20) - 2023/01/31 16:17:14 UTC
Table: 'Expresso Nitro(628206241)#0' 3-max (real money) Seat #3 is the button
Seat 1: Perceval4757 (300)
Seat 2: _SKR (300)
Seat 3: Eva Lovia (300)
*** ANTE/BLINDS ***
Perceval4757 posts small blind 10
_SKR posts big blind 20
Dealt to _SKR [3s 9h]
*** PRE-FLOP *** 
Eva Lovia folds
Perceval4757 raises 30 to 50
_SKR folds
Perceval4757 collected 70 from pot
*** SUMMARY ***
Total pot 70 | No rake
Seat 1: Perceval4757 (small blind) won 70


Winamax Poker - Tournament "Expresso Nitro" buyIn: 1.86€ + 0.14€ level: 1 - HandId: #2698125260238094337-2-1675181841 - Holdem no limit (10/20) - 2023/01/31 16:17:21 UTC
Table: 'Expresso Nitro(628206241)#0' 3-max (real money) Seat #1 is the button
Seat 1: Perceval4757 (320)
Seat 2: _SKR (280)
Seat 3: Eva Lovia (300)
*** ANTE/BLINDS ***
_SKR posts small blind 10
Eva Lovia posts big blind 20
Dealt to _SKR [6c 4c]
*** PRE-FLOP *** 
Perceval4757 folds
_SKR folds
Eva Lovia collected 30 from pot
*** SUMMARY ***
Total pot 30 | No rake
Seat 3: Eva Lovia (big blind) won 30


Winamax Poker - Tournament "Expresso Nitro" buyIn: 1.86€ + 0.14€ level: 1 - HandId: #2698125260238094337-3-1675181847 - Holdem no limit (10/20) - 2023/01/31 16:17:27 UTC
Table: 'Expresso Nitro(628206241)#0' 3-max (real money) Seat #2 is the button
Seat 1: Perceval4757 (320)
Seat 2: _SKR (270)
Seat 3: Eva Lovia (310)
*** ANTE/BLINDS ***
Eva Lovia posts small blind 10
Perceval4757 posts big blind 20
Dealt to _SKR [3c 3h]
*** PRE-FLOP *** 
_SKR raises 250 to 270 and is all-in
Eva Lovia folds
Perceval4757 folds
_SKR collected 300 from pot
*** SUMMARY ***
Total pot 300 | No rake
Seat 2: _SKR (button) won 300


Winamax Poker - Tournament "Expresso Nitro" buyIn: 1.86€ + 0.14€ level: 1 - HandId: #2698125260238094337-4-1675181854 - Holdem no limit (10/20) - 2023/01/31 16:17:34 UTC
Table: 'Expresso Nitro(628206241)#0' 3-max (real money) Seat #3 is the button
Seat 1: Perceval4757 (300)
Seat 2: _SKR (300)
Seat 3: Eva Lovia (300)
*** ANTE/BLINDS ***
Perceval4757 posts small blind 10
_SKR posts big blind 20
Dealt to _SKR [As Kc]
*** PRE-FLOP *** 
Eva Lovia folds
Perceval4757 calls 10
_SKR raises 280 to 300 and is all-in
Perceval4757 folds
_SKR collected 320 from pot
*** SUMMARY ***
Total pot 320 | No rake
Seat 2: _SKR (big blind) won 320


Winamax Poker - Tournament "Expresso Nitro" buyIn: 1.86€ + 0.14€ level: 1 - HandId: #2698125260238094337-5-1675181874 - Holdem no limit (10/20) - 2023/01/31 16:17:54 UTC
Table: 'Expresso Nitro(628206241)#0' 3-max (real money) Seat #1 is the button
Seat 1: Perceval4757 (280)
Seat 2: _SKR (320)
Seat 3: Eva Lovia (300)
*** ANTE/BLINDS ***
_SKR posts small blind 10
Eva Lovia posts big blind 20
Dealt to _SKR [As 4d]
*** PRE-FLOP *** 
Perceval4757 folds
_SKR raises 300 to 320 and is all-in
Eva Lovia folds
_SKR collected 340 from pot
*** SUMMARY ***
Total pot 340 | No rake
Seat 2: _SKR (small blind) won 340


Winamax Poker - Tournament "Expresso Nitro" buyIn: 1.86€ + 0.14€ level: 1 - HandId: #2698125260238094337-6-1675181881 - Holdem no limit (10/20) - 2023/01/31 16:18:01 UTC
Table: 'Expresso Nitro(628206241)#0' 3-max (real money) Seat #2 is the button
Seat 1: Perceval4757 (280)
Seat 2: _SKR (340)
Seat 3: Eva Lovia (280)
*** ANTE/BLINDS ***
Eva Lovia posts small blind 10
Perceval4757 posts big blind 20
Dealt to _SKR [9h Ts]
*** PRE-FLOP *** 
_SKR folds
Eva Lovia raises 30 to 50
Perceval4757 folds
Eva Lovia collected 70 from pot
*** SUMMARY ***
Total pot 70 | No rake
Seat 3: Eva Lovia (small blind) won 70


Winamax Poker - Tournament "Expresso Nitro" buyIn: 1.86€ + 0.14€ level: 2 - HandId: #2698125260238094337-7-1675181891 - Holdem no limit (15/30) - 2023/01/31 16:18:11 UTC
Table: 'Expresso Nitro(628206241)#0' 3-max (real money) Seat #3 is the button
Seat 1: Perceval4757 (260)
Seat 2: _SKR (340)
Seat 3: Eva Lovia (300)
*** ANTE/BLINDS ***
Perceval4757 posts small blind 15
_SKR posts big blind 30
Dealt to _SKR [Kh 3d]
*** PRE-FLOP *** 
Eva Lovia calls 30
Perceval4757 folds
_SKR checks
*** FLOP *** [2d Ad 6d]
_SKR checks
Eva Lovia checks
*** TURN *** [2d Ad 6d][Ks]
_SKR checks
Eva Lovia bets 45
_SKR calls 45
*** RIVER *** [2d Ad 6d Ks][6s]
_SKR checks
Eva Lovia bets 75
_SKR calls 75
*** SHOW DOWN ***
Eva Lovia shows [Ts Jc] (One pair : 6)
_SKR shows [Kh 3d] (Two pairs : Kings and 6)
_SKR collected 315 from pot
*** SUMMARY ***
Total pot 315 | No rake
Board: [2d Ad 6d Ks 6s]
Seat 2: _SKR (big blind) showed [Kh 3d] and won 315 with Two pairs : Kings and 6
Seat 3: Eva Lovia (button) showed [Ts Jc] and lost with One pair : 6


Winamax Poker - Tournament "Expresso Nitro" buyIn: 1.86€ + 0.14€ level: 2 - HandId: #2698125260238094337-8-1675181923 - Holdem no limit (15/30) - 2023/01/31 16:18:43 UTC
Table: 'Expresso Nitro(628206241)#0' 3-max (real money) Seat #1 is the button
Seat 1: Perceval4757 (245)
Seat 2: _SKR (505)
Seat 3: Eva Lovia (150)
*** ANTE/BLINDS ***
_SKR posts small blind 15
Eva Lovia posts big blind 30
Dealt to _SKR [Qc Ah]
*** PRE-FLOP *** 
Perceval4757 raises 215 to 245 and is all-in
_SKR raises 215 to 460
Eva Lovia folds
*** FLOP *** [4h 2h 3c]
*** TURN *** [4h 2h 3c][3h]
*** RIVER *** [4h 2h 3c 3h][5s]
*** SHOW DOWN ***
Perceval4757 shows [9c 9d] (Two pairs : 9 and 3)
_SKR shows [Qc Ah] (Straight 5 high)
_SKR collected 735 from pot
*** SUMMARY ***
Total pot 735 | No rake
Board: [4h 2h 3c 3h 5s]
Seat 1: Perceval4757 (button) showed [9c 9d] and lost with Two pairs : 9 and 3
Seat 2: _SKR (small blind) showed [Qc Ah] and won 735 with Straight 5 high


Winamax Poker - Tournament "Expresso Nitro" buyIn: 1.86€ + 0.14€ level: 2 - HandId: #2698125260238094337-9-1675181938 - Holdem no limit (15/30) - 2023/01/31 16:18:58 UTC
Table: 'Expresso Nitro(628206241)#0' 3-max (real money) Seat #3 is the button
Seat 2: _SKR (780)
Seat 3: Eva Lovia (120)
*** ANTE/BLINDS ***
Eva Lovia posts small blind 15
_SKR posts big blind 30
Dealt to _SKR [Ad 7s]
*** PRE-FLOP *** 
Eva Lovia raises 90 to 120 and is all-in
_SKR calls 90
*** FLOP *** [As Th 3s]
*** TURN *** [As Th 3s][Qc]
*** RIVER *** [As Th 3s Qc][2s]
*** SHOW DOWN ***
_SKR shows [Ad 7s] (One pair : Aces)
Eva Lovia shows [Ts 2c] (Two pairs : Tens and 2)
Eva Lovia collected 240 from pot
*** SUMMARY ***
Total pot 240 | No rake
Board: [As Th 3s Qc 2s]
Seat 2: _SKR (big blind) showed [Ad 7s] and lost with One pair : Aces
Seat 3: Eva Lovia (small blind) (button) showed [Ts 2c] and won 240 with Two pairs : Tens and 2


Winamax Poker - Tournament "Expresso Nitro" buyIn: 1.86€ + 0.14€ level: 3 - HandId: #2698125260238094337-10-1675181956 - Holdem no limit (20/40) - 2023/01/31 16:19:16 UTC
Table: 'Expresso Nitro(628206241)#0' 3-max (real money) Seat #2 is the button
Seat 2: _SKR (660)
Seat 3: Eva Lovia (240)
*** ANTE/BLINDS ***
_SKR posts small blind 20
Eva Lovia posts big blind 40
Dealt to _SKR [Kh Kd]
*** PRE-FLOP *** 
_SKR calls 20
Eva Lovia checks
*** FLOP *** [7d Th 3h]
Eva Lovia checks
_SKR bets 52
Eva Lovia raises 148 to 200 and is all-in
_SKR calls 148
*** TURN *** [7d Th 3h][Ts]
*** RIVER *** [7d Th 3h Ts][9c]
*** SHOW DOWN ***
Eva Lovia shows [2d 3d] (Two pairs : Tens and 3)
_SKR shows [Kh Kd] (Two pairs : Kings and Tens)
_SKR collected 480 from pot
*** SUMMARY ***
Total pot 480 | No rake
Board: [7d Th 3h Ts 9c]
Seat 2: _SKR (small blind) (button) showed [Kh Kd] and won 480 with Two pairs : Kings and Tens
Seat 3: Eva Lovia (big blind) showed [2d 3d] and lost with Two pairs : Tens and 3


