Winamax Poker - Tournament "Expresso Nitro" buyIn: 0.93€ + 0.07€ level: 1 - HandId: #2675094546085314561-1-1673744057 - Holdem no limit (10/20) - 2023/01/15 00:54:17 UTC
Table: 'Expresso Nitro(622843985)#0' 3-max (real money) Seat #2 is the button
Seat 1: joke5522 (300)
Seat 2: _SKR (300)
Seat 3: Monn2018 (300)
*** ANTE/BLINDS ***
Monn2018 posts small blind 10
joke5522 posts big blind 20
Dealt to _SKR [Kh 7d]
*** PRE-FLOP *** 
_SKR folds
Monn2018 calls 10
joke5522 raises 30 to 50
Monn2018 calls 30
*** FLOP *** [3c Td 9d]
Monn2018 bets 250 and is all-in
joke5522 folds
Monn2018 collected 350 from pot
*** SUMMARY ***
Total pot 350 | No rake
Board: [3c Td 9d]
Seat 3: Monn2018 (small blind) won 350


Winamax Poker - Tournament "Expresso Nitro" buyIn: 0.93€ + 0.07€ level: 1 - HandId: #2675094546085314561-2-1673744089 - Holdem no limit (10/20) - 2023/01/15 00:54:49 UTC
Table: 'Expresso Nitro(622843985)#0' 3-max (real money) Seat #3 is the button
Seat 1: joke5522 (250)
Seat 2: _SKR (300)
Seat 3: Monn2018 (350)
*** ANTE/BLINDS ***
joke5522 posts small blind 10
_SKR posts big blind 20
Dealt to _SKR [4c Tc]
*** PRE-FLOP *** 
Monn2018 folds
joke5522 raises 230 to 250 and is all-in
_SKR folds
joke5522 collected 270 from pot
*** SUMMARY ***
Total pot 270 | No rake
Seat 1: joke5522 (small blind) won 270


Winamax Poker - Tournament "Expresso Nitro" buyIn: 0.93€ + 0.07€ level: 2 - HandId: #2675094546085314561-3-1673744123 - Holdem no limit (15/30) - 2023/01/15 00:55:23 UTC
Table: 'Expresso Nitro(622843985)#0' 3-max (real money) Seat #1 is the button
Seat 1: joke5522 (270)
Seat 2: _SKR (280)
Seat 3: Monn2018 (350)
*** ANTE/BLINDS ***
_SKR posts small blind 15
Monn2018 posts big blind 30
Dealt to _SKR [2d Ks]
*** PRE-FLOP *** 
joke5522 raises 240 to 270 and is all-in
_SKR folds
Monn2018 folds
joke5522 collected 315 from pot
*** SUMMARY ***
Total pot 315 | No rake
Seat 1: joke5522 (button) won 315


Winamax Poker - Tournament "Expresso Nitro" buyIn: 0.93€ + 0.07€ level: 2 - HandId: #2675094546085314561-4-1673744153 - Holdem no limit (15/30) - 2023/01/15 00:55:53 UTC
Table: 'Expresso Nitro(622843985)#0' 3-max (real money) Seat #2 is the button
Seat 1: joke5522 (315)
Seat 2: _SKR (265)
Seat 3: Monn2018 (320)
*** ANTE/BLINDS ***
Monn2018 posts small blind 15
joke5522 posts big blind 30
Dealt to _SKR [4h 4c]
*** PRE-FLOP *** 
_SKR raises 235 to 265 and is all-in
Monn2018 folds
joke5522 folds
_SKR collected 310 from pot
*** SUMMARY ***
Total pot 310 | No rake
Seat 2: _SKR (button) won 310


Winamax Poker - Tournament "Expresso Nitro" buyIn: 0.93€ + 0.07€ level: 2 - HandId: #2675094546085314561-5-1673744171 - Holdem no limit (15/30) - 2023/01/15 00:56:11 UTC
Table: 'Expresso Nitro(622843985)#0' 3-max (real money) Seat #3 is the button
Seat 1: joke5522 (285)
Seat 2: _SKR (310)
Seat 3: Monn2018 (305)
*** ANTE/BLINDS ***
joke5522 posts small blind 15
_SKR posts big blind 30
Dealt to _SKR [As 3s]
*** PRE-FLOP *** 
Monn2018 raises 275 to 305 and is all-in
joke5522 folds
_SKR calls 275
*** FLOP *** [9h 8c 7h]
*** TURN *** [9h 8c 7h][Ah]
*** RIVER *** [9h 8c 7h Ah][5c]
*** SHOW DOWN ***
_SKR shows [As 3s] (One pair : Aces)
Monn2018 shows [6d Kh] (Straight 9 high)
Monn2018 collected 625 from pot
*** SUMMARY ***
Total pot 625 | No rake
Board: [9h 8c 7h Ah 5c]
Seat 2: _SKR (big blind) showed [As 3s] and lost with One pair : Aces
Seat 3: Monn2018 (button) showed [6d Kh] and won 625 with Straight 9 high


Winamax Poker - Tournament "Expresso Nitro" buyIn: 0.93€ + 0.07€ level: 3 - HandId: #2675094546085314561-6-1673744197 - Holdem no limit (20/40) - 2023/01/15 00:56:37 UTC
Table: 'Expresso Nitro(622843985)#0' 3-max (real money) Seat #1 is the button
Seat 1: joke5522 (270)
Seat 2: _SKR (5)
Seat 3: Monn2018 (625)
*** ANTE/BLINDS ***
_SKR posts small blind 5 and is all-in
Monn2018 posts big blind 40
Dealt to _SKR [4d 3h]
*** PRE-FLOP *** 
joke5522 folds
*** FLOP *** [3s Ac 5s]
*** TURN *** [3s Ac 5s][5c]
*** RIVER *** [3s Ac 5s 5c][Ah]
*** SHOW DOWN ***
_SKR shows [4d 3h] (Two pairs : Aces and 5)
Monn2018 shows [9s 7s] (Two pairs : Aces and 5)
Monn2018 collected 45 from pot
*** SUMMARY ***
Total pot 45 | No rake
Board: [3s Ac 5s 5c Ah]
Seat 2: _SKR (small blind) showed [4d 3h] and lost with Two pairs : Aces and 5
Seat 3: Monn2018 (big blind) showed [9s 7s] and won 45 with Two pairs : Aces and 5


