Winamax Poker - Tournament "Expresso Nitro" buyIn: 1.86€ + 0.14€ level: 1 - HandId: #2698073669090934785-1-1675179268 - Holdem no limit (10/20) - 2023/01/31 15:34:28 UTC
Table: 'Expresso Nitro(628194229)#0' 3-max (real money) Seat #2 is the button
Seat 1: _SKR (300)
Seat 2: Vnik (300)
Seat 3: matthieu4411 (300)
*** ANTE/BLINDS ***
matthieu4411 posts small blind 10
_SKR posts big blind 20
Dealt to _SKR [8d 3d]
*** PRE-FLOP *** 
Vnik folds
matthieu4411 calls 10
_SKR checks
*** FLOP *** [4c As Kd]
matthieu4411 checks
_SKR checks
*** TURN *** [4c As Kd][Qd]
matthieu4411 bets 30
_SKR calls 30
*** RIVER *** [4c As Kd Qd][7s]
matthieu4411 bets 30
_SKR raises 220 to 250 and is all-in
matthieu4411 folds
_SKR shows [8d 3d] (High card : Ace)
_SKR collected 380 from pot
*** SUMMARY ***
Total pot 380 | No rake
Board: [4c As Kd Qd 7s]
Seat 1: _SKR (big blind) showed [8d 3d] and won 380 with High card : Ace


Winamax Poker - Tournament "Expresso Nitro" buyIn: 1.86€ + 0.14€ level: 1 - HandId: #2698073669090934785-2-1675179319 - Holdem no limit (10/20) - 2023/01/31 15:35:19 UTC
Table: 'Expresso Nitro(628194229)#0' 3-max (real money) Seat #3 is the button
Seat 1: _SKR (380)
Seat 2: Vnik (300)
Seat 3: matthieu4411 (220)
*** ANTE/BLINDS ***
_SKR posts small blind 10
Vnik posts big blind 20
Dealt to _SKR [3c 6d]
*** PRE-FLOP *** 
matthieu4411 folds
_SKR folds
Vnik collected 30 from pot
*** SUMMARY ***
Total pot 30 | No rake
Seat 2: Vnik (big blind) won 30


Winamax Poker - Tournament "Expresso Nitro" buyIn: 1.86€ + 0.14€ level: 2 - HandId: #2698073669090934785-3-1675179325 - Holdem no limit (15/30) - 2023/01/31 15:35:25 UTC
Table: 'Expresso Nitro(628194229)#0' 3-max (real money) Seat #1 is the button
Seat 1: _SKR (370)
Seat 2: Vnik (310)
Seat 3: matthieu4411 (220)
*** ANTE/BLINDS ***
Vnik posts small blind 15
matthieu4411 posts big blind 30
Dealt to _SKR [Th 3s]
*** PRE-FLOP *** 
_SKR folds
Vnik raises 280 to 310 and is all-in
matthieu4411 folds
Vnik collected 340 from pot
*** SUMMARY ***
Total pot 340 | No rake
Seat 2: Vnik (small blind) won 340


Winamax Poker - Tournament "Expresso Nitro" buyIn: 1.86€ + 0.14€ level: 2 - HandId: #2698073669090934785-4-1675179338 - Holdem no limit (15/30) - 2023/01/31 15:35:38 UTC
Table: 'Expresso Nitro(628194229)#0' 3-max (real money) Seat #2 is the button
Seat 1: _SKR (370)
Seat 2: Vnik (340)
Seat 3: matthieu4411 (190)
*** ANTE/BLINDS ***
matthieu4411 posts small blind 15
_SKR posts big blind 30
Dealt to _SKR [7c 2h]
*** PRE-FLOP *** 
Vnik folds
matthieu4411 folds
_SKR collected 45 from pot
*** SUMMARY ***
Total pot 45 | No rake
Seat 1: _SKR (big blind) won 45


Winamax Poker - Tournament "Expresso Nitro" buyIn: 1.86€ + 0.14€ level: 2 - HandId: #2698073669090934785-5-1675179344 - Holdem no limit (15/30) - 2023/01/31 15:35:44 UTC
Table: 'Expresso Nitro(628194229)#0' 3-max (real money) Seat #3 is the button
Seat 1: _SKR (385)
Seat 2: Vnik (340)
Seat 3: matthieu4411 (175)
*** ANTE/BLINDS ***
_SKR posts small blind 15
Vnik posts big blind 30
Dealt to _SKR [5c 3h]
*** PRE-FLOP *** 
matthieu4411 folds
_SKR folds
Vnik collected 45 from pot
*** SUMMARY ***
Total pot 45 | No rake
Seat 2: Vnik (big blind) won 45


Winamax Poker - Tournament "Expresso Nitro" buyIn: 1.86€ + 0.14€ level: 2 - HandId: #2698073669090934785-6-1675179350 - Holdem no limit (15/30) - 2023/01/31 15:35:50 UTC
Table: 'Expresso Nitro(628194229)#0' 3-max (real money) Seat #1 is the button
Seat 1: _SKR (370)
Seat 2: Vnik (355)
Seat 3: matthieu4411 (175)
*** ANTE/BLINDS ***
Vnik posts small blind 15
matthieu4411 posts big blind 30
Dealt to _SKR [Ac Kd]
*** PRE-FLOP *** 
_SKR raises 340 to 370 and is all-in
Vnik folds
matthieu4411 folds
_SKR collected 415 from pot
*** SUMMARY ***
Total pot 415 | No rake
Seat 1: _SKR (button) won 415


Winamax Poker - Tournament "Expresso Nitro" buyIn: 1.86€ + 0.14€ level: 2 - HandId: #2698073669090934785-7-1675179364 - Holdem no limit (15/30) - 2023/01/31 15:36:04 UTC
Table: 'Expresso Nitro(628194229)#0' 3-max (real money) Seat #2 is the button
Seat 1: _SKR (415)
Seat 2: Vnik (340)
Seat 3: matthieu4411 (145)
*** ANTE/BLINDS ***
matthieu4411 posts small blind 15
_SKR posts big blind 30
Dealt to _SKR [7c Js]
*** PRE-FLOP *** 
Vnik folds
matthieu4411 folds
_SKR collected 45 from pot
*** SUMMARY ***
Total pot 45 | No rake
Seat 1: _SKR (big blind) won 45


Winamax Poker - Tournament "Expresso Nitro" buyIn: 1.86€ + 0.14€ level: 2 - HandId: #2698073669090934785-8-1675179372 - Holdem no limit (15/30) - 2023/01/31 15:36:12 UTC
Table: 'Expresso Nitro(628194229)#0' 3-max (real money) Seat #3 is the button
Seat 1: _SKR (430)
Seat 2: Vnik (340)
Seat 3: matthieu4411 (130)
*** ANTE/BLINDS ***
_SKR posts small blind 15
Vnik posts big blind 30
Dealt to _SKR [4c 6h]
*** PRE-FLOP *** 
matthieu4411 raises 100 to 130 and is all-in
_SKR folds
Vnik folds
matthieu4411 collected 175 from pot
*** SUMMARY ***
Total pot 175 | No rake
Seat 3: matthieu4411 (button) won 175


Winamax Poker - Tournament "Expresso Nitro" buyIn: 1.86€ + 0.14€ level: 2 - HandId: #2698073669090934785-9-1675179382 - Holdem no limit (15/30) - 2023/01/31 15:36:22 UTC
Table: 'Expresso Nitro(628194229)#0' 3-max (real money) Seat #1 is the button
Seat 1: _SKR (415)
Seat 2: Vnik (310)
Seat 3: matthieu4411 (175)
*** ANTE/BLINDS ***
Vnik posts small blind 15
matthieu4411 posts big blind 30
Dealt to _SKR [Ad Kc]
*** PRE-FLOP *** 
_SKR raises 30 to 60
Vnik folds
matthieu4411 raises 115 to 175 and is all-in
_SKR calls 115
*** FLOP *** [Ts 9h 4s]
*** TURN *** [Ts 9h 4s][5d]
*** RIVER *** [Ts 9h 4s 5d][Ks]
*** SHOW DOWN ***
matthieu4411 shows [Ac 8h] (High card : Ace)
_SKR shows [Ad Kc] (One pair : Kings)
_SKR collected 365 from pot
*** SUMMARY ***
Total pot 365 | No rake
Board: [Ts 9h 4s 5d Ks]
Seat 1: _SKR (button) showed [Ad Kc] and won 365 with One pair : Kings
Seat 3: matthieu4411 (big blind) showed [Ac 8h] and lost with High card : Ace


Winamax Poker - Tournament "Expresso Nitro" buyIn: 1.86€ + 0.14€ level: 3 - HandId: #2698073669090934785-10-1675179407 - Holdem no limit (20/40) - 2023/01/31 15:36:47 UTC
Table: 'Expresso Nitro(628194229)#0' 3-max (real money) Seat #1 is the button
Seat 1: _SKR (605)
Seat 2: Vnik (295)
*** ANTE/BLINDS ***
_SKR posts small blind 20
Vnik posts big blind 40
Dealt to _SKR [2h Qs]
*** PRE-FLOP *** 
_SKR raises 565 to 605 and is all-in
Vnik folds
_SKR collected 645 from pot
*** SUMMARY ***
Total pot 645 | No rake
Seat 1: _SKR (small blind) (button) won 645


Winamax Poker - Tournament "Expresso Nitro" buyIn: 1.86€ + 0.14€ level: 3 - HandId: #2698073669090934785-11-1675179423 - Holdem no limit (20/40) - 2023/01/31 15:37:03 UTC
Table: 'Expresso Nitro(628194229)#0' 3-max (real money) Seat #2 is the button
Seat 1: _SKR (645)
Seat 2: Vnik (255)
*** ANTE/BLINDS ***
Vnik posts small blind 20
_SKR posts big blind 40
Dealt to _SKR [5s 2c]
*** PRE-FLOP *** 
Vnik raises 215 to 255 and is all-in
_SKR folds
Vnik collected 295 from pot
*** SUMMARY ***
Total pot 295 | No rake
Seat 2: Vnik (small blind) (button) won 295


Winamax Poker - Tournament "Expresso Nitro" buyIn: 1.86€ + 0.14€ level: 3 - HandId: #2698073669090934785-12-1675179435 - Holdem no limit (20/40) - 2023/01/31 15:37:15 UTC
Table: 'Expresso Nitro(628194229)#0' 3-max (real money) Seat #1 is the button
Seat 1: _SKR (605)
Seat 2: Vnik (295)
*** ANTE/BLINDS ***
_SKR posts small blind 20
Vnik posts big blind 40
Dealt to _SKR [2d 7h]
*** PRE-FLOP *** 
_SKR folds
Vnik collected 60 from pot
*** SUMMARY ***
Total pot 60 | No rake
Seat 2: Vnik (big blind) won 60


Winamax Poker - Tournament "Expresso Nitro" buyIn: 1.86€ + 0.14€ level: 3 - HandId: #2698073669090934785-13-1675179438 - Holdem no limit (20/40) - 2023/01/31 15:37:18 UTC
Table: 'Expresso Nitro(628194229)#0' 3-max (real money) Seat #2 is the button
Seat 1: _SKR (585)
Seat 2: Vnik (315)
*** ANTE/BLINDS ***
Vnik posts small blind 20
_SKR posts big blind 40
Dealt to _SKR [7c Kc]
*** PRE-FLOP *** 
Vnik folds
_SKR collected 60 from pot
*** SUMMARY ***
Total pot 60 | No rake
Seat 1: _SKR (big blind) won 60


Winamax Poker - Tournament "Expresso Nitro" buyIn: 1.86€ + 0.14€ level: 3 - HandId: #2698073669090934785-14-1675179442 - Holdem no limit (20/40) - 2023/01/31 15:37:22 UTC
Table: 'Expresso Nitro(628194229)#0' 3-max (real money) Seat #1 is the button
Seat 1: _SKR (605)
Seat 2: Vnik (295)
*** ANTE/BLINDS ***
_SKR posts small blind 20
Vnik posts big blind 40
Dealt to _SKR [9c 2s]
*** PRE-FLOP *** 
_SKR folds
Vnik collected 60 from pot
*** SUMMARY ***
Total pot 60 | No rake
Seat 2: Vnik (big blind) won 60


Winamax Poker - Tournament "Expresso Nitro" buyIn: 1.86€ + 0.14€ level: 4 - HandId: #2698073669090934785-15-1675179445 - Holdem no limit (30/60) - 2023/01/31 15:37:25 UTC
Table: 'Expresso Nitro(628194229)#0' 3-max (real money) Seat #2 is the button
Seat 1: _SKR (585)
Seat 2: Vnik (315)
*** ANTE/BLINDS ***
Vnik posts small blind 30
_SKR posts big blind 60
Dealt to _SKR [8h 9d]
*** PRE-FLOP *** 
Vnik raises 255 to 315 and is all-in
_SKR folds
Vnik collected 375 from pot
*** SUMMARY ***
Total pot 375 | No rake
Seat 2: Vnik (small blind) (button) won 375


Winamax Poker - Tournament "Expresso Nitro" buyIn: 1.86€ + 0.14€ level: 4 - HandId: #2698073669090934785-16-1675179457 - Holdem no limit (30/60) - 2023/01/31 15:37:37 UTC
Table: 'Expresso Nitro(628194229)#0' 3-max (real money) Seat #1 is the button
Seat 1: _SKR (525)
Seat 2: Vnik (375)
*** ANTE/BLINDS ***
_SKR posts small blind 30
Vnik posts big blind 60
Dealt to _SKR [8c 2s]
*** PRE-FLOP *** 
_SKR folds
Vnik collected 90 from pot
*** SUMMARY ***
Total pot 90 | No rake
Seat 2: Vnik (big blind) won 90


Winamax Poker - Tournament "Expresso Nitro" buyIn: 1.86€ + 0.14€ level: 4 - HandId: #2698073669090934785-17-1675179460 - Holdem no limit (30/60) - 2023/01/31 15:37:40 UTC
Table: 'Expresso Nitro(628194229)#0' 3-max (real money) Seat #2 is the button
Seat 1: _SKR (495)
Seat 2: Vnik (405)
*** ANTE/BLINDS ***
Vnik posts small blind 30
_SKR posts big blind 60
Dealt to _SKR [8h 7h]
*** PRE-FLOP *** 
Vnik folds
_SKR collected 90 from pot
*** SUMMARY ***
Total pot 90 | No rake
Seat 1: _SKR (big blind) won 90


Winamax Poker - Tournament "Expresso Nitro" buyIn: 1.86€ + 0.14€ level: 4 - HandId: #2698073669090934785-18-1675179464 - Holdem no limit (30/60) - 2023/01/31 15:37:44 UTC
Table: 'Expresso Nitro(628194229)#0' 3-max (real money) Seat #1 is the button
Seat 1: _SKR (525)
Seat 2: Vnik (375)
*** ANTE/BLINDS ***
_SKR posts small blind 30
Vnik posts big blind 60
Dealt to _SKR [3d Tc]
*** PRE-FLOP *** 
_SKR folds
Vnik collected 90 from pot
*** SUMMARY ***
Total pot 90 | No rake
Seat 2: Vnik (big blind) won 90


Winamax Poker - Tournament "Expresso Nitro" buyIn: 1.86€ + 0.14€ level: 4 - HandId: #2698073669090934785-19-1675179467 - Holdem no limit (30/60) - 2023/01/31 15:37:47 UTC
Table: 'Expresso Nitro(628194229)#0' 3-max (real money) Seat #2 is the button
Seat 1: _SKR (495)
Seat 2: Vnik (405)
*** ANTE/BLINDS ***
Vnik posts small blind 30
_SKR posts big blind 60
Dealt to _SKR [Kd 2s]
*** PRE-FLOP *** 
Vnik raises 345 to 405 and is all-in
_SKR folds
Vnik collected 465 from pot
*** SUMMARY ***
Total pot 465 | No rake
Seat 2: Vnik (small blind) (button) won 465


Winamax Poker - Tournament "Expresso Nitro" buyIn: 1.86€ + 0.14€ level: 4 - HandId: #2698073669090934785-20-1675179478 - Holdem no limit (30/60) - 2023/01/31 15:37:58 UTC
Table: 'Expresso Nitro(628194229)#0' 3-max (real money) Seat #1 is the button
Seat 1: _SKR (435)
Seat 2: Vnik (465)
*** ANTE/BLINDS ***
_SKR posts small blind 30
Vnik posts big blind 60
Dealt to _SKR [2s As]
*** PRE-FLOP *** 
_SKR raises 375 to 435 and is all-in
Vnik raises 30 to 465 and is all-in
*** FLOP *** [6h 7c 8d]
*** TURN *** [6h 7c 8d][5h]
*** RIVER *** [6h 7c 8d 5h][5d]
*** SHOW DOWN ***
_SKR shows [2s As] (One pair : 5)
Vnik shows [Jh Qs] (One pair : 5)
Vnik collected 30 from side pot 1
_SKR collected 870 from main pot
*** SUMMARY ***
Total pot 900 | No rake
Board: [6h 7c 8d 5h 5d]
Seat 1: _SKR (small blind) (button) showed [2s As] and won 870 with One pair : 5
Seat 2: Vnik (big blind) showed [Jh Qs] and won 30 with One pair : 5


Winamax Poker - Tournament "Expresso Nitro" buyIn: 1.86€ + 0.14€ level: 4 - HandId: #2698073669090934785-21-1675179494 - Holdem no limit (30/60) - 2023/01/31 15:38:14 UTC
Table: 'Expresso Nitro(628194229)#0' 3-max (real money) Seat #2 is the button
Seat 1: _SKR (870)
Seat 2: Vnik (30)
*** ANTE/BLINDS ***
Vnik posts small blind 30 and is all-in
_SKR posts big blind 60
Dealt to _SKR [Js 4h]
*** PRE-FLOP *** 
*** FLOP *** [6s 7h 8h]
*** TURN *** [6s 7h 8h][3d]
*** RIVER *** [6s 7h 8h 3d][5h]
*** SHOW DOWN ***
_SKR shows [Js 4h] (Straight 8 high)
Vnik shows [9c 9d] (Straight 9 high)
Vnik collected 60 from main pot
_SKR collected 30 from side pot 1
*** SUMMARY ***
Total pot 90 | No rake
Board: [6s 7h 8h 3d 5h]
Seat 1: _SKR (big blind) showed [Js 4h] and won 30 with Straight 8 high
Seat 2: Vnik (small blind) (button) showed [9c 9d] and won 60 with Straight 9 high


Winamax Poker - Tournament "Expresso Nitro" buyIn: 1.86€ + 0.14€ level: 4 - HandId: #2698073669090934785-22-1675179502 - Holdem no limit (30/60) - 2023/01/31 15:38:22 UTC
Table: 'Expresso Nitro(628194229)#0' 3-max (real money) Seat #1 is the button
Seat 1: _SKR (840)
Seat 2: Vnik (60)
*** ANTE/BLINDS ***
_SKR posts small blind 30
Vnik posts big blind 60 and is all-in
Dealt to _SKR [Ah Td]
*** PRE-FLOP *** 
_SKR calls 30
*** FLOP *** [6s 2d 8d]
*** TURN *** [6s 2d 8d][Kc]
*** RIVER *** [6s 2d 8d Kc][Jc]
*** SHOW DOWN ***
Vnik shows [3c Tc] (High card : King)
_SKR shows [Ah Td] (High card : Ace)
_SKR collected 120 from pot
*** SUMMARY ***
Total pot 120 | No rake
Board: [6s 2d 8d Kc Jc]
Seat 1: _SKR (small blind) (button) showed [Ah Td] and won 120 with High card : Ace
Seat 2: Vnik (big blind) showed [3c Tc] and lost with High card : King


