Winamax Poker - Tournament "Expresso Nitro" buyIn: 1.86€ + 0.14€ level: 1 - HandId: #2698105859870818305-1-1675181090 - Holdem no limit (10/20) - 2023/01/31 16:04:50 UTC
Table: 'Expresso Nitro(628201724)#0' 3-max (real money) Seat #3 is the button
Seat 1: _SKR (300)
Seat 2: MrJoyman (300)
Seat 3: GAOTAGAA (300)
*** ANTE/BLINDS ***
_SKR posts small blind 10
MrJoyman posts big blind 20
Dealt to _SKR [7c Qd]
*** PRE-FLOP *** 
GAOTAGAA calls 20
_SKR folds
MrJoyman checks
*** FLOP *** [Qh 3d Ac]
MrJoyman checks
GAOTAGAA checks
*** TURN *** [Qh 3d Ac][3s]
MrJoyman checks
GAOTAGAA bets 33
MrJoyman folds
GAOTAGAA collected 83 from pot
*** SUMMARY ***
Total pot 83 | No rake
Board: [Qh 3d Ac 3s]
Seat 3: GAOTAGAA (button) won 83


Winamax Poker - Tournament "Expresso Nitro" buyIn: 1.86€ + 0.14€ level: 1 - HandId: #2698105859870818305-2-1675181114 - Holdem no limit (10/20) - 2023/01/31 16:05:14 UTC
Table: 'Expresso Nitro(628201724)#0' 3-max (real money) Seat #1 is the button
Seat 1: _SKR (290)
Seat 2: MrJoyman (280)
Seat 3: GAOTAGAA (330)
*** ANTE/BLINDS ***
MrJoyman posts small blind 10
GAOTAGAA posts big blind 20
Dealt to _SKR [Ac 3h]
*** PRE-FLOP *** 
_SKR raises 270 to 290 and is all-in
MrJoyman folds
GAOTAGAA folds
_SKR collected 320 from pot
*** SUMMARY ***
Total pot 320 | No rake
Seat 1: _SKR (button) won 320


Winamax Poker - Tournament "Expresso Nitro" buyIn: 1.86€ + 0.14€ level: 1 - HandId: #2698105859870818305-3-1675181122 - Holdem no limit (10/20) - 2023/01/31 16:05:22 UTC
Table: 'Expresso Nitro(628201724)#0' 3-max (real money) Seat #2 is the button
Seat 1: _SKR (320)
Seat 2: MrJoyman (270)
Seat 3: GAOTAGAA (310)
*** ANTE/BLINDS ***
GAOTAGAA posts small blind 10
_SKR posts big blind 20
Dealt to _SKR [9s 7s]
*** PRE-FLOP *** 
MrJoyman folds
GAOTAGAA raises 290 to 310 and is all-in
_SKR folds
GAOTAGAA collected 330 from pot
*** SUMMARY ***
Total pot 330 | No rake
Seat 3: GAOTAGAA (small blind) won 330


Winamax Poker - Tournament "Expresso Nitro" buyIn: 1.86€ + 0.14€ level: 1 - HandId: #2698105859870818305-4-1675181141 - Holdem no limit (10/20) - 2023/01/31 16:05:41 UTC
Table: 'Expresso Nitro(628201724)#0' 3-max (real money) Seat #3 is the button
Seat 1: _SKR (300)
Seat 2: MrJoyman (270)
Seat 3: GAOTAGAA (330)
*** ANTE/BLINDS ***
_SKR posts small blind 10
MrJoyman posts big blind 20
Dealt to _SKR [3s Kh]
*** PRE-FLOP *** 
GAOTAGAA folds
_SKR folds
MrJoyman collected 30 from pot
*** SUMMARY ***
Total pot 30 | No rake
Seat 2: MrJoyman (big blind) won 30


Winamax Poker - Tournament "Expresso Nitro" buyIn: 1.86€ + 0.14€ level: 2 - HandId: #2698105859870818305-5-1675181148 - Holdem no limit (15/30) - 2023/01/31 16:05:48 UTC
Table: 'Expresso Nitro(628201724)#0' 3-max (real money) Seat #1 is the button
Seat 1: _SKR (290)
Seat 2: MrJoyman (280)
Seat 3: GAOTAGAA (330)
*** ANTE/BLINDS ***
MrJoyman posts small blind 15
GAOTAGAA posts big blind 30
Dealt to _SKR [Td Ah]
*** PRE-FLOP *** 
_SKR raises 260 to 290 and is all-in
MrJoyman folds
GAOTAGAA folds
_SKR collected 335 from pot
*** SUMMARY ***
Total pot 335 | No rake
Seat 1: _SKR (button) won 335


Winamax Poker - Tournament "Expresso Nitro" buyIn: 1.86€ + 0.14€ level: 2 - HandId: #2698105859870818305-6-1675181155 - Holdem no limit (15/30) - 2023/01/31 16:05:55 UTC
Table: 'Expresso Nitro(628201724)#0' 3-max (real money) Seat #2 is the button
Seat 1: _SKR (335)
Seat 2: MrJoyman (265)
Seat 3: GAOTAGAA (300)
*** ANTE/BLINDS ***
GAOTAGAA posts small blind 15
_SKR posts big blind 30
Dealt to _SKR [Tc Jc]
*** PRE-FLOP *** 
MrJoyman folds
GAOTAGAA raises 270 to 300 and is all-in
_SKR folds
GAOTAGAA collected 330 from pot
*** SUMMARY ***
Total pot 330 | No rake
Seat 3: GAOTAGAA (small blind) won 330


Winamax Poker - Tournament "Expresso Nitro" buyIn: 1.86€ + 0.14€ level: 2 - HandId: #2698105859870818305-7-1675181162 - Holdem no limit (15/30) - 2023/01/31 16:06:02 UTC
Table: 'Expresso Nitro(628201724)#0' 3-max (real money) Seat #3 is the button
Seat 1: _SKR (305)
Seat 2: MrJoyman (265)
Seat 3: GAOTAGAA (330)
*** ANTE/BLINDS ***
_SKR posts small blind 15
MrJoyman posts big blind 30
Dealt to _SKR [7s 2h]
*** PRE-FLOP *** 
GAOTAGAA folds
_SKR folds
MrJoyman collected 45 from pot
*** SUMMARY ***
Total pot 45 | No rake
Seat 2: MrJoyman (big blind) won 45


Winamax Poker - Tournament "Expresso Nitro" buyIn: 1.86€ + 0.14€ level: 2 - HandId: #2698105859870818305-8-1675181166 - Holdem no limit (15/30) - 2023/01/31 16:06:06 UTC
Table: 'Expresso Nitro(628201724)#0' 3-max (real money) Seat #1 is the button
Seat 1: _SKR (290)
Seat 2: MrJoyman (280)
Seat 3: GAOTAGAA (330)
*** ANTE/BLINDS ***
MrJoyman posts small blind 15
GAOTAGAA posts big blind 30
Dealt to _SKR [5h 6s]
*** PRE-FLOP *** 
_SKR folds
MrJoyman folds
GAOTAGAA collected 45 from pot
*** SUMMARY ***
Total pot 45 | No rake
Seat 3: GAOTAGAA (big blind) won 45


Winamax Poker - Tournament "Expresso Nitro" buyIn: 1.86€ + 0.14€ level: 2 - HandId: #2698105859870818305-9-1675181180 - Holdem no limit (15/30) - 2023/01/31 16:06:20 UTC
Table: 'Expresso Nitro(628201724)#0' 3-max (real money) Seat #2 is the button
Seat 1: _SKR (290)
Seat 2: MrJoyman (265)
Seat 3: GAOTAGAA (345)
*** ANTE/BLINDS ***
GAOTAGAA posts small blind 15
_SKR posts big blind 30
Dealt to _SKR [8c Kh]
*** PRE-FLOP *** 
MrJoyman raises 235 to 265 and is all-in
GAOTAGAA folds
_SKR folds
MrJoyman collected 310 from pot
*** SUMMARY ***
Total pot 310 | No rake
Seat 2: MrJoyman (button) won 310


Winamax Poker - Tournament "Expresso Nitro" buyIn: 1.86€ + 0.14€ level: 2 - HandId: #2698105859870818305-10-1675181192 - Holdem no limit (15/30) - 2023/01/31 16:06:32 UTC
Table: 'Expresso Nitro(628201724)#0' 3-max (real money) Seat #3 is the button
Seat 1: _SKR (260)
Seat 2: MrJoyman (310)
Seat 3: GAOTAGAA (330)
*** ANTE/BLINDS ***
_SKR posts small blind 15
MrJoyman posts big blind 30
Dealt to _SKR [Kd Jd]
*** PRE-FLOP *** 
GAOTAGAA folds
_SKR raises 230 to 260 and is all-in
MrJoyman folds
_SKR collected 290 from pot
*** SUMMARY ***
Total pot 290 | No rake
Seat 1: _SKR (small blind) won 290


Winamax Poker - Tournament "Expresso Nitro" buyIn: 1.86€ + 0.14€ level: 2 - HandId: #2698105859870818305-11-1675181201 - Holdem no limit (15/30) - 2023/01/31 16:06:41 UTC
Table: 'Expresso Nitro(628201724)#0' 3-max (real money) Seat #1 is the button
Seat 1: _SKR (290)
Seat 2: MrJoyman (280)
Seat 3: GAOTAGAA (330)
*** ANTE/BLINDS ***
MrJoyman posts small blind 15
GAOTAGAA posts big blind 30
Dealt to _SKR [6h Js]
*** PRE-FLOP *** 
_SKR folds
MrJoyman raises 30 to 60
GAOTAGAA calls 30
*** FLOP *** [2s Jd 7s]
MrJoyman bets 30
GAOTAGAA calls 30
*** TURN *** [2s Jd 7s][2d]
MrJoyman checks
GAOTAGAA checks
*** RIVER *** [2s Jd 7s 2d][8c]
MrJoyman checks
GAOTAGAA checks
*** SHOW DOWN ***
MrJoyman shows [6c 5c] (One pair : 2)
GAOTAGAA shows [8h Ts] (Two pairs : 8 and 2)
GAOTAGAA collected 180 from pot
*** SUMMARY ***
Total pot 180 | No rake
Board: [2s Jd 7s 2d 8c]
Seat 2: MrJoyman (small blind) showed [6c 5c] and lost with One pair : 2
Seat 3: GAOTAGAA (big blind) showed [8h Ts] and won 180 with Two pairs : 8 and 2


Winamax Poker - Tournament "Expresso Nitro" buyIn: 1.86€ + 0.14€ level: 3 - HandId: #2698105859870818305-12-1675181229 - Holdem no limit (20/40) - 2023/01/31 16:07:09 UTC
Table: 'Expresso Nitro(628201724)#0' 3-max (real money) Seat #2 is the button
Seat 1: _SKR (290)
Seat 2: MrJoyman (190)
Seat 3: GAOTAGAA (420)
*** ANTE/BLINDS ***
GAOTAGAA posts small blind 20
_SKR posts big blind 40
Dealt to _SKR [9d 8h]
*** PRE-FLOP *** 
MrJoyman folds
GAOTAGAA calls 20
_SKR raises 250 to 290 and is all-in
GAOTAGAA calls 250
*** FLOP *** [Jd 6h 4c]
*** TURN *** [Jd 6h 4c][3h]
*** RIVER *** [Jd 6h 4c 3h][Tc]
*** SHOW DOWN ***
_SKR shows [9d 8h] (High card : Jack)
GAOTAGAA shows [9s Ac] (High card : Ace)
GAOTAGAA collected 580 from pot
*** SUMMARY ***
Total pot 580 | No rake
Board: [Jd 6h 4c 3h Tc]
Seat 1: _SKR (big blind) showed [9d 8h] and lost with High card : Jack
Seat 3: GAOTAGAA (small blind) showed [9s Ac] and won 580 with High card : Ace


