Winamax Poker - Tournament "Expresso Nitro" buyIn: 1.86€ + 0.14€ level: 1 - HandId: #2694788903872757761-1-1674957405 - Holdem no limit (10/20) - 2023/01/29 01:56:45 UTC
Table: 'Expresso Nitro(627429435)#0' 3-max (real money) Seat #1 is the button
Seat 1: _SKR (300)
Seat 2: Chileno699 (300)
Seat 3: YORDERF (300)
*** ANTE/BLINDS ***
Chileno699 posts small blind 10
YORDERF posts big blind 20
Dealt to _SKR [Ac 4d]
*** PRE-FLOP *** 
_SKR raises 280 to 300 and is all-in
Chileno699 calls 290 and is all-in
YORDERF folds
*** FLOP *** [Jc 3c 6s]
*** TURN *** [Jc 3c 6s][2d]
*** RIVER *** [Jc 3c 6s 2d][5h]
*** SHOW DOWN ***
Chileno699 shows [9s Ks] (High card : King)
_SKR shows [Ac 4d] (Straight 6 high)
_SKR collected 620 from pot
*** SUMMARY ***
Total pot 620 | No rake
Board: [Jc 3c 6s 2d 5h]
Seat 1: _SKR (button) showed [Ac 4d] and won 620 with Straight 6 high
Seat 2: Chileno699 (small blind) showed [9s Ks] and lost with High card : King


Winamax Poker - Tournament "Expresso Nitro" buyIn: 1.86€ + 0.14€ level: 1 - HandId: #2694788903872757761-2-1674957425 - Holdem no limit (10/20) - 2023/01/29 01:57:05 UTC
Table: 'Expresso Nitro(627429435)#0' 3-max (real money) Seat #3 is the button
Seat 1: _SKR (620)
Seat 3: YORDERF (280)
*** ANTE/BLINDS ***
YORDERF posts small blind 10
_SKR posts big blind 20
Dealt to _SKR [Qh Qc]
*** PRE-FLOP *** 
YORDERF calls 10
_SKR raises 30 to 50
YORDERF calls 30
*** FLOP *** [6d Td 8h]
_SKR bets 35
YORDERF calls 35
*** TURN *** [6d Td 8h][Qd]
_SKR bets 60
YORDERF folds
_SKR collected 230 from pot
*** SUMMARY ***
Total pot 230 | No rake
Board: [6d Td 8h Qd]
Seat 1: _SKR (big blind) won 230


Winamax Poker - Tournament "Expresso Nitro" buyIn: 1.86€ + 0.14€ level: 1 - HandId: #2694788903872757761-3-1674957454 - Holdem no limit (10/20) - 2023/01/29 01:57:34 UTC
Table: 'Expresso Nitro(627429435)#0' 3-max (real money) Seat #1 is the button
Seat 1: _SKR (705)
Seat 3: YORDERF (195)
*** ANTE/BLINDS ***
_SKR posts small blind 10
YORDERF posts big blind 20
Dealt to _SKR [8s 7c]
*** PRE-FLOP *** 
_SKR folds
YORDERF collected 30 from pot
*** SUMMARY ***
Total pot 30 | No rake
Seat 3: YORDERF (big blind) won 30


Winamax Poker - Tournament "Expresso Nitro" buyIn: 1.86€ + 0.14€ level: 1 - HandId: #2694788903872757761-4-1674957461 - Holdem no limit (10/20) - 2023/01/29 01:57:41 UTC
Table: 'Expresso Nitro(627429435)#0' 3-max (real money) Seat #3 is the button
Seat 1: _SKR (695)
Seat 3: YORDERF (205)
*** ANTE/BLINDS ***
YORDERF posts small blind 10
_SKR posts big blind 20
Dealt to _SKR [4s 2c]
*** PRE-FLOP *** 
YORDERF calls 10
_SKR checks
*** FLOP *** [5s 2h Jd]
_SKR checks
YORDERF checks
*** TURN *** [5s 2h Jd][2d]
_SKR bets 32
YORDERF folds
_SKR collected 72 from pot
*** SUMMARY ***
Total pot 72 | No rake
Board: [5s 2h Jd 2d]
Seat 1: _SKR (big blind) won 72


Winamax Poker - Tournament "Expresso Nitro" buyIn: 1.86€ + 0.14€ level: 2 - HandId: #2694788903872757761-5-1674957495 - Holdem no limit (15/30) - 2023/01/29 01:58:15 UTC
Table: 'Expresso Nitro(627429435)#0' 3-max (real money) Seat #1 is the button
Seat 1: _SKR (715)
Seat 3: YORDERF (185)
*** ANTE/BLINDS ***
_SKR posts small blind 15
YORDERF posts big blind 30
Dealt to _SKR [Qs Th]
*** PRE-FLOP *** 
_SKR raises 685 to 715 and is all-in
YORDERF calls 155 and is all-in
*** FLOP *** [Qd 3h 7h]
*** TURN *** [Qd 3h 7h][8s]
*** RIVER *** [Qd 3h 7h 8s][Qh]
*** SHOW DOWN ***
_SKR shows [Qs Th] (Trips of Queens)
YORDERF shows [Jh Qc] (Trips of Queens)
YORDERF collected 370 from main pot
_SKR collected 530 from side pot 1
*** SUMMARY ***
Total pot 900 | No rake
Board: [Qd 3h 7h 8s Qh]
Seat 1: _SKR (small blind) (button) showed [Qs Th] and won 530 with Trips of Queens
Seat 3: YORDERF (big blind) showed [Jh Qc] and won 370 with Trips of Queens


Winamax Poker - Tournament "Expresso Nitro" buyIn: 1.86€ + 0.14€ level: 2 - HandId: #2694788903872757761-6-1674957521 - Holdem no limit (15/30) - 2023/01/29 01:58:41 UTC
Table: 'Expresso Nitro(627429435)#0' 3-max (real money) Seat #3 is the button
Seat 1: _SKR (530)
Seat 3: YORDERF (370)
*** ANTE/BLINDS ***
YORDERF posts small blind 15
_SKR posts big blind 30
Dealt to _SKR [7s 6c]
*** PRE-FLOP *** 
YORDERF folds
_SKR collected 45 from pot
*** SUMMARY ***
Total pot 45 | No rake
Seat 1: _SKR (big blind) won 45


Winamax Poker - Tournament "Expresso Nitro" buyIn: 1.86€ + 0.14€ level: 3 - HandId: #2694788903872757761-7-1674957527 - Holdem no limit (20/40) - 2023/01/29 01:58:47 UTC
Table: 'Expresso Nitro(627429435)#0' 3-max (real money) Seat #1 is the button
Seat 1: _SKR (545)
Seat 3: YORDERF (355)
*** ANTE/BLINDS ***
_SKR posts small blind 20
YORDERF posts big blind 40
Dealt to _SKR [4c 4s]
*** PRE-FLOP *** 
_SKR raises 505 to 545 and is all-in
YORDERF folds
_SKR collected 585 from pot
*** SUMMARY ***
Total pot 585 | No rake
Seat 1: _SKR (small blind) (button) won 585


Winamax Poker - Tournament "Expresso Nitro" buyIn: 1.86€ + 0.14€ level: 3 - HandId: #2694788903872757761-8-1674957550 - Holdem no limit (20/40) - 2023/01/29 01:59:10 UTC
Table: 'Expresso Nitro(627429435)#0' 3-max (real money) Seat #3 is the button
Seat 1: _SKR (585)
Seat 3: YORDERF (315)
*** ANTE/BLINDS ***
YORDERF posts small blind 20
_SKR posts big blind 40
Dealt to _SKR [8s 4s]
*** PRE-FLOP *** 
YORDERF raises 80 to 120
_SKR folds
YORDERF collected 160 from pot
*** SUMMARY ***
Total pot 160 | No rake
Seat 3: YORDERF (small blind) (button) won 160


Winamax Poker - Tournament "Expresso Nitro" buyIn: 1.86€ + 0.14€ level: 3 - HandId: #2694788903872757761-9-1674957556 - Holdem no limit (20/40) - 2023/01/29 01:59:16 UTC
Table: 'Expresso Nitro(627429435)#0' 3-max (real money) Seat #1 is the button
Seat 1: _SKR (545)
Seat 3: YORDERF (355)
*** ANTE/BLINDS ***
_SKR posts small blind 20
YORDERF posts big blind 40
Dealt to _SKR [6s 5c]
*** PRE-FLOP *** 
_SKR folds
YORDERF collected 60 from pot
*** SUMMARY ***
Total pot 60 | No rake
Seat 3: YORDERF (big blind) won 60


Winamax Poker - Tournament "Expresso Nitro" buyIn: 1.86€ + 0.14€ level: 3 - HandId: #2694788903872757761-10-1674957570 - Holdem no limit (20/40) - 2023/01/29 01:59:30 UTC
Table: 'Expresso Nitro(627429435)#0' 3-max (real money) Seat #3 is the button
Seat 1: _SKR (525)
Seat 3: YORDERF (375)
*** ANTE/BLINDS ***
YORDERF posts small blind 20
_SKR posts big blind 40
Dealt to _SKR [Kh 2h]
*** PRE-FLOP *** 
YORDERF calls 20
_SKR raises 485 to 525 and is all-in
YORDERF folds
_SKR collected 565 from pot
*** SUMMARY ***
Total pot 565 | No rake
Seat 1: _SKR (big blind) won 565


Winamax Poker - Tournament "Expresso Nitro" buyIn: 1.86€ + 0.14€ level: 4 - HandId: #2694788903872757761-11-1674957584 - Holdem no limit (30/60) - 2023/01/29 01:59:44 UTC
Table: 'Expresso Nitro(627429435)#0' 3-max (real money) Seat #1 is the button
Seat 1: _SKR (565)
Seat 3: YORDERF (335)
*** ANTE/BLINDS ***
_SKR posts small blind 30
YORDERF posts big blind 60
Dealt to _SKR [Jc Jh]
*** PRE-FLOP *** 
_SKR raises 505 to 565 and is all-in
YORDERF folds
_SKR collected 625 from pot
*** SUMMARY ***
Total pot 625 | No rake
Seat 1: _SKR (small blind) (button) won 625


Winamax Poker - Tournament "Expresso Nitro" buyIn: 1.86€ + 0.14€ level: 4 - HandId: #2694788903872757761-12-1674957602 - Holdem no limit (30/60) - 2023/01/29 02:00:02 UTC
Table: 'Expresso Nitro(627429435)#0' 3-max (real money) Seat #3 is the button
Seat 1: _SKR (625)
Seat 3: YORDERF (275)
*** ANTE/BLINDS ***
YORDERF posts small blind 30
_SKR posts big blind 60
Dealt to _SKR [8c 6d]
*** PRE-FLOP *** 
YORDERF raises 120 to 180
_SKR folds
YORDERF collected 240 from pot
*** SUMMARY ***
Total pot 240 | No rake
Seat 3: YORDERF (small blind) (button) won 240


Winamax Poker - Tournament "Expresso Nitro" buyIn: 1.86€ + 0.14€ level: 4 - HandId: #2694788903872757761-13-1674957611 - Holdem no limit (30/60) - 2023/01/29 02:00:11 UTC
Table: 'Expresso Nitro(627429435)#0' 3-max (real money) Seat #1 is the button
Seat 1: _SKR (565)
Seat 3: YORDERF (335)
*** ANTE/BLINDS ***
_SKR posts small blind 30
YORDERF posts big blind 60
Dealt to _SKR [Kh 5s]
*** PRE-FLOP *** 
_SKR raises 505 to 565 and is all-in
YORDERF folds
_SKR collected 625 from pot
*** SUMMARY ***
Total pot 625 | No rake
Seat 1: _SKR (small blind) (button) won 625


Winamax Poker - Tournament "Expresso Nitro" buyIn: 1.86€ + 0.14€ level: 4 - HandId: #2694788903872757761-14-1674957618 - Holdem no limit (30/60) - 2023/01/29 02:00:18 UTC
Table: 'Expresso Nitro(627429435)#0' 3-max (real money) Seat #3 is the button
Seat 1: _SKR (625)
Seat 3: YORDERF (275)
*** ANTE/BLINDS ***
YORDERF posts small blind 30
_SKR posts big blind 60
Dealt to _SKR [Qd Ks]
*** PRE-FLOP *** 
YORDERF raises 215 to 275 and is all-in
_SKR calls 215
*** FLOP *** [Qs 4d 9d]
*** TURN *** [Qs 4d 9d][5d]
*** RIVER *** [Qs 4d 9d 5d][7h]
*** SHOW DOWN ***
YORDERF shows [2h Qh] (One pair : Queens)
_SKR shows [Qd Ks] (One pair : Queens)
_SKR collected 550 from pot
*** SUMMARY ***
Total pot 550 | No rake
Board: [Qs 4d 9d 5d 7h]
Seat 1: _SKR (big blind) showed [Qd Ks] and won 550 with One pair : Queens
Seat 3: YORDERF (small blind) (button) showed [2h Qh] and lost with One pair : Queens


