Winamax Poker - Tournament "Expresso Nitro" buyIn: 0.93€ + 0.07€ level: 1 - HandId: #2717567361711341569-1-1676227229 - Holdem no limit (10/20) - 2023/02/12 18:40:29 UTC
Table: 'Expresso Nitro(632732958)#0' 3-max (real money) Seat #2 is the button
Seat 1: Djhon-_-djho (300)
Seat 2: -Swampy06- (300)
Seat 3: _SKR (300)
*** ANTE/BLINDS ***
_SKR posts small blind 10
Djhon-_-djho posts big blind 20
Dealt to _SKR [8d Ad]
*** PRE-FLOP *** 
-Swampy06- folds
_SKR raises 280 to 300 and is all-in
Djhon-_-djho folds
_SKR collected 320 from pot
*** SUMMARY ***
Total pot 320 | No rake
Seat 3: _SKR (small blind) won 320


Winamax Poker - Tournament "Expresso Nitro" buyIn: 0.93€ + 0.07€ level: 1 - HandId: #2717567361711341569-2-1676227255 - Holdem no limit (10/20) - 2023/02/12 18:40:55 UTC
Table: 'Expresso Nitro(632732958)#0' 3-max (real money) Seat #3 is the button
Seat 1: Djhon-_-djho (280)
Seat 2: -Swampy06- (300)
Seat 3: _SKR (320)
*** ANTE/BLINDS ***
Djhon-_-djho posts small blind 10
-Swampy06- posts big blind 20
Dealt to _SKR [8s Qs]
*** PRE-FLOP *** 
_SKR raises 20 to 40
Djhon-_-djho calls 30
-Swampy06- raises 260 to 300 and is all-in
_SKR folds
Djhon-_-djho folds
-Swampy06- collected 380 from pot
*** SUMMARY ***
Total pot 380 | No rake
Seat 2: -Swampy06- (big blind) won 380


Winamax Poker - Tournament "Expresso Nitro" buyIn: 0.93€ + 0.07€ level: 1 - HandId: #2717567361711341569-3-1676227265 - Holdem no limit (10/20) - 2023/02/12 18:41:05 UTC
Table: 'Expresso Nitro(632732958)#0' 3-max (real money) Seat #1 is the button
Seat 1: Djhon-_-djho (240)
Seat 2: -Swampy06- (380)
Seat 3: _SKR (280)
*** ANTE/BLINDS ***
-Swampy06- posts small blind 10
_SKR posts big blind 20
Dealt to _SKR [3c 3h]
*** PRE-FLOP *** 
Djhon-_-djho folds
-Swampy06- raises 360 to 380 and is all-in
_SKR calls 260 and is all-in
*** FLOP *** [9c 5h 9s]
*** TURN *** [9c 5h 9s][Qc]
*** RIVER *** [9c 5h 9s Qc][4c]
*** SHOW DOWN ***
-Swampy06- shows [As Ts] (One pair : 9)
_SKR shows [3c 3h] (Two pairs : 9 and 3)
_SKR collected 560 from main pot
-Swampy06- collected 100 from side pot 1
*** SUMMARY ***
Total pot 660 | No rake
Board: [9c 5h 9s Qc 4c]
Seat 2: -Swampy06- (small blind) showed [As Ts] and won 100 with One pair : 9
Seat 3: _SKR (big blind) showed [3c 3h] and won 560 with Two pairs : 9 and 3


Winamax Poker - Tournament "Expresso Nitro" buyIn: 0.93€ + 0.07€ level: 1 - HandId: #2717567361711341569-4-1676227279 - Holdem no limit (10/20) - 2023/02/12 18:41:19 UTC
Table: 'Expresso Nitro(632732958)#0' 3-max (real money) Seat #2 is the button
Seat 1: Djhon-_-djho (240)
Seat 2: -Swampy06- (100)
Seat 3: _SKR (560)
*** ANTE/BLINDS ***
_SKR posts small blind 10
Djhon-_-djho posts big blind 20
Dealt to _SKR [Kh 7h]
*** PRE-FLOP *** 
-Swampy06- raises 80 to 100 and is all-in
_SKR raises 460 to 560 and is all-in
Djhon-_-djho folds
*** FLOP *** [4h 3d 3c]
*** TURN *** [4h 3d 3c][7c]
*** RIVER *** [4h 3d 3c 7c][Tc]
*** SHOW DOWN ***
-Swampy06- shows [7s Ac] (Two pairs : 7 and 3)
_SKR shows [Kh 7h] (Two pairs : 7 and 3)
_SKR collected 460 from side pot 1
-Swampy06- collected 220 from main pot
*** SUMMARY ***
Total pot 680 | No rake
Board: [4h 3d 3c 7c Tc]
Seat 2: -Swampy06- (button) showed [7s Ac] and won 220 with Two pairs : 7 and 3
Seat 3: _SKR (small blind) showed [Kh 7h] and won 460 with Two pairs : 7 and 3


Winamax Poker - Tournament "Expresso Nitro" buyIn: 0.93€ + 0.07€ level: 2 - HandId: #2717567361711341569-5-1676227296 - Holdem no limit (15/30) - 2023/02/12 18:41:36 UTC
Table: 'Expresso Nitro(632732958)#0' 3-max (real money) Seat #3 is the button
Seat 1: Djhon-_-djho (220)
Seat 2: -Swampy06- (220)
Seat 3: _SKR (460)
*** ANTE/BLINDS ***
Djhon-_-djho posts small blind 15
-Swampy06- posts big blind 30
Dealt to _SKR [5h 3d]
*** PRE-FLOP *** 
_SKR folds
Djhon-_-djho calls 15
-Swampy06- checks
*** FLOP *** [Kc Ad 9c]
Djhon-_-djho bets 30
-Swampy06- calls 30
*** TURN *** [Kc Ad 9c][Qs]
Djhon-_-djho bets 42
-Swampy06- folds
Djhon-_-djho collected 162 from pot
*** SUMMARY ***
Total pot 162 | No rake
Board: [Kc Ad 9c Qs]
Seat 1: Djhon-_-djho (small blind) won 162


Winamax Poker - Tournament "Expresso Nitro" buyIn: 0.93€ + 0.07€ level: 2 - HandId: #2717567361711341569-6-1676227318 - Holdem no limit (15/30) - 2023/02/12 18:41:58 UTC
Table: 'Expresso Nitro(632732958)#0' 3-max (real money) Seat #1 is the button
Seat 1: Djhon-_-djho (280)
Seat 2: -Swampy06- (160)
Seat 3: _SKR (460)
*** ANTE/BLINDS ***
-Swampy06- posts small blind 15
_SKR posts big blind 30
Dealt to _SKR [6s 3s]
*** PRE-FLOP *** 
Djhon-_-djho calls 30
-Swampy06- folds
_SKR checks
*** FLOP *** [Jh Qs 8h]
_SKR checks
Djhon-_-djho checks
*** TURN *** [Jh Qs 8h][9s]
_SKR checks
Djhon-_-djho checks
*** RIVER *** [Jh Qs 8h 9s][Tc]
_SKR checks
Djhon-_-djho bets 30
_SKR calls 30
*** SHOW DOWN ***
Djhon-_-djho shows [4d 4c] (Straight Queen high)
_SKR shows [6s 3s] (Straight Queen high)
_SKR collected 68 from pot
Djhon-_-djho collected 67 from pot
*** SUMMARY ***
Total pot 135 | No rake
Board: [Jh Qs 8h 9s Tc]
Seat 1: Djhon-_-djho (button) showed [4d 4c] and won 67 with Straight Queen high
Seat 3: _SKR (big blind) showed [6s 3s] and won 68 with Straight Queen high


Winamax Poker - Tournament "Expresso Nitro" buyIn: 0.93€ + 0.07€ level: 3 - HandId: #2717567361711341569-7-1676227357 - Holdem no limit (20/40) - 2023/02/12 18:42:37 UTC
Table: 'Expresso Nitro(632732958)#0' 3-max (real money) Seat #2 is the button
Seat 1: Djhon-_-djho (287)
Seat 2: -Swampy06- (145)
Seat 3: _SKR (468)
*** ANTE/BLINDS ***
_SKR posts small blind 20
Djhon-_-djho posts big blind 40
Dealt to _SKR [Qd Jd]
*** PRE-FLOP *** 
-Swampy06- folds
_SKR raises 428 to 468 and is all-in
Djhon-_-djho folds
_SKR collected 508 from pot
*** SUMMARY ***
Total pot 508 | No rake
Seat 3: _SKR (small blind) won 508


Winamax Poker - Tournament "Expresso Nitro" buyIn: 0.93€ + 0.07€ level: 3 - HandId: #2717567361711341569-8-1676227369 - Holdem no limit (20/40) - 2023/02/12 18:42:49 UTC
Table: 'Expresso Nitro(632732958)#0' 3-max (real money) Seat #3 is the button
Seat 1: Djhon-_-djho (247)
Seat 2: -Swampy06- (145)
Seat 3: _SKR (508)
*** ANTE/BLINDS ***
Djhon-_-djho posts small blind 20
-Swampy06- posts big blind 40
Dealt to _SKR [8s 2d]
*** PRE-FLOP *** 
_SKR folds
Djhon-_-djho raises 40 to 80
-Swampy06- raises 65 to 145 and is all-in
Djhon-_-djho calls 65
*** FLOP *** [Qd 5d 3h]
*** TURN *** [Qd 5d 3h][As]
*** RIVER *** [Qd 5d 3h As][4s]
*** SHOW DOWN ***
Djhon-_-djho shows [Qc Tc] (One pair : Queens)
-Swampy06- shows [2h Ad] (Straight 5 high)
-Swampy06- collected 290 from pot
*** SUMMARY ***
Total pot 290 | No rake
Board: [Qd 5d 3h As 4s]
Seat 1: Djhon-_-djho (small blind) showed [Qc Tc] and lost with One pair : Queens
Seat 2: -Swampy06- (big blind) showed [2h Ad] and won 290 with Straight 5 high


Winamax Poker - Tournament "Expresso Nitro" buyIn: 0.93€ + 0.07€ level: 3 - HandId: #2717567361711341569-9-1676227392 - Holdem no limit (20/40) - 2023/02/12 18:43:12 UTC
Table: 'Expresso Nitro(632732958)#0' 3-max (real money) Seat #1 is the button
Seat 1: Djhon-_-djho (102)
Seat 2: -Swampy06- (290)
Seat 3: _SKR (508)
*** ANTE/BLINDS ***
-Swampy06- posts small blind 20
_SKR posts big blind 40
Dealt to _SKR [Kd 4c]
*** PRE-FLOP *** 
Djhon-_-djho raises 62 to 102 and is all-in
-Swampy06- folds
_SKR folds
Djhon-_-djho collected 162 from pot
*** SUMMARY ***
Total pot 162 | No rake
Seat 1: Djhon-_-djho (button) won 162


Winamax Poker - Tournament "Expresso Nitro" buyIn: 0.93€ + 0.07€ level: 3 - HandId: #2717567361711341569-10-1676227399 - Holdem no limit (20/40) - 2023/02/12 18:43:19 UTC
Table: 'Expresso Nitro(632732958)#0' 3-max (real money) Seat #2 is the button
Seat 1: Djhon-_-djho (162)
Seat 2: -Swampy06- (270)
Seat 3: _SKR (468)
*** ANTE/BLINDS ***
_SKR posts small blind 20
Djhon-_-djho posts big blind 40
Dealt to _SKR [7h 2d]
*** PRE-FLOP *** 
-Swampy06- folds
_SKR folds
Djhon-_-djho collected 60 from pot
*** SUMMARY ***
Total pot 60 | No rake
Seat 1: Djhon-_-djho (big blind) won 60


Winamax Poker - Tournament "Expresso Nitro" buyIn: 0.93€ + 0.07€ level: 4 - HandId: #2717567361711341569-11-1676227404 - Holdem no limit (30/60) - 2023/02/12 18:43:24 UTC
Table: 'Expresso Nitro(632732958)#0' 3-max (real money) Seat #3 is the button
Seat 1: Djhon-_-djho (182)
Seat 2: -Swampy06- (270)
Seat 3: _SKR (448)
*** ANTE/BLINDS ***
Djhon-_-djho posts small blind 30
-Swampy06- posts big blind 60
Dealt to _SKR [Qh Jd]
*** PRE-FLOP *** 
_SKR raises 388 to 448 and is all-in
Djhon-_-djho folds
-Swampy06- folds
_SKR collected 538 from pot
*** SUMMARY ***
Total pot 538 | No rake
Seat 3: _SKR (button) won 538


Winamax Poker - Tournament "Expresso Nitro" buyIn: 0.93€ + 0.07€ level: 4 - HandId: #2717567361711341569-12-1676227416 - Holdem no limit (30/60) - 2023/02/12 18:43:36 UTC
Table: 'Expresso Nitro(632732958)#0' 3-max (real money) Seat #1 is the button
Seat 1: Djhon-_-djho (152)
Seat 2: -Swampy06- (210)
Seat 3: _SKR (538)
*** ANTE/BLINDS ***
-Swampy06- posts small blind 30
_SKR posts big blind 60
Dealt to _SKR [Ts 6h]
*** PRE-FLOP *** 
Djhon-_-djho raises 60 to 120
-Swampy06- folds
_SKR folds
Djhon-_-djho collected 210 from pot
*** SUMMARY ***
Total pot 210 | No rake
Seat 1: Djhon-_-djho (button) won 210


Winamax Poker - Tournament "Expresso Nitro" buyIn: 0.93€ + 0.07€ level: 4 - HandId: #2717567361711341569-13-1676227425 - Holdem no limit (30/60) - 2023/02/12 18:43:45 UTC
Table: 'Expresso Nitro(632732958)#0' 3-max (real money) Seat #2 is the button
Seat 1: Djhon-_-djho (242)
Seat 2: -Swampy06- (180)
Seat 3: _SKR (478)
*** ANTE/BLINDS ***
_SKR posts small blind 30
Djhon-_-djho posts big blind 60
Dealt to _SKR [2c 8c]
*** PRE-FLOP *** 
-Swampy06- folds
_SKR folds
Djhon-_-djho collected 90 from pot
*** SUMMARY ***
Total pot 90 | No rake
Seat 1: Djhon-_-djho (big blind) won 90


Winamax Poker - Tournament "Expresso Nitro" buyIn: 0.93€ + 0.07€ level: 4 - HandId: #2717567361711341569-14-1676227431 - Holdem no limit (30/60) - 2023/02/12 18:43:51 UTC
Table: 'Expresso Nitro(632732958)#0' 3-max (real money) Seat #3 is the button
Seat 1: Djhon-_-djho (272)
Seat 2: -Swampy06- (180)
Seat 3: _SKR (448)
*** ANTE/BLINDS ***
Djhon-_-djho posts small blind 30
-Swampy06- posts big blind 60
Dealt to _SKR [5d Qs]
*** PRE-FLOP *** 
_SKR folds
Djhon-_-djho raises 60 to 120
-Swampy06- raises 60 to 180 and is all-in
Djhon-_-djho calls 60
*** FLOP *** [2c 3s 9d]
*** TURN *** [2c 3s 9d][4s]
*** RIVER *** [2c 3s 9d 4s][9c]
*** SHOW DOWN ***
Djhon-_-djho shows [Qd Tc] (One pair : 9)
-Swampy06- shows [3d Td] (Two pairs : 9 and 3)
-Swampy06- collected 360 from pot
*** SUMMARY ***
Total pot 360 | No rake
Board: [2c 3s 9d 4s 9c]
Seat 1: Djhon-_-djho (small blind) showed [Qd Tc] and lost with One pair : 9
Seat 2: -Swampy06- (big blind) showed [3d Td] and won 360 with Two pairs : 9 and 3


Winamax Poker - Tournament "Expresso Nitro" buyIn: 0.93€ + 0.07€ level: 4 - HandId: #2717567361711341569-15-1676227450 - Holdem no limit (30/60) - 2023/02/12 18:44:10 UTC
Table: 'Expresso Nitro(632732958)#0' 3-max (real money) Seat #1 is the button
Seat 1: Djhon-_-djho (92)
Seat 2: -Swampy06- (360)
Seat 3: _SKR (448)
*** ANTE/BLINDS ***
-Swampy06- posts small blind 30
_SKR posts big blind 60
Dealt to _SKR [4d Jd]
*** PRE-FLOP *** 
Djhon-_-djho raises 32 to 92 and is all-in
-Swampy06- folds
_SKR calls 32
*** FLOP *** [4s 7s 3c]
*** TURN *** [4s 7s 3c][8d]
*** RIVER *** [4s 7s 3c 8d][9c]
*** SHOW DOWN ***
_SKR shows [4d Jd] (One pair : 4)
Djhon-_-djho shows [7h Ts] (One pair : 7)
Djhon-_-djho collected 214 from pot
*** SUMMARY ***
Total pot 214 | No rake
Board: [4s 7s 3c 8d 9c]
Seat 1: Djhon-_-djho (button) showed [7h Ts] and won 214 with One pair : 7
Seat 3: _SKR (big blind) showed [4d Jd] and lost with One pair : 4


Winamax Poker - Tournament "Expresso Nitro" buyIn: 0.93€ + 0.07€ level: 5 - HandId: #2717567361711341569-16-1676227472 - Holdem no limit (40/80) - 2023/02/12 18:44:32 UTC
Table: 'Expresso Nitro(632732958)#0' 3-max (real money) Seat #2 is the button
Seat 1: Djhon-_-djho (214)
Seat 2: -Swampy06- (330)
Seat 3: _SKR (356)
*** ANTE/BLINDS ***
_SKR posts small blind 40
Djhon-_-djho posts big blind 80
Dealt to _SKR [Ac 2c]
*** PRE-FLOP *** 
-Swampy06- raises 250 to 330 and is all-in
_SKR raises 26 to 356 and is all-in
Djhon-_-djho calls 134 and is all-in
*** FLOP *** [Qh 8d Td]
*** TURN *** [Qh 8d Td][9h]
*** RIVER *** [Qh 8d Td 9h][Tc]
*** SHOW DOWN ***
Djhon-_-djho shows [Jd Qs] (Straight Queen high)
-Swampy06- shows [Ts 9d] (Full of Tens and 9)
_SKR shows [Ac 2c] (One pair : Tens)
_SKR collected 26 from side pot 1
-Swampy06- collected 874 from main pot
*** SUMMARY ***
Total pot 900 | No rake
Board: [Qh 8d Td 9h Tc]
Seat 1: Djhon-_-djho (big blind) showed [Jd Qs] and lost with Straight Queen high
Seat 2: -Swampy06- (button) showed [Ts 9d] and won 874 with Full of Tens and 9
Seat 3: _SKR (small blind) showed [Ac 2c] and won 26 with One pair : Tens


Winamax Poker - Tournament "Expresso Nitro" buyIn: 0.93€ + 0.07€ level: 5 - HandId: #2717567361711341569-17-1676227496 - Holdem no limit (40/80) - 2023/02/12 18:44:56 UTC
Table: 'Expresso Nitro(632732958)#0' 3-max (real money) Seat #2 is the button
Seat 2: -Swampy06- (874)
Seat 3: _SKR (26)
*** ANTE/BLINDS ***
-Swampy06- posts small blind 40
_SKR posts big blind 26 and is all-in
Dealt to _SKR [Ks Jd]
*** PRE-FLOP *** 
*** FLOP *** [4c 2h 3d]
*** TURN *** [4c 2h 3d][9s]
*** RIVER *** [4c 2h 3d 9s][6s]
*** SHOW DOWN ***
_SKR shows [Ks Jd] (High card : King)
-Swampy06- shows [6h 8s] (One pair : 6)
-Swampy06- collected 66 from pot
*** SUMMARY ***
Total pot 66 | No rake
Board: [4c 2h 3d 9s 6s]
Seat 2: -Swampy06- (small blind) (button) showed [6h 8s] and won 66 with One pair : 6
Seat 3: _SKR (big blind) showed [Ks Jd] and lost with High card : King


