Winamax Poker - Tournament "Expresso Nitro" buyIn: 0.93€ + 0.07€ level: 1 - HandId: #2729151859171262465-1-1676903226 - Holdem no limit (10/20) - 2023/02/20 14:27:06 UTC
Table: 'Expresso Nitro(635430184)#0' 3-max (real money) Seat #1 is the button
Seat 1: Ratchon49 (300)
Seat 2: _SKR (300)
Seat 3: KCDQ67210 (300)
*** ANTE/BLINDS ***
_SKR posts small blind 10
KCDQ67210 posts big blind 20
Dealt to _SKR [Kd 9c]
*** PRE-FLOP *** 
Ratchon49 folds
_SKR raises 20 to 40
KCDQ67210 calls 20
*** FLOP *** [Jh 7h 6h]
_SKR checks
KCDQ67210 bets 80
_SKR folds
KCDQ67210 collected 160 from pot
*** SUMMARY ***
Total pot 160 | No rake
Board: [Jh 7h 6h]
Seat 3: KCDQ67210 (big blind) won 160


Winamax Poker - Tournament "Expresso Nitro" buyIn: 0.93€ + 0.07€ level: 1 - HandId: #2729151859171262465-2-1676903249 - Holdem no limit (10/20) - 2023/02/20 14:27:29 UTC
Table: 'Expresso Nitro(635430184)#0' 3-max (real money) Seat #2 is the button
Seat 1: Ratchon49 (300)
Seat 2: _SKR (260)
Seat 3: KCDQ67210 (340)
*** ANTE/BLINDS ***
KCDQ67210 posts small blind 10
Ratchon49 posts big blind 20
Dealt to _SKR [6h Th]
*** PRE-FLOP *** 
_SKR folds
KCDQ67210 folds
Ratchon49 collected 30 from pot
*** SUMMARY ***
Total pot 30 | No rake
Seat 1: Ratchon49 (big blind) won 30


Winamax Poker - Tournament "Expresso Nitro" buyIn: 0.93€ + 0.07€ level: 1 - HandId: #2729151859171262465-3-1676903265 - Holdem no limit (10/20) - 2023/02/20 14:27:45 UTC
Table: 'Expresso Nitro(635430184)#0' 3-max (real money) Seat #3 is the button
Seat 1: Ratchon49 (310)
Seat 2: _SKR (260)
Seat 3: KCDQ67210 (330)
*** ANTE/BLINDS ***
Ratchon49 posts small blind 10
_SKR posts big blind 20
Dealt to _SKR [Ah 6h]
*** PRE-FLOP *** 
KCDQ67210 raises 310 to 330 and is all-in
Ratchon49 folds
_SKR folds
KCDQ67210 collected 360 from pot
*** SUMMARY ***
Total pot 360 | No rake
Seat 3: KCDQ67210 (button) won 360


Winamax Poker - Tournament "Expresso Nitro" buyIn: 0.93€ + 0.07€ level: 1 - HandId: #2729151859171262465-4-1676903276 - Holdem no limit (10/20) - 2023/02/20 14:27:56 UTC
Table: 'Expresso Nitro(635430184)#0' 3-max (real money) Seat #1 is the button
Seat 1: Ratchon49 (300)
Seat 2: _SKR (240)
Seat 3: KCDQ67210 (360)
*** ANTE/BLINDS ***
_SKR posts small blind 10
KCDQ67210 posts big blind 20
Dealt to _SKR [2d Kd]
*** PRE-FLOP *** 
Ratchon49 raises 50 to 70
_SKR folds
KCDQ67210 folds
Ratchon49 collected 100 from pot
*** SUMMARY ***
Total pot 100 | No rake
Seat 1: Ratchon49 (button) won 100


Winamax Poker - Tournament "Expresso Nitro" buyIn: 0.93€ + 0.07€ level: 2 - HandId: #2729151859171262465-5-1676903283 - Holdem no limit (15/30) - 2023/02/20 14:28:03 UTC
Table: 'Expresso Nitro(635430184)#0' 3-max (real money) Seat #2 is the button
Seat 1: Ratchon49 (330)
Seat 2: _SKR (230)
Seat 3: KCDQ67210 (340)
*** ANTE/BLINDS ***
KCDQ67210 posts small blind 15
Ratchon49 posts big blind 30
Dealt to _SKR [3d Jd]
*** PRE-FLOP *** 
_SKR folds
KCDQ67210 raises 60 to 90
Ratchon49 folds
KCDQ67210 collected 120 from pot
*** SUMMARY ***
Total pot 120 | No rake
Seat 3: KCDQ67210 (small blind) won 120


Winamax Poker - Tournament "Expresso Nitro" buyIn: 0.93€ + 0.07€ level: 2 - HandId: #2729151859171262465-6-1676903293 - Holdem no limit (15/30) - 2023/02/20 14:28:13 UTC
Table: 'Expresso Nitro(635430184)#0' 3-max (real money) Seat #3 is the button
Seat 1: Ratchon49 (300)
Seat 2: _SKR (230)
Seat 3: KCDQ67210 (370)
*** ANTE/BLINDS ***
Ratchon49 posts small blind 15
_SKR posts big blind 30
Dealt to _SKR [9s 8d]
*** PRE-FLOP *** 
KCDQ67210 folds
Ratchon49 calls 15
_SKR checks
*** FLOP *** [3d 8s 7s]
Ratchon49 checks
_SKR checks
*** TURN *** [3d 8s 7s][Td]
Ratchon49 checks
_SKR bets 39
Ratchon49 calls 39
*** RIVER *** [3d 8s 7s Td][4s]
Ratchon49 checks
_SKR checks
*** SHOW DOWN ***
Ratchon49 shows [5d 4d] (One pair : 4)
_SKR shows [9s 8d] (One pair : 8)
_SKR collected 138 from pot
*** SUMMARY ***
Total pot 138 | No rake
Board: [3d 8s 7s Td 4s]
Seat 1: Ratchon49 (small blind) showed [5d 4d] and lost with One pair : 4
Seat 2: _SKR (big blind) showed [9s 8d] and won 138 with One pair : 8


Winamax Poker - Tournament "Expresso Nitro" buyIn: 0.93€ + 0.07€ level: 2 - HandId: #2729151859171262465-7-1676903320 - Holdem no limit (15/30) - 2023/02/20 14:28:40 UTC
Table: 'Expresso Nitro(635430184)#0' 3-max (real money) Seat #1 is the button
Seat 1: Ratchon49 (231)
Seat 2: _SKR (299)
Seat 3: KCDQ67210 (370)
*** ANTE/BLINDS ***
_SKR posts small blind 15
KCDQ67210 posts big blind 30
Dealt to _SKR [3c Qh]
*** PRE-FLOP *** 
Ratchon49 calls 30
_SKR folds
KCDQ67210 raises 340 to 370 and is all-in
Ratchon49 calls 201 and is all-in
*** FLOP *** [6d 3d Kh]
*** TURN *** [6d 3d Kh][Ks]
*** RIVER *** [6d 3d Kh Ks][Jh]
*** SHOW DOWN ***
Ratchon49 shows [8h 7h] (One pair : Kings)
KCDQ67210 shows [4h 4d] (Two pairs : Kings and 4)
KCDQ67210 collected 616 from pot
*** SUMMARY ***
Total pot 616 | No rake
Board: [6d 3d Kh Ks Jh]
Seat 1: Ratchon49 (button) showed [8h 7h] and lost with One pair : Kings
Seat 3: KCDQ67210 (big blind) showed [4h 4d] and won 616 with Two pairs : Kings and 4


Winamax Poker - Tournament "Expresso Nitro" buyIn: 0.93€ + 0.07€ level: 3 - HandId: #2729151859171262465-8-1676903346 - Holdem no limit (20/40) - 2023/02/20 14:29:06 UTC
Table: 'Expresso Nitro(635430184)#0' 3-max (real money) Seat #3 is the button
Seat 2: _SKR (284)
Seat 3: KCDQ67210 (616)
*** ANTE/BLINDS ***
KCDQ67210 posts small blind 20
_SKR posts big blind 40
Dealt to _SKR [Ah Jc]
*** PRE-FLOP *** 
KCDQ67210 raises 80 to 120
_SKR raises 164 to 284 and is all-in
KCDQ67210 calls 164
*** FLOP *** [3s Js 9d]
*** TURN *** [3s Js 9d][5h]
*** RIVER *** [3s Js 9d 5h][7c]
*** SHOW DOWN ***
KCDQ67210 shows [Qc As] (High card : Ace)
_SKR shows [Ah Jc] (One pair : Jacks)
_SKR collected 568 from pot
*** SUMMARY ***
Total pot 568 | No rake
Board: [3s Js 9d 5h 7c]
Seat 2: _SKR (big blind) showed [Ah Jc] and won 568 with One pair : Jacks
Seat 3: KCDQ67210 (small blind) (button) showed [Qc As] and lost with High card : Ace


Winamax Poker - Tournament "Expresso Nitro" buyIn: 0.93€ + 0.07€ level: 3 - HandId: #2729151859171262465-9-1676903377 - Holdem no limit (20/40) - 2023/02/20 14:29:37 UTC
Table: 'Expresso Nitro(635430184)#0' 3-max (real money) Seat #2 is the button
Seat 2: _SKR (568)
Seat 3: KCDQ67210 (332)
*** ANTE/BLINDS ***
_SKR posts small blind 20
KCDQ67210 posts big blind 40
Dealt to _SKR [3d Qd]
*** PRE-FLOP *** 
_SKR raises 528 to 568 and is all-in
KCDQ67210 calls 292 and is all-in
*** FLOP *** [Ad 7h Jh]
*** TURN *** [Ad 7h Jh][9h]
*** RIVER *** [Ad 7h Jh 9h][6h]
*** SHOW DOWN ***
_SKR shows [3d Qd] (High card : Ace)
KCDQ67210 shows [Js Qc] (One pair : Jacks)
KCDQ67210 collected 664 from main pot
_SKR collected 236 from side pot 1
*** SUMMARY ***
Total pot 900 | No rake
Board: [Ad 7h Jh 9h 6h]
Seat 2: _SKR (small blind) (button) showed [3d Qd] and won 236 with High card : Ace
Seat 3: KCDQ67210 (big blind) showed [Js Qc] and won 664 with One pair : Jacks


Winamax Poker - Tournament "Expresso Nitro" buyIn: 0.93€ + 0.07€ level: 3 - HandId: #2729151859171262465-10-1676903388 - Holdem no limit (20/40) - 2023/02/20 14:29:48 UTC
Table: 'Expresso Nitro(635430184)#0' 3-max (real money) Seat #3 is the button
Seat 2: _SKR (236)
Seat 3: KCDQ67210 (664)
*** ANTE/BLINDS ***
KCDQ67210 posts small blind 20
_SKR posts big blind 40
Dealt to _SKR [Jc 9d]
*** PRE-FLOP *** 
KCDQ67210 folds
_SKR collected 60 from pot
*** SUMMARY ***
Total pot 60 | No rake
Seat 2: _SKR (big blind) won 60


Winamax Poker - Tournament "Expresso Nitro" buyIn: 0.93€ + 0.07€ level: 3 - HandId: #2729151859171262465-11-1676903392 - Holdem no limit (20/40) - 2023/02/20 14:29:52 UTC
Table: 'Expresso Nitro(635430184)#0' 3-max (real money) Seat #2 is the button
Seat 2: _SKR (256)
Seat 3: KCDQ67210 (644)
*** ANTE/BLINDS ***
_SKR posts small blind 20
KCDQ67210 posts big blind 40
Dealt to _SKR [Kh 8s]
*** PRE-FLOP *** 
_SKR raises 216 to 256 and is all-in
KCDQ67210 folds
_SKR collected 296 from pot
*** SUMMARY ***
Total pot 296 | No rake
Seat 2: _SKR (small blind) (button) won 296


Winamax Poker - Tournament "Expresso Nitro" buyIn: 0.93€ + 0.07€ level: 4 - HandId: #2729151859171262465-12-1676903404 - Holdem no limit (30/60) - 2023/02/20 14:30:04 UTC
Table: 'Expresso Nitro(635430184)#0' 3-max (real money) Seat #3 is the button
Seat 2: _SKR (296)
Seat 3: KCDQ67210 (604)
*** ANTE/BLINDS ***
KCDQ67210 posts small blind 30
_SKR posts big blind 60
Dealt to _SKR [4d Js]
*** PRE-FLOP *** 
KCDQ67210 folds
_SKR collected 90 from pot
*** SUMMARY ***
Total pot 90 | No rake
Seat 2: _SKR (big blind) won 90


Winamax Poker - Tournament "Expresso Nitro" buyIn: 0.93€ + 0.07€ level: 4 - HandId: #2729151859171262465-13-1676903408 - Holdem no limit (30/60) - 2023/02/20 14:30:08 UTC
Table: 'Expresso Nitro(635430184)#0' 3-max (real money) Seat #2 is the button
Seat 2: _SKR (326)
Seat 3: KCDQ67210 (574)
*** ANTE/BLINDS ***
_SKR posts small blind 30
KCDQ67210 posts big blind 60
Dealt to _SKR [4s 5s]
*** PRE-FLOP *** 
_SKR folds
KCDQ67210 collected 90 from pot
*** SUMMARY ***
Total pot 90 | No rake
Seat 3: KCDQ67210 (big blind) won 90


Winamax Poker - Tournament "Expresso Nitro" buyIn: 0.93€ + 0.07€ level: 4 - HandId: #2729151859171262465-14-1676903415 - Holdem no limit (30/60) - 2023/02/20 14:30:15 UTC
Table: 'Expresso Nitro(635430184)#0' 3-max (real money) Seat #3 is the button
Seat 2: _SKR (296)
Seat 3: KCDQ67210 (604)
*** ANTE/BLINDS ***
KCDQ67210 posts small blind 30
_SKR posts big blind 60
Dealt to _SKR [Ts Qd]
*** PRE-FLOP *** 
KCDQ67210 raises 544 to 604 and is all-in
_SKR calls 236 and is all-in
*** FLOP *** [9c 4h 5d]
*** TURN *** [9c 4h 5d][Jd]
*** RIVER *** [9c 4h 5d Jd][4d]
*** SHOW DOWN ***
_SKR shows [Ts Qd] (One pair : 4)
KCDQ67210 shows [6d 6c] (Two pairs : 6 and 4)
KCDQ67210 collected 900 from pot
*** SUMMARY ***
Total pot 900 | No rake
Board: [9c 4h 5d Jd 4d]
Seat 2: _SKR (big blind) showed [Ts Qd] and lost with One pair : 4
Seat 3: KCDQ67210 (small blind) (button) showed [6d 6c] and won 900 with Two pairs : 6 and 4


