Winamax Poker - Tournament "Expresso Nitro" buyIn: 1.86€ + 0.14€ level: 1 - HandId: #2696518890929782785-1-1675084688 - Holdem no limit (10/20) - 2023/01/30 13:18:08 UTC
Table: 'Expresso Nitro(627832229)#0' 3-max (real money) Seat #1 is the button
Seat 1: xjf38 (300)
Seat 2: _SKR (300)
Seat 3: maron43 (300)
*** ANTE/BLINDS ***
_SKR posts small blind 10
maron43 posts big blind 20
Dealt to _SKR [2h 5s]
*** PRE-FLOP *** 
xjf38 calls 20
_SKR folds
maron43 raises 50 to 70
xjf38 calls 50
*** FLOP *** [Qs Td Jc]
maron43 bets 98
xjf38 folds
maron43 collected 248 from pot
*** SUMMARY ***
Total pot 248 | No rake
Board: [Qs Td Jc]
Seat 3: maron43 (big blind) won 248


Winamax Poker - Tournament "Expresso Nitro" buyIn: 1.86€ + 0.14€ level: 1 - HandId: #2696518890929782785-2-1675084705 - Holdem no limit (10/20) - 2023/01/30 13:18:25 UTC
Table: 'Expresso Nitro(627832229)#0' 3-max (real money) Seat #2 is the button
Seat 1: xjf38 (230)
Seat 2: _SKR (290)
Seat 3: maron43 (380)
*** ANTE/BLINDS ***
maron43 posts small blind 10
xjf38 posts big blind 20
Dealt to _SKR [5d 7h]
*** PRE-FLOP *** 
_SKR folds
maron43 calls 10
xjf38 checks
*** FLOP *** [3s Ah 4h]
maron43 bets 40
xjf38 folds
maron43 collected 80 from pot
*** SUMMARY ***
Total pot 80 | No rake
Board: [3s Ah 4h]
Seat 3: maron43 (small blind) won 80


Winamax Poker - Tournament "Expresso Nitro" buyIn: 1.86€ + 0.14€ level: 1 - HandId: #2696518890929782785-3-1675084720 - Holdem no limit (10/20) - 2023/01/30 13:18:40 UTC
Table: 'Expresso Nitro(627832229)#0' 3-max (real money) Seat #3 is the button
Seat 1: xjf38 (210)
Seat 2: _SKR (290)
Seat 3: maron43 (400)
*** ANTE/BLINDS ***
xjf38 posts small blind 10
_SKR posts big blind 20
Dealt to _SKR [2s Ts]
*** PRE-FLOP *** 
maron43 calls 20
xjf38 folds
_SKR checks
*** FLOP *** [6h Kd 9d]
_SKR checks
maron43 checks
*** TURN *** [6h Kd 9d][9c]
_SKR checks
maron43 checks
*** RIVER *** [6h Kd 9d 9c][7h]
_SKR bets 33
maron43 folds
_SKR collected 83 from pot
*** SUMMARY ***
Total pot 83 | No rake
Board: [6h Kd 9d 9c 7h]
Seat 2: _SKR (big blind) won 83


Winamax Poker - Tournament "Expresso Nitro" buyIn: 1.86€ + 0.14€ level: 2 - HandId: #2696518890929782785-4-1675084751 - Holdem no limit (15/30) - 2023/01/30 13:19:11 UTC
Table: 'Expresso Nitro(627832229)#0' 3-max (real money) Seat #1 is the button
Seat 1: xjf38 (200)
Seat 2: _SKR (320)
Seat 3: maron43 (380)
*** ANTE/BLINDS ***
_SKR posts small blind 15
maron43 posts big blind 30
Dealt to _SKR [Qc 5h]
*** PRE-FLOP *** 
xjf38 calls 30
_SKR folds
maron43 checks
*** FLOP *** [Js Kc 7s]
maron43 checks
xjf38 checks
*** TURN *** [Js Kc 7s][Jc]
maron43 checks
xjf38 checks
*** RIVER *** [Js Kc 7s Jc][4d]
maron43 checks
xjf38 checks
*** SHOW DOWN ***
xjf38 shows [6d 5d] (One pair : Jacks)
maron43 shows [Ac 3h] (One pair : Jacks)
maron43 collected 75 from pot
*** SUMMARY ***
Total pot 75 | No rake
Board: [Js Kc 7s Jc 4d]
Seat 1: xjf38 (button) showed [6d 5d] and lost with One pair : Jacks
Seat 3: maron43 (big blind) showed [Ac 3h] and won 75 with One pair : Jacks


Winamax Poker - Tournament "Expresso Nitro" buyIn: 1.86€ + 0.14€ level: 2 - HandId: #2696518890929782785-5-1675084774 - Holdem no limit (15/30) - 2023/01/30 13:19:34 UTC
Table: 'Expresso Nitro(627832229)#0' 3-max (real money) Seat #2 is the button
Seat 1: xjf38 (170)
Seat 2: _SKR (305)
Seat 3: maron43 (425)
*** ANTE/BLINDS ***
maron43 posts small blind 15
xjf38 posts big blind 30
Dealt to _SKR [Th 6d]
*** PRE-FLOP *** 
_SKR folds
maron43 raises 395 to 425 and is all-in
xjf38 folds
maron43 collected 455 from pot
*** SUMMARY ***
Total pot 455 | No rake
Seat 3: maron43 (small blind) won 455


Winamax Poker - Tournament "Expresso Nitro" buyIn: 1.86€ + 0.14€ level: 2 - HandId: #2696518890929782785-6-1675084781 - Holdem no limit (15/30) - 2023/01/30 13:19:41 UTC
Table: 'Expresso Nitro(627832229)#0' 3-max (real money) Seat #3 is the button
Seat 1: xjf38 (140)
Seat 2: _SKR (305)
Seat 3: maron43 (455)
*** ANTE/BLINDS ***
xjf38 posts small blind 15
_SKR posts big blind 30
Dealt to _SKR [As 5s]
*** PRE-FLOP *** 
maron43 calls 30
xjf38 calls 15
_SKR raises 275 to 305 and is all-in
maron43 calls 275
xjf38 folds
*** FLOP *** [3c 3d Kc]
*** TURN *** [3c 3d Kc][2s]
*** RIVER *** [3c 3d Kc 2s][6c]
*** SHOW DOWN ***
_SKR shows [As 5s] (One pair : 3)
maron43 shows [9s Ac] (One pair : 3)
maron43 collected 640 from pot
*** SUMMARY ***
Total pot 640 | No rake
Board: [3c 3d Kc 2s 6c]
Seat 2: _SKR (big blind) showed [As 5s] and lost with One pair : 3
Seat 3: maron43 (button) showed [9s Ac] and won 640 with One pair : 3


