Winamax Poker - Tournament "Expresso Nitro" buyIn: 0.93€ + 0.07€ level: 1 - HandId: #2666605345656274945-1-1673284673 - Holdem no limit (10/20) - 2023/01/09 17:17:53 UTC
Table: 'Expresso Nitro(620867439)#0' 3-max (real money) Seat #1 is the button
Seat 1: _SKR (300)
Seat 2: Tai Phong (300)
Seat 3: skywalker547 (300)
*** ANTE/BLINDS ***
Tai Phong posts small blind 10
skywalker547 posts big blind 20
Dealt to _SKR [Ah 7c]
*** PRE-FLOP *** 
_SKR raises 20 to 40
Tai Phong folds
skywalker547 folds
_SKR collected 70 from pot
*** SUMMARY ***
Total pot 70 | No rake
Seat 1: _SKR (button) won 70


Winamax Poker - Tournament "Expresso Nitro" buyIn: 0.93€ + 0.07€ level: 1 - HandId: #2666605345656274945-2-1673284680 - Holdem no limit (10/20) - 2023/01/09 17:18:00 UTC
Table: 'Expresso Nitro(620867439)#0' 3-max (real money) Seat #2 is the button
Seat 1: _SKR (330)
Seat 2: Tai Phong (290)
Seat 3: skywalker547 (280)
*** ANTE/BLINDS ***
skywalker547 posts small blind 10
_SKR posts big blind 20
Dealt to _SKR [Kc 5d]
*** PRE-FLOP *** 
Tai Phong raises 20 to 40
skywalker547 folds
_SKR folds
Tai Phong collected 70 from pot
*** SUMMARY ***
Total pot 70 | No rake
Seat 2: Tai Phong (button) won 70


Winamax Poker - Tournament "Expresso Nitro" buyIn: 0.93€ + 0.07€ level: 1 - HandId: #2666605345656274945-3-1673284689 - Holdem no limit (10/20) - 2023/01/09 17:18:09 UTC
Table: 'Expresso Nitro(620867439)#0' 3-max (real money) Seat #3 is the button
Seat 1: _SKR (310)
Seat 2: Tai Phong (320)
Seat 3: skywalker547 (270)
*** ANTE/BLINDS ***
_SKR posts small blind 10
Tai Phong posts big blind 20
Dealt to _SKR [7d 8d]
*** PRE-FLOP *** 
skywalker547 folds
_SKR raises 20 to 40
Tai Phong calls 20
*** FLOP *** [4h Ks 8c]
_SKR bets 28
Tai Phong folds
_SKR collected 108 from pot
*** SUMMARY ***
Total pot 108 | No rake
Board: [4h Ks 8c]
Seat 1: _SKR (small blind) won 108


Winamax Poker - Tournament "Expresso Nitro" buyIn: 0.93€ + 0.07€ level: 1 - HandId: #2666605345656274945-4-1673284705 - Holdem no limit (10/20) - 2023/01/09 17:18:25 UTC
Table: 'Expresso Nitro(620867439)#0' 3-max (real money) Seat #1 is the button
Seat 1: _SKR (350)
Seat 2: Tai Phong (280)
Seat 3: skywalker547 (270)
*** ANTE/BLINDS ***
Tai Phong posts small blind 10
skywalker547 posts big blind 20
Dealt to _SKR [2d 7h]
*** PRE-FLOP *** 
_SKR folds
Tai Phong calls 10
skywalker547 raises 250 to 270 and is all-in
Tai Phong raises 10 to 280 and is all-in
*** FLOP *** [6d Th 9d]
*** TURN *** [6d Th 9d][2h]
*** RIVER *** [6d Th 9d 2h][2c]
*** SHOW DOWN ***
Tai Phong shows [Td Qd] (Two pairs : Tens and 2)
skywalker547 shows [9s 9h] (Full of 9 and 2)
skywalker547 collected 540 from main pot
Tai Phong collected 10 from side pot 1
*** SUMMARY ***
Total pot 550 | No rake
Board: [6d Th 9d 2h 2c]
Seat 2: Tai Phong (small blind) showed [Td Qd] and won 10 with Two pairs : Tens and 2
Seat 3: skywalker547 (big blind) showed [9s 9h] and won 540 with Full of 9 and 2


Winamax Poker - Tournament "Expresso Nitro" buyIn: 0.93€ + 0.07€ level: 1 - HandId: #2666605345656274945-5-1673284720 - Holdem no limit (10/20) - 2023/01/09 17:18:40 UTC
Table: 'Expresso Nitro(620867439)#0' 3-max (real money) Seat #2 is the button
Seat 1: _SKR (350)
Seat 2: Tai Phong (10)
Seat 3: skywalker547 (540)
*** ANTE/BLINDS ***
skywalker547 posts small blind 10
_SKR posts big blind 20
Dealt to _SKR [Th 5s]
*** PRE-FLOP *** 
Tai Phong calls 10 and is all-in
skywalker547 calls 10
_SKR checks
*** FLOP *** [Qh 4h Js]
skywalker547 checks
_SKR checks
*** TURN *** [Qh 4h Js][Tc]
skywalker547 checks
_SKR checks
*** RIVER *** [Qh 4h Js Tc][3c]
skywalker547 checks
_SKR checks
*** SHOW DOWN ***
skywalker547 shows [7s 9s] (High card : Queen)
_SKR shows [Th 5s] (One pair : Tens)
Tai Phong shows [7h Jh] (One pair : Jacks)
Tai Phong collected 30 from main pot
_SKR collected 20 from side pot 1
*** SUMMARY ***
Total pot 50 | No rake
Board: [Qh 4h Js Tc 3c]
Seat 1: _SKR (big blind) showed [Th 5s] and won 20 with One pair : Tens
Seat 2: Tai Phong (button) showed [7h Jh] and won 30 with One pair : Jacks
Seat 3: skywalker547 (small blind) showed [7s 9s] and lost with High card : Queen


Winamax Poker - Tournament "Expresso Nitro" buyIn: 0.93€ + 0.07€ level: 2 - HandId: #2666605345656274945-6-1673284746 - Holdem no limit (15/30) - 2023/01/09 17:19:06 UTC
Table: 'Expresso Nitro(620867439)#0' 3-max (real money) Seat #3 is the button
Seat 1: _SKR (350)
Seat 2: Tai Phong (30)
Seat 3: skywalker547 (520)
*** ANTE/BLINDS ***
_SKR posts small blind 15
Tai Phong posts big blind 30 and is all-in
Dealt to _SKR [5d 4c]
*** PRE-FLOP *** 
skywalker547 folds
_SKR calls 15
*** FLOP *** [8d Kc 9d]
*** TURN *** [8d Kc 9d][Ad]
*** RIVER *** [8d Kc 9d Ad][7s]
*** SHOW DOWN ***
_SKR shows [5d 4c] (High card : Ace)
Tai Phong shows [3h 5h] (High card : Ace)
Tai Phong collected 30 from pot
_SKR collected 30 from pot
*** SUMMARY ***
Total pot 60 | No rake
Board: [8d Kc 9d Ad 7s]
Seat 1: _SKR (small blind) showed [5d 4c] and won 30 with High card : Ace
Seat 2: Tai Phong (big blind) showed [3h 5h] and won 30 with High card : Ace


Winamax Poker - Tournament "Expresso Nitro" buyIn: 0.93€ + 0.07€ level: 2 - HandId: #2666605345656274945-7-1673284757 - Holdem no limit (15/30) - 2023/01/09 17:19:17 UTC
Table: 'Expresso Nitro(620867439)#0' 3-max (real money) Seat #1 is the button
Seat 1: _SKR (350)
Seat 2: Tai Phong (30)
Seat 3: skywalker547 (520)
*** ANTE/BLINDS ***
Tai Phong posts small blind 15
skywalker547 posts big blind 30
Dealt to _SKR [5h 8c]
*** PRE-FLOP *** 
_SKR folds
Tai Phong calls 15 and is all-in
*** FLOP *** [Jd 3h 9s]
*** TURN *** [Jd 3h 9s][7h]
*** RIVER *** [Jd 3h 9s 7h][5s]
*** SHOW DOWN ***
skywalker547 shows [Qc 8s] (High card : Queen)
Tai Phong shows [3d Jh] (Two pairs : Jacks and 3)
Tai Phong collected 60 from pot
*** SUMMARY ***
Total pot 60 | No rake
Board: [Jd 3h 9s 7h 5s]
Seat 2: Tai Phong (small blind) showed [3d Jh] and won 60 with Two pairs : Jacks and 3
Seat 3: skywalker547 (big blind) showed [Qc 8s] and lost with High card : Queen


Winamax Poker - Tournament "Expresso Nitro" buyIn: 0.93€ + 0.07€ level: 2 - HandId: #2666605345656274945-8-1673284778 - Holdem no limit (15/30) - 2023/01/09 17:19:38 UTC
Table: 'Expresso Nitro(620867439)#0' 3-max (real money) Seat #2 is the button
Seat 1: _SKR (350)
Seat 2: Tai Phong (60)
Seat 3: skywalker547 (490)
*** ANTE/BLINDS ***
skywalker547 posts small blind 15
_SKR posts big blind 30
Dealt to _SKR [Ac 4s]
*** PRE-FLOP *** 
Tai Phong folds
skywalker547 raises 460 to 490 and is all-in
_SKR folds
skywalker547 collected 520 from pot
*** SUMMARY ***
Total pot 520 | No rake
Seat 3: skywalker547 (small blind) won 520


Winamax Poker - Tournament "Expresso Nitro" buyIn: 0.93€ + 0.07€ level: 3 - HandId: #2666605345656274945-9-1673284790 - Holdem no limit (20/40) - 2023/01/09 17:19:50 UTC
Table: 'Expresso Nitro(620867439)#0' 3-max (real money) Seat #3 is the button
Seat 1: _SKR (320)
Seat 2: Tai Phong (60)
Seat 3: skywalker547 (520)
*** ANTE/BLINDS ***
_SKR posts small blind 20
Tai Phong posts big blind 40
Dealt to _SKR [9s Qs]
*** PRE-FLOP *** 
skywalker547 folds
_SKR raises 40 to 80
Tai Phong calls 20 and is all-in
*** FLOP *** [As Js 3h]
*** TURN *** [As Js 3h][3c]
*** RIVER *** [As Js 3h 3c][9d]
*** SHOW DOWN ***
_SKR shows [9s Qs] (Two pairs : 9 and 3)
Tai Phong shows [Jd Jc] (Full of Jacks and 3)
Tai Phong collected 120 from main pot
_SKR collected 20 from side pot 1
*** SUMMARY ***
Total pot 140 | No rake
Board: [As Js 3h 3c 9d]
Seat 1: _SKR (small blind) showed [9s Qs] and won 20 with Two pairs : 9 and 3
Seat 2: Tai Phong (big blind) showed [Jd Jc] and won 120 with Full of Jacks and 3


Winamax Poker - Tournament "Expresso Nitro" buyIn: 0.93€ + 0.07€ level: 3 - HandId: #2666605345656274945-10-1673284824 - Holdem no limit (20/40) - 2023/01/09 17:20:24 UTC
Table: 'Expresso Nitro(620867439)#0' 3-max (real money) Seat #1 is the button
Seat 1: _SKR (260)
Seat 2: Tai Phong (120)
Seat 3: skywalker547 (520)
*** ANTE/BLINDS ***
Tai Phong posts small blind 20
skywalker547 posts big blind 40
Dealt to _SKR [5d 7h]
*** PRE-FLOP *** 
_SKR folds
Tai Phong calls 20
skywalker547 checks
*** FLOP *** [3s Ks 2h]
Tai Phong checks
skywalker547 checks
*** TURN *** [3s Ks 2h][4h]
Tai Phong checks
skywalker547 bets 40
Tai Phong folds
skywalker547 collected 120 from pot
*** SUMMARY ***
Total pot 120 | No rake
Board: [3s Ks 2h 4h]
Seat 3: skywalker547 (big blind) won 120


Winamax Poker - Tournament "Expresso Nitro" buyIn: 0.93€ + 0.07€ level: 3 - HandId: #2666605345656274945-11-1673284842 - Holdem no limit (20/40) - 2023/01/09 17:20:42 UTC
Table: 'Expresso Nitro(620867439)#0' 3-max (real money) Seat #2 is the button
Seat 1: _SKR (260)
Seat 2: Tai Phong (80)
Seat 3: skywalker547 (560)
*** ANTE/BLINDS ***
skywalker547 posts small blind 20
_SKR posts big blind 40
Dealt to _SKR [Ah 8c]
*** PRE-FLOP *** 
Tai Phong raises 40 to 80 and is all-in
skywalker547 folds
_SKR raises 40 to 120
*** FLOP *** [7d 7h Qh]
*** TURN *** [7d 7h Qh][7s]
*** RIVER *** [7d 7h Qh 7s][8h]
*** SHOW DOWN ***
Tai Phong shows [4c Ac] (Trips of 7)
_SKR shows [Ah 8c] (Full of 7 and 8)
_SKR collected 220 from pot
*** SUMMARY ***
Total pot 220 | No rake
Board: [7d 7h Qh 7s 8h]
Seat 1: _SKR (big blind) showed [Ah 8c] and won 220 with Full of 7 and 8
Seat 2: Tai Phong (button) showed [4c Ac] and lost with Trips of 7


Winamax Poker - Tournament "Expresso Nitro" buyIn: 0.93€ + 0.07€ level: 4 - HandId: #2666605345656274945-12-1673284856 - Holdem no limit (30/60) - 2023/01/09 17:20:56 UTC
Table: 'Expresso Nitro(620867439)#0' 3-max (real money) Seat #1 is the button
Seat 1: _SKR (360)
Seat 3: skywalker547 (540)
*** ANTE/BLINDS ***
_SKR posts small blind 30
skywalker547 posts big blind 60
Dealt to _SKR [3d Tc]
*** PRE-FLOP *** 
_SKR folds
skywalker547 collected 90 from pot
*** SUMMARY ***
Total pot 90 | No rake
Seat 3: skywalker547 (big blind) won 90


Winamax Poker - Tournament "Expresso Nitro" buyIn: 0.93€ + 0.07€ level: 4 - HandId: #2666605345656274945-13-1673284860 - Holdem no limit (30/60) - 2023/01/09 17:21:00 UTC
Table: 'Expresso Nitro(620867439)#0' 3-max (real money) Seat #3 is the button
Seat 1: _SKR (330)
Seat 3: skywalker547 (570)
*** ANTE/BLINDS ***
skywalker547 posts small blind 30
_SKR posts big blind 60
Dealt to _SKR [6d 3c]
*** PRE-FLOP *** 
skywalker547 raises 120 to 180
_SKR folds
skywalker547 collected 240 from pot
*** SUMMARY ***
Total pot 240 | No rake
Seat 3: skywalker547 (small blind) (button) won 240


Winamax Poker - Tournament "Expresso Nitro" buyIn: 0.93€ + 0.07€ level: 4 - HandId: #2666605345656274945-14-1673284868 - Holdem no limit (30/60) - 2023/01/09 17:21:08 UTC
Table: 'Expresso Nitro(620867439)#0' 3-max (real money) Seat #1 is the button
Seat 1: _SKR (270)
Seat 3: skywalker547 (630)
*** ANTE/BLINDS ***
_SKR posts small blind 30
skywalker547 posts big blind 60
Dealt to _SKR [4s Ah]
*** PRE-FLOP *** 
_SKR raises 210 to 270 and is all-in
skywalker547 calls 210
*** FLOP *** [9c Jc 3s]
*** TURN *** [9c Jc 3s][Kh]
*** RIVER *** [9c Jc 3s Kh][Jd]
*** SHOW DOWN ***
_SKR shows [4s Ah] (One pair : Jacks)
skywalker547 shows [Th Js] (Trips of Jacks)
skywalker547 collected 540 from pot
*** SUMMARY ***
Total pot 540 | No rake
Board: [9c Jc 3s Kh Jd]
Seat 1: _SKR (small blind) (button) showed [4s Ah] and lost with One pair : Jacks
Seat 3: skywalker547 (big blind) showed [Th Js] and won 540 with Trips of Jacks


