Winamax Poker - Tournament "Expresso Nitro" buyIn: 0.93€ + 0.07€ level: 1 - HandId: #2717601175988862977-1-1676228442 - Holdem no limit (10/20) - 2023/02/12 19:00:42 UTC
Table: 'Expresso Nitro(632740831)#0' 3-max (real money) Seat #2 is the button
Seat 1: LaauM (300)
Seat 2: Logre_94 (300)
Seat 3: _SKR (300)
*** ANTE/BLINDS ***
_SKR posts small blind 10
LaauM posts big blind 20
Dealt to _SKR [Qc 9h]
*** PRE-FLOP *** 
Logre_94 raises 280 to 300 and is all-in
_SKR folds
LaauM folds
Logre_94 collected 330 from pot
*** SUMMARY ***
Total pot 330 | No rake
Seat 2: Logre_94 (button) won 330


Winamax Poker - Tournament "Expresso Nitro" buyIn: 0.93€ + 0.07€ level: 1 - HandId: #2717601175988862977-2-1676228452 - Holdem no limit (10/20) - 2023/02/12 19:00:52 UTC
Table: 'Expresso Nitro(632740831)#0' 3-max (real money) Seat #3 is the button
Seat 1: LaauM (280)
Seat 2: Logre_94 (330)
Seat 3: _SKR (290)
*** ANTE/BLINDS ***
LaauM posts small blind 10
Logre_94 posts big blind 20
Dealt to _SKR [Js 4h]
*** PRE-FLOP *** 
_SKR folds
LaauM folds
Logre_94 collected 30 from pot
*** SUMMARY ***
Total pot 30 | No rake
Seat 2: Logre_94 (big blind) won 30


Winamax Poker - Tournament "Expresso Nitro" buyIn: 0.93€ + 0.07€ level: 1 - HandId: #2717601175988862977-3-1676228456 - Holdem no limit (10/20) - 2023/02/12 19:00:56 UTC
Table: 'Expresso Nitro(632740831)#0' 3-max (real money) Seat #1 is the button
Seat 1: LaauM (270)
Seat 2: Logre_94 (340)
Seat 3: _SKR (290)
*** ANTE/BLINDS ***
Logre_94 posts small blind 10
_SKR posts big blind 20
Dealt to _SKR [3d 9c]
*** PRE-FLOP *** 
LaauM folds
Logre_94 calls 10
_SKR checks
*** FLOP *** [Qd 3s 7s]
Logre_94 bets 20
_SKR folds
Logre_94 collected 60 from pot
*** SUMMARY ***
Total pot 60 | No rake
Board: [Qd 3s 7s]
Seat 2: Logre_94 (small blind) won 60


Winamax Poker - Tournament "Expresso Nitro" buyIn: 0.93€ + 0.07€ level: 1 - HandId: #2717601175988862977-4-1676228470 - Holdem no limit (10/20) - 2023/02/12 19:01:10 UTC
Table: 'Expresso Nitro(632740831)#0' 3-max (real money) Seat #2 is the button
Seat 1: LaauM (270)
Seat 2: Logre_94 (360)
Seat 3: _SKR (270)
*** ANTE/BLINDS ***
_SKR posts small blind 10
LaauM posts big blind 20
Dealt to _SKR [7d 4s]
*** PRE-FLOP *** 
Logre_94 folds
_SKR folds
LaauM collected 30 from pot
*** SUMMARY ***
Total pot 30 | No rake
Seat 1: LaauM (big blind) won 30


Winamax Poker - Tournament "Expresso Nitro" buyIn: 0.93€ + 0.07€ level: 1 - HandId: #2717601175988862977-5-1676228475 - Holdem no limit (10/20) - 2023/02/12 19:01:15 UTC
Table: 'Expresso Nitro(632740831)#0' 3-max (real money) Seat #3 is the button
Seat 1: LaauM (280)
Seat 2: Logre_94 (360)
Seat 3: _SKR (260)
*** ANTE/BLINDS ***
LaauM posts small blind 10
Logre_94 posts big blind 20
Dealt to _SKR [4c 6h]
*** PRE-FLOP *** 
_SKR folds
LaauM folds
Logre_94 collected 30 from pot
*** SUMMARY ***
Total pot 30 | No rake
Seat 2: Logre_94 (big blind) won 30


Winamax Poker - Tournament "Expresso Nitro" buyIn: 0.93€ + 0.07€ level: 1 - HandId: #2717601175988862977-6-1676228481 - Holdem no limit (10/20) - 2023/02/12 19:01:21 UTC
Table: 'Expresso Nitro(632740831)#0' 3-max (real money) Seat #1 is the button
Seat 1: LaauM (270)
Seat 2: Logre_94 (370)
Seat 3: _SKR (260)
*** ANTE/BLINDS ***
Logre_94 posts small blind 10
_SKR posts big blind 20
Dealt to _SKR [5h 6s]
*** PRE-FLOP *** 
LaauM raises 250 to 270 and is all-in
Logre_94 folds
_SKR folds
LaauM collected 300 from pot
*** SUMMARY ***
Total pot 300 | No rake
Seat 1: LaauM (button) won 300


Winamax Poker - Tournament "Expresso Nitro" buyIn: 0.93€ + 0.07€ level: 1 - HandId: #2717601175988862977-7-1676228494 - Holdem no limit (10/20) - 2023/02/12 19:01:34 UTC
Table: 'Expresso Nitro(632740831)#0' 3-max (real money) Seat #2 is the button
Seat 1: LaauM (300)
Seat 2: Logre_94 (360)
Seat 3: _SKR (240)
*** ANTE/BLINDS ***
_SKR posts small blind 10
LaauM posts big blind 20
Dealt to _SKR [Qd 7s]
*** PRE-FLOP *** 
Logre_94 raises 20 to 40
_SKR folds
LaauM folds
Logre_94 collected 70 from pot
*** SUMMARY ***
Total pot 70 | No rake
Seat 2: Logre_94 (button) won 70


Winamax Poker - Tournament "Expresso Nitro" buyIn: 0.93€ + 0.07€ level: 2 - HandId: #2717601175988862977-8-1676228517 - Holdem no limit (15/30) - 2023/02/12 19:01:57 UTC
Table: 'Expresso Nitro(632740831)#0' 3-max (real money) Seat #3 is the button
Seat 1: LaauM (280)
Seat 2: Logre_94 (390)
Seat 3: _SKR (230)
*** ANTE/BLINDS ***
LaauM posts small blind 15
Logre_94 posts big blind 30
Dealt to _SKR [Qs 7s]
*** PRE-FLOP *** 
_SKR raises 200 to 230 and is all-in
LaauM folds
Logre_94 folds
_SKR collected 275 from pot
*** SUMMARY ***
Total pot 275 | No rake
Seat 3: _SKR (button) won 275


Winamax Poker - Tournament "Expresso Nitro" buyIn: 0.93€ + 0.07€ level: 2 - HandId: #2717601175988862977-9-1676228525 - Holdem no limit (15/30) - 2023/02/12 19:02:05 UTC
Table: 'Expresso Nitro(632740831)#0' 3-max (real money) Seat #1 is the button
Seat 1: LaauM (265)
Seat 2: Logre_94 (360)
Seat 3: _SKR (275)
*** ANTE/BLINDS ***
Logre_94 posts small blind 15
_SKR posts big blind 30
Dealt to _SKR [Kh 6c]
*** PRE-FLOP *** 
LaauM folds
Logre_94 calls 15
_SKR raises 245 to 275 and is all-in
Logre_94 folds
_SKR collected 305 from pot
*** SUMMARY ***
Total pot 305 | No rake
Seat 3: _SKR (big blind) won 305


Winamax Poker - Tournament "Expresso Nitro" buyIn: 0.93€ + 0.07€ level: 2 - HandId: #2717601175988862977-10-1676228540 - Holdem no limit (15/30) - 2023/02/12 19:02:20 UTC
Table: 'Expresso Nitro(632740831)#0' 3-max (real money) Seat #2 is the button
Seat 1: LaauM (265)
Seat 2: Logre_94 (330)
Seat 3: _SKR (305)
*** ANTE/BLINDS ***
_SKR posts small blind 15
LaauM posts big blind 30
Dealt to _SKR [9d 3c]
*** PRE-FLOP *** 
Logre_94 folds
_SKR folds
LaauM collected 45 from pot
*** SUMMARY ***
Total pot 45 | No rake
Seat 1: LaauM (big blind) won 45


Winamax Poker - Tournament "Expresso Nitro" buyIn: 0.93€ + 0.07€ level: 2 - HandId: #2717601175988862977-11-1676228545 - Holdem no limit (15/30) - 2023/02/12 19:02:25 UTC
Table: 'Expresso Nitro(632740831)#0' 3-max (real money) Seat #3 is the button
Seat 1: LaauM (280)
Seat 2: Logre_94 (330)
Seat 3: _SKR (290)
*** ANTE/BLINDS ***
LaauM posts small blind 15
Logre_94 posts big blind 30
Dealt to _SKR [Jd 3h]
*** PRE-FLOP *** 
_SKR folds
LaauM calls 15
Logre_94 raises 300 to 330 and is all-in
LaauM folds
Logre_94 collected 360 from pot
*** SUMMARY ***
Total pot 360 | No rake
Seat 2: Logre_94 (big blind) won 360


Winamax Poker - Tournament "Expresso Nitro" buyIn: 0.93€ + 0.07€ level: 3 - HandId: #2717601175988862977-12-1676228560 - Holdem no limit (20/40) - 2023/02/12 19:02:40 UTC
Table: 'Expresso Nitro(632740831)#0' 3-max (real money) Seat #1 is the button
Seat 1: LaauM (250)
Seat 2: Logre_94 (360)
Seat 3: _SKR (290)
*** ANTE/BLINDS ***
Logre_94 posts small blind 20
_SKR posts big blind 40
Dealt to _SKR [9d 7c]
*** PRE-FLOP *** 
LaauM folds
Logre_94 raises 320 to 360 and is all-in
_SKR folds
Logre_94 collected 400 from pot
*** SUMMARY ***
Total pot 400 | No rake
Seat 2: Logre_94 (small blind) won 400


Winamax Poker - Tournament "Expresso Nitro" buyIn: 0.93€ + 0.07€ level: 3 - HandId: #2717601175988862977-13-1676228576 - Holdem no limit (20/40) - 2023/02/12 19:02:56 UTC
Table: 'Expresso Nitro(632740831)#0' 3-max (real money) Seat #2 is the button
Seat 1: LaauM (250)
Seat 2: Logre_94 (400)
Seat 3: _SKR (250)
*** ANTE/BLINDS ***
_SKR posts small blind 20
LaauM posts big blind 40
Dealt to _SKR [5d 9c]
*** PRE-FLOP *** 
Logre_94 calls 40
_SKR folds
LaauM checks
*** FLOP *** [9d 7h Td]
LaauM checks
Logre_94 checks
*** TURN *** [9d 7h Td][7d]
LaauM bets 100
Logre_94 folds
LaauM collected 200 from pot
*** SUMMARY ***
Total pot 200 | No rake
Board: [9d 7h Td 7d]
Seat 1: LaauM (big blind) won 200


Winamax Poker - Tournament "Expresso Nitro" buyIn: 0.93€ + 0.07€ level: 3 - HandId: #2717601175988862977-14-1676228602 - Holdem no limit (20/40) - 2023/02/12 19:03:22 UTC
Table: 'Expresso Nitro(632740831)#0' 3-max (real money) Seat #3 is the button
Seat 1: LaauM (310)
Seat 2: Logre_94 (360)
Seat 3: _SKR (230)
*** ANTE/BLINDS ***
LaauM posts small blind 20
Logre_94 posts big blind 40
Dealt to _SKR [Js 7c]
*** PRE-FLOP *** 
_SKR folds
LaauM folds
Logre_94 collected 60 from pot
*** SUMMARY ***
Total pot 60 | No rake
Seat 2: Logre_94 (big blind) won 60


Winamax Poker - Tournament "Expresso Nitro" buyIn: 0.93€ + 0.07€ level: 3 - HandId: #2717601175988862977-15-1676228609 - Holdem no limit (20/40) - 2023/02/12 19:03:29 UTC
Table: 'Expresso Nitro(632740831)#0' 3-max (real money) Seat #1 is the button
Seat 1: LaauM (290)
Seat 2: Logre_94 (380)
Seat 3: _SKR (230)
*** ANTE/BLINDS ***
Logre_94 posts small blind 20
_SKR posts big blind 40
Dealt to _SKR [9d 4c]
*** PRE-FLOP *** 
LaauM folds
Logre_94 raises 340 to 380 and is all-in
_SKR folds
Logre_94 collected 420 from pot
*** SUMMARY ***
Total pot 420 | No rake
Seat 2: Logre_94 (small blind) won 420


Winamax Poker - Tournament "Expresso Nitro" buyIn: 0.93€ + 0.07€ level: 4 - HandId: #2717601175988862977-16-1676228628 - Holdem no limit (30/60) - 2023/02/12 19:03:48 UTC
Table: 'Expresso Nitro(632740831)#0' 3-max (real money) Seat #2 is the button
Seat 1: LaauM (290)
Seat 2: Logre_94 (420)
Seat 3: _SKR (190)
*** ANTE/BLINDS ***
_SKR posts small blind 30
LaauM posts big blind 60
Dealt to _SKR [Qd Kh]
*** PRE-FLOP *** 
Logre_94 raises 360 to 420 and is all-in
_SKR calls 160 and is all-in
LaauM calls 230 and is all-in
*** FLOP *** [7d 6h 8c]
*** TURN *** [7d 6h 8c][6d]
*** RIVER *** [7d 6h 8c 6d][5d]
*** SHOW DOWN ***
_SKR shows [Qd Kh] (One pair : 6)
LaauM shows [2d 2s] (Two pairs : 6 and 2)
Logre_94 shows [3d Ks] (One pair : 6)
Logre_94 collected 130 from side pot 1
LaauM collected 770 from main pot
*** SUMMARY ***
Total pot 900 | No rake
Board: [7d 6h 8c 6d 5d]
Seat 1: LaauM (big blind) showed [2d 2s] and won 770 with Two pairs : 6 and 2
Seat 2: Logre_94 (button) showed [3d Ks] and won 130 with One pair : 6
Seat 3: _SKR (small blind) showed [Qd Kh] and lost with One pair : 6


