Winamax Poker - Tournament "Expresso Nitro" buyIn: 1.86€ + 0.14€ level: 1 - HandId: #2697286461715120129-1-1675116367 - Holdem no limit (10/20) - 2023/01/30 22:06:07 UTC
Table: 'Expresso Nitro(628010943)#0' 3-max (real money) Seat #3 is the button
Seat 1: Boouum (300)
Seat 2: _SKR (300)
Seat 3: armee1967 (300)
*** ANTE/BLINDS ***
Boouum posts small blind 10
_SKR posts big blind 20
Dealt to _SKR [Jc 3s]
*** PRE-FLOP *** 
armee1967 calls 20
Boouum calls 10
_SKR checks
*** FLOP *** [Qd Jh 6s]
Boouum checks
_SKR checks
armee1967 checks
*** TURN *** [Qd Jh 6s][3d]
Boouum checks
_SKR bets 39
armee1967 calls 39
Boouum folds
*** RIVER *** [Qd Jh 6s 3d][Kd]
_SKR bets 69
armee1967 calls 69
*** SHOW DOWN ***
armee1967 shows [Js 8c] (One pair : Jacks)
_SKR shows [Jc 3s] (Two pairs : Jacks and 3)
_SKR collected 276 from pot
*** SUMMARY ***
Total pot 276 | No rake
Board: [Qd Jh 6s 3d Kd]
Seat 2: _SKR (big blind) showed [Jc 3s] and won 276 with Two pairs : Jacks and 3
Seat 3: armee1967 (button) showed [Js 8c] and lost with One pair : Jacks


Winamax Poker - Tournament "Expresso Nitro" buyIn: 1.86€ + 0.14€ level: 1 - HandId: #2697286461715120129-2-1675116409 - Holdem no limit (10/20) - 2023/01/30 22:06:49 UTC
Table: 'Expresso Nitro(628010943)#0' 3-max (real money) Seat #1 is the button
Seat 1: Boouum (280)
Seat 2: _SKR (448)
Seat 3: armee1967 (172)
*** ANTE/BLINDS ***
_SKR posts small blind 10
armee1967 posts big blind 20
Dealt to _SKR [Qh Ts]
*** PRE-FLOP *** 
Boouum folds
_SKR raises 428 to 448 and is all-in
armee1967 calls 152 and is all-in
*** FLOP *** [7d 8h Kd]
*** TURN *** [7d 8h Kd][6c]
*** RIVER *** [7d 8h Kd 6c][9h]
*** SHOW DOWN ***
armee1967 shows [Ah Ad] (One pair : Aces)
_SKR shows [Qh Ts] (Straight Ten high)
_SKR collected 620 from pot
*** SUMMARY ***
Total pot 620 | No rake
Board: [7d 8h Kd 6c 9h]
Seat 2: _SKR (small blind) showed [Qh Ts] and won 620 with Straight Ten high
Seat 3: armee1967 (big blind) showed [Ah Ad] and lost with One pair : Aces


Winamax Poker - Tournament "Expresso Nitro" buyIn: 1.86€ + 0.14€ level: 2 - HandId: #2697286461715120129-3-1675116424 - Holdem no limit (15/30) - 2023/01/30 22:07:04 UTC
Table: 'Expresso Nitro(628010943)#0' 3-max (real money) Seat #1 is the button
Seat 1: Boouum (280)
Seat 2: _SKR (620)
*** ANTE/BLINDS ***
Boouum posts small blind 15
_SKR posts big blind 30
Dealt to _SKR [9d Jc]
*** PRE-FLOP *** 
Boouum calls 15
_SKR raises 590 to 620 and is all-in
Boouum folds
_SKR collected 650 from pot
*** SUMMARY ***
Total pot 650 | No rake
Seat 2: _SKR (big blind) won 650


Winamax Poker - Tournament "Expresso Nitro" buyIn: 1.86€ + 0.14€ level: 2 - HandId: #2697286461715120129-4-1675116432 - Holdem no limit (15/30) - 2023/01/30 22:07:12 UTC
Table: 'Expresso Nitro(628010943)#0' 3-max (real money) Seat #2 is the button
Seat 1: Boouum (250)
Seat 2: _SKR (650)
*** ANTE/BLINDS ***
_SKR posts small blind 15
Boouum posts big blind 30
Dealt to _SKR [Jd 8h]
*** PRE-FLOP *** 
_SKR raises 620 to 650 and is all-in
Boouum folds
_SKR collected 680 from pot
*** SUMMARY ***
Total pot 680 | No rake
Seat 2: _SKR (small blind) (button) won 680


Winamax Poker - Tournament "Expresso Nitro" buyIn: 1.86€ + 0.14€ level: 2 - HandId: #2697286461715120129-5-1675116437 - Holdem no limit (15/30) - 2023/01/30 22:07:17 UTC
Table: 'Expresso Nitro(628010943)#0' 3-max (real money) Seat #1 is the button
Seat 1: Boouum (220)
Seat 2: _SKR (680)
*** ANTE/BLINDS ***
Boouum posts small blind 15
_SKR posts big blind 30
Dealt to _SKR [3h 5s]
*** PRE-FLOP *** 
Boouum raises 190 to 220 and is all-in
_SKR folds
Boouum collected 250 from pot
*** SUMMARY ***
Total pot 250 | No rake
Seat 1: Boouum (small blind) (button) won 250


Winamax Poker - Tournament "Expresso Nitro" buyIn: 1.86€ + 0.14€ level: 2 - HandId: #2697286461715120129-6-1675116442 - Holdem no limit (15/30) - 2023/01/30 22:07:22 UTC
Table: 'Expresso Nitro(628010943)#0' 3-max (real money) Seat #2 is the button
Seat 1: Boouum (250)
Seat 2: _SKR (650)
*** ANTE/BLINDS ***
_SKR posts small blind 15
Boouum posts big blind 30
Dealt to _SKR [Jh 6d]
*** PRE-FLOP *** 
_SKR folds
Boouum collected 45 from pot
*** SUMMARY ***
Total pot 45 | No rake
Seat 1: Boouum (big blind) won 45


Winamax Poker - Tournament "Expresso Nitro" buyIn: 1.86€ + 0.14€ level: 2 - HandId: #2697286461715120129-7-1675116445 - Holdem no limit (15/30) - 2023/01/30 22:07:25 UTC
Table: 'Expresso Nitro(628010943)#0' 3-max (real money) Seat #1 is the button
Seat 1: Boouum (265)
Seat 2: _SKR (635)
*** ANTE/BLINDS ***
Boouum posts small blind 15
_SKR posts big blind 30
Dealt to _SKR [6h 8d]
*** PRE-FLOP *** 
Boouum raises 235 to 265 and is all-in
_SKR folds
Boouum collected 295 from pot
*** SUMMARY ***
Total pot 295 | No rake
Seat 1: Boouum (small blind) (button) won 295


Winamax Poker - Tournament "Expresso Nitro" buyIn: 1.86€ + 0.14€ level: 2 - HandId: #2697286461715120129-8-1675116452 - Holdem no limit (15/30) - 2023/01/30 22:07:32 UTC
Table: 'Expresso Nitro(628010943)#0' 3-max (real money) Seat #2 is the button
Seat 1: Boouum (295)
Seat 2: _SKR (605)
*** ANTE/BLINDS ***
_SKR posts small blind 15
Boouum posts big blind 30
Dealt to _SKR [3c Kh]
*** PRE-FLOP *** 
_SKR folds
Boouum collected 45 from pot
*** SUMMARY ***
Total pot 45 | No rake
Seat 1: Boouum (big blind) won 45


Winamax Poker - Tournament "Expresso Nitro" buyIn: 1.86€ + 0.14€ level: 2 - HandId: #2697286461715120129-9-1675116456 - Holdem no limit (15/30) - 2023/01/30 22:07:36 UTC
Table: 'Expresso Nitro(628010943)#0' 3-max (real money) Seat #1 is the button
Seat 1: Boouum (310)
Seat 2: _SKR (590)
*** ANTE/BLINDS ***
Boouum posts small blind 15
_SKR posts big blind 30
Dealt to _SKR [4c 2s]
*** PRE-FLOP *** 
Boouum folds
_SKR collected 45 from pot
*** SUMMARY ***
Total pot 45 | No rake
Seat 2: _SKR (big blind) won 45


Winamax Poker - Tournament "Expresso Nitro" buyIn: 1.86€ + 0.14€ level: 2 - HandId: #2697286461715120129-10-1675116461 - Holdem no limit (15/30) - 2023/01/30 22:07:41 UTC
Table: 'Expresso Nitro(628010943)#0' 3-max (real money) Seat #2 is the button
Seat 1: Boouum (295)
Seat 2: _SKR (605)
*** ANTE/BLINDS ***
_SKR posts small blind 15
Boouum posts big blind 30
Dealt to _SKR [6d 6c]
*** PRE-FLOP *** 
_SKR raises 575 to 605 and is all-in
Boouum folds
_SKR collected 635 from pot
*** SUMMARY ***
Total pot 635 | No rake
Seat 2: _SKR (small blind) (button) won 635


Winamax Poker - Tournament "Expresso Nitro" buyIn: 1.86€ + 0.14€ level: 2 - HandId: #2697286461715120129-11-1675116466 - Holdem no limit (15/30) - 2023/01/30 22:07:46 UTC
Table: 'Expresso Nitro(628010943)#0' 3-max (real money) Seat #1 is the button
Seat 1: Boouum (265)
Seat 2: _SKR (635)
*** ANTE/BLINDS ***
Boouum posts small blind 15
_SKR posts big blind 30
Dealt to _SKR [Ks 5s]
*** PRE-FLOP *** 
Boouum raises 235 to 265 and is all-in
_SKR calls 235
*** FLOP *** [9s 5d Ah]
*** TURN *** [9s 5d Ah][4c]
*** RIVER *** [9s 5d Ah 4c][2s]
*** SHOW DOWN ***
Boouum shows [Qd Td] (High card : Ace)
_SKR shows [Ks 5s] (One pair : 5)
_SKR collected 530 from pot
*** SUMMARY ***
Total pot 530 | No rake
Board: [9s 5d Ah 4c 2s]
Seat 1: Boouum (small blind) (button) showed [Qd Td] and lost with High card : Ace
Seat 2: _SKR (big blind) showed [Ks 5s] and won 530 with One pair : 5


