Winamax Poker - Tournament "Expresso Nitro" buyIn: 0.93€ + 0.07€ level: 1 - HandId: #2729170271696060417-1-1676904176 - Holdem no limit (10/20) - 2023/02/20 14:42:56 UTC
Table: 'Expresso Nitro(635434471)#0' 3-max (real money) Seat #1 is the button
Seat 1: TonDaron91_ (300)
Seat 2: _SKR (300)
Seat 3: ZuCeviche (300)
*** ANTE/BLINDS ***
_SKR posts small blind 10
ZuCeviche posts big blind 20
Dealt to _SKR [6h Kc]
*** PRE-FLOP *** 
TonDaron91_ folds
_SKR calls 10
ZuCeviche raises 40 to 60
_SKR folds
ZuCeviche collected 80 from pot
*** SUMMARY ***
Total pot 80 | No rake
Seat 3: ZuCeviche (big blind) won 80


Winamax Poker - Tournament "Expresso Nitro" buyIn: 0.93€ + 0.07€ level: 1 - HandId: #2729170271696060417-2-1676904214 - Holdem no limit (10/20) - 2023/02/20 14:43:34 UTC
Table: 'Expresso Nitro(635434471)#0' 3-max (real money) Seat #2 is the button
Seat 1: TonDaron91_ (300)
Seat 2: _SKR (280)
Seat 3: ZuCeviche (320)
*** ANTE/BLINDS ***
ZuCeviche posts small blind 10
TonDaron91_ posts big blind 20
Dealt to _SKR [9d 6h]
*** PRE-FLOP *** 
_SKR folds
ZuCeviche calls 10
TonDaron91_ checks
*** FLOP *** [4s 6s 3s]
ZuCeviche bets 20
TonDaron91_ folds
ZuCeviche collected 60 from pot
*** SUMMARY ***
Total pot 60 | No rake
Board: [4s 6s 3s]
Seat 3: ZuCeviche (small blind) won 60


Winamax Poker - Tournament "Expresso Nitro" buyIn: 0.93€ + 0.07€ level: 1 - HandId: #2729170271696060417-3-1676904230 - Holdem no limit (10/20) - 2023/02/20 14:43:50 UTC
Table: 'Expresso Nitro(635434471)#0' 3-max (real money) Seat #3 is the button
Seat 1: TonDaron91_ (280)
Seat 2: _SKR (280)
Seat 3: ZuCeviche (340)
*** ANTE/BLINDS ***
TonDaron91_ posts small blind 10
_SKR posts big blind 20
Dealt to _SKR [5h 7h]
*** PRE-FLOP *** 
ZuCeviche calls 20
TonDaron91_ folds
_SKR checks
*** FLOP *** [8h 9s 4h]
_SKR checks
ZuCeviche checks
*** TURN *** [8h 9s 4h][9c]
_SKR bets 33
ZuCeviche folds
_SKR collected 83 from pot
*** SUMMARY ***
Total pot 83 | No rake
Board: [8h 9s 4h 9c]
Seat 2: _SKR (big blind) won 83


Winamax Poker - Tournament "Expresso Nitro" buyIn: 0.93€ + 0.07€ level: 2 - HandId: #2729170271696060417-4-1676904260 - Holdem no limit (15/30) - 2023/02/20 14:44:20 UTC
Table: 'Expresso Nitro(635434471)#0' 3-max (real money) Seat #1 is the button
Seat 1: TonDaron91_ (270)
Seat 2: _SKR (310)
Seat 3: ZuCeviche (320)
*** ANTE/BLINDS ***
_SKR posts small blind 15
ZuCeviche posts big blind 30
Dealt to _SKR [8s 9h]
*** PRE-FLOP *** 
TonDaron91_ folds
_SKR folds
ZuCeviche collected 45 from pot
*** SUMMARY ***
Total pot 45 | No rake
Seat 3: ZuCeviche (big blind) won 45


Winamax Poker - Tournament "Expresso Nitro" buyIn: 0.93€ + 0.07€ level: 2 - HandId: #2729170271696060417-5-1676904270 - Holdem no limit (15/30) - 2023/02/20 14:44:30 UTC
Table: 'Expresso Nitro(635434471)#0' 3-max (real money) Seat #2 is the button
Seat 1: TonDaron91_ (270)
Seat 2: _SKR (295)
Seat 3: ZuCeviche (335)
*** ANTE/BLINDS ***
ZuCeviche posts small blind 15
TonDaron91_ posts big blind 30
Dealt to _SKR [9d Ks]
*** PRE-FLOP *** 
_SKR folds
ZuCeviche folds
TonDaron91_ collected 45 from pot
*** SUMMARY ***
Total pot 45 | No rake
Seat 1: TonDaron91_ (big blind) won 45


Winamax Poker - Tournament "Expresso Nitro" buyIn: 0.93€ + 0.07€ level: 2 - HandId: #2729170271696060417-6-1676904285 - Holdem no limit (15/30) - 2023/02/20 14:44:45 UTC
Table: 'Expresso Nitro(635434471)#0' 3-max (real money) Seat #3 is the button
Seat 1: TonDaron91_ (285)
Seat 2: _SKR (295)
Seat 3: ZuCeviche (320)
*** ANTE/BLINDS ***
TonDaron91_ posts small blind 15
_SKR posts big blind 30
Dealt to _SKR [3s Ad]
*** PRE-FLOP *** 
ZuCeviche calls 30
TonDaron91_ raises 255 to 285 and is all-in
_SKR folds
ZuCeviche calls 255
*** FLOP *** [6s 6h 5d]
*** TURN *** [6s 6h 5d][7h]
*** RIVER *** [6s 6h 5d 7h][5s]
*** SHOW DOWN ***
ZuCeviche shows [8c Kh] (Two pairs : 6 and 5)
TonDaron91_ shows [8s As] (Two pairs : 6 and 5)
TonDaron91_ collected 600 from pot
*** SUMMARY ***
Total pot 600 | No rake
Board: [6s 6h 5d 7h 5s]
Seat 1: TonDaron91_ (small blind) showed [8s As] and won 600 with Two pairs : 6 and 5
Seat 3: ZuCeviche (button) showed [8c Kh] and lost with Two pairs : 6 and 5


Winamax Poker - Tournament "Expresso Nitro" buyIn: 0.93€ + 0.07€ level: 3 - HandId: #2729170271696060417-7-1676904307 - Holdem no limit (20/40) - 2023/02/20 14:45:07 UTC
Table: 'Expresso Nitro(635434471)#0' 3-max (real money) Seat #1 is the button
Seat 1: TonDaron91_ (600)
Seat 2: _SKR (265)
Seat 3: ZuCeviche (35)
*** ANTE/BLINDS ***
_SKR posts small blind 20
ZuCeviche posts big blind 35 and is all-in
Dealt to _SKR [4s 8c]
*** PRE-FLOP *** 
TonDaron91_ folds
_SKR calls 20
*** FLOP *** [Ts 2c 4h]
*** TURN *** [Ts 2c 4h][3s]
*** RIVER *** [Ts 2c 4h 3s][Kh]
*** SHOW DOWN ***
ZuCeviche shows [Qs Ad] (High card : Ace)
_SKR shows [4s 8c] (One pair : 4)
_SKR collected 75 from pot
*** SUMMARY ***
Total pot 75 | No rake
Board: [Ts 2c 4h 3s Kh]
Seat 2: _SKR (small blind) showed [4s 8c] and won 75 with One pair : 4
Seat 3: ZuCeviche (big blind) showed [Qs Ad] and lost with High card : Ace


Winamax Poker - Tournament "Expresso Nitro" buyIn: 0.93€ + 0.07€ level: 3 - HandId: #2729170271696060417-8-1676904329 - Holdem no limit (20/40) - 2023/02/20 14:45:29 UTC
Table: 'Expresso Nitro(635434471)#0' 3-max (real money) Seat #1 is the button
Seat 1: TonDaron91_ (600)
Seat 2: _SKR (300)
*** ANTE/BLINDS ***
TonDaron91_ posts small blind 20
_SKR posts big blind 40
Dealt to _SKR [Ac 9c]
*** PRE-FLOP *** 
TonDaron91_ folds
_SKR collected 60 from pot
*** SUMMARY ***
Total pot 60 | No rake
Seat 2: _SKR (big blind) won 60


Winamax Poker - Tournament "Expresso Nitro" buyIn: 0.93€ + 0.07€ level: 3 - HandId: #2729170271696060417-9-1676904332 - Holdem no limit (20/40) - 2023/02/20 14:45:32 UTC
Table: 'Expresso Nitro(635434471)#0' 3-max (real money) Seat #2 is the button
Seat 1: TonDaron91_ (580)
Seat 2: _SKR (320)
*** ANTE/BLINDS ***
_SKR posts small blind 20
TonDaron91_ posts big blind 40
Dealt to _SKR [8s 6s]
*** PRE-FLOP *** 
_SKR raises 280 to 320 and is all-in
TonDaron91_ folds
_SKR collected 360 from pot
*** SUMMARY ***
Total pot 360 | No rake
Seat 2: _SKR (small blind) (button) won 360


Winamax Poker - Tournament "Expresso Nitro" buyIn: 0.93€ + 0.07€ level: 4 - HandId: #2729170271696060417-10-1676904356 - Holdem no limit (30/60) - 2023/02/20 14:45:56 UTC
Table: 'Expresso Nitro(635434471)#0' 3-max (real money) Seat #1 is the button
Seat 1: TonDaron91_ (540)
Seat 2: _SKR (360)
*** ANTE/BLINDS ***
TonDaron91_ posts small blind 30
_SKR posts big blind 60
Dealt to _SKR [Td 2s]
*** PRE-FLOP *** 
TonDaron91_ folds
_SKR collected 90 from pot
*** SUMMARY ***
Total pot 90 | No rake
Seat 2: _SKR (big blind) won 90


Winamax Poker - Tournament "Expresso Nitro" buyIn: 0.93€ + 0.07€ level: 4 - HandId: #2729170271696060417-11-1676904368 - Holdem no limit (30/60) - 2023/02/20 14:46:08 UTC
Table: 'Expresso Nitro(635434471)#0' 3-max (real money) Seat #2 is the button
Seat 1: TonDaron91_ (510)
Seat 2: _SKR (390)
*** ANTE/BLINDS ***
_SKR posts small blind 30
TonDaron91_ posts big blind 60
Dealt to _SKR [3h 6d]
*** PRE-FLOP *** 
_SKR folds
TonDaron91_ collected 90 from pot
*** SUMMARY ***
Total pot 90 | No rake
Seat 1: TonDaron91_ (big blind) won 90


Winamax Poker - Tournament "Expresso Nitro" buyIn: 0.93€ + 0.07€ level: 4 - HandId: #2729170271696060417-12-1676904371 - Holdem no limit (30/60) - 2023/02/20 14:46:11 UTC
Table: 'Expresso Nitro(635434471)#0' 3-max (real money) Seat #1 is the button
Seat 1: TonDaron91_ (540)
Seat 2: _SKR (360)
*** ANTE/BLINDS ***
TonDaron91_ posts small blind 30
_SKR posts big blind 60
Dealt to _SKR [Jd 7h]
*** PRE-FLOP *** 
TonDaron91_ raises 480 to 540 and is all-in
_SKR folds
TonDaron91_ collected 600 from pot
*** SUMMARY ***
Total pot 600 | No rake
Seat 1: TonDaron91_ (small blind) (button) won 600


Winamax Poker - Tournament "Expresso Nitro" buyIn: 0.93€ + 0.07€ level: 4 - HandId: #2729170271696060417-13-1676904376 - Holdem no limit (30/60) - 2023/02/20 14:46:16 UTC
Table: 'Expresso Nitro(635434471)#0' 3-max (real money) Seat #2 is the button
Seat 1: TonDaron91_ (600)
Seat 2: _SKR (300)
*** ANTE/BLINDS ***
_SKR posts small blind 30
TonDaron91_ posts big blind 60
Dealt to _SKR [Qc 8d]
*** PRE-FLOP *** 
_SKR raises 240 to 300 and is all-in
TonDaron91_ folds
_SKR collected 360 from pot
*** SUMMARY ***
Total pot 360 | No rake
Seat 2: _SKR (small blind) (button) won 360


Winamax Poker - Tournament "Expresso Nitro" buyIn: 0.93€ + 0.07€ level: 4 - HandId: #2729170271696060417-14-1676904393 - Holdem no limit (30/60) - 2023/02/20 14:46:33 UTC
Table: 'Expresso Nitro(635434471)#0' 3-max (real money) Seat #1 is the button
Seat 1: TonDaron91_ (540)
Seat 2: _SKR (360)
*** ANTE/BLINDS ***
TonDaron91_ posts small blind 30
_SKR posts big blind 60
Dealt to _SKR [Ks 5c]
*** PRE-FLOP *** 
TonDaron91_ folds
_SKR collected 90 from pot
*** SUMMARY ***
Total pot 90 | No rake
Seat 2: _SKR (big blind) won 90


Winamax Poker - Tournament "Expresso Nitro" buyIn: 0.93€ + 0.07€ level: 4 - HandId: #2729170271696060417-15-1676904404 - Holdem no limit (30/60) - 2023/02/20 14:46:44 UTC
Table: 'Expresso Nitro(635434471)#0' 3-max (real money) Seat #2 is the button
Seat 1: TonDaron91_ (510)
Seat 2: _SKR (390)
*** ANTE/BLINDS ***
_SKR posts small blind 30
TonDaron91_ posts big blind 60
Dealt to _SKR [2s 2h]
*** PRE-FLOP *** 
_SKR raises 330 to 390 and is all-in
TonDaron91_ folds
_SKR collected 450 from pot
*** SUMMARY ***
Total pot 450 | No rake
Seat 2: _SKR (small blind) (button) won 450


Winamax Poker - Tournament "Expresso Nitro" buyIn: 0.93€ + 0.07€ level: 5 - HandId: #2729170271696060417-16-1676904414 - Holdem no limit (40/80) - 2023/02/20 14:46:54 UTC
Table: 'Expresso Nitro(635434471)#0' 3-max (real money) Seat #1 is the button
Seat 1: TonDaron91_ (450)
Seat 2: _SKR (450)
*** ANTE/BLINDS ***
TonDaron91_ posts small blind 40
_SKR posts big blind 80
Dealt to _SKR [2d 9c]
*** PRE-FLOP *** 
TonDaron91_ folds
_SKR collected 120 from pot
*** SUMMARY ***
Total pot 120 | No rake
Seat 2: _SKR (big blind) won 120


Winamax Poker - Tournament "Expresso Nitro" buyIn: 0.93€ + 0.07€ level: 5 - HandId: #2729170271696060417-17-1676904417 - Holdem no limit (40/80) - 2023/02/20 14:46:57 UTC
Table: 'Expresso Nitro(635434471)#0' 3-max (real money) Seat #2 is the button
Seat 1: TonDaron91_ (410)
Seat 2: _SKR (490)
*** ANTE/BLINDS ***
_SKR posts small blind 40
TonDaron91_ posts big blind 80
Dealt to _SKR [Ac Qd]
*** PRE-FLOP *** 
_SKR raises 410 to 490 and is all-in
TonDaron91_ calls 330 and is all-in
*** FLOP *** [4c Js Tc]
*** TURN *** [4c Js Tc][4s]
*** RIVER *** [4c Js Tc 4s][9h]
*** SHOW DOWN ***
TonDaron91_ shows [2d Jd] (Two pairs : Jacks and 4)
_SKR shows [Ac Qd] (One pair : 4)
_SKR collected 80 from side pot 1
TonDaron91_ collected 820 from main pot
*** SUMMARY ***
Total pot 900 | No rake
Board: [4c Js Tc 4s 9h]
Seat 1: TonDaron91_ (big blind) showed [2d Jd] and won 820 with Two pairs : Jacks and 4
Seat 2: _SKR (small blind) (button) showed [Ac Qd] and won 80 with One pair : 4


Winamax Poker - Tournament "Expresso Nitro" buyIn: 0.93€ + 0.07€ level: 5 - HandId: #2729170271696060417-18-1676904434 - Holdem no limit (40/80) - 2023/02/20 14:47:14 UTC
Table: 'Expresso Nitro(635434471)#0' 3-max (real money) Seat #1 is the button
Seat 1: TonDaron91_ (820)
Seat 2: _SKR (80)
*** ANTE/BLINDS ***
TonDaron91_ posts small blind 40
_SKR posts big blind 80 and is all-in
Dealt to _SKR [As Kh]
*** PRE-FLOP *** 
TonDaron91_ calls 40
*** FLOP *** [Qd 7s Ah]
*** TURN *** [Qd 7s Ah][Tc]
*** RIVER *** [Qd 7s Ah Tc][2d]
*** SHOW DOWN ***
TonDaron91_ shows [9h 6d] (High card : Ace)
_SKR shows [As Kh] (One pair : Aces)
_SKR collected 160 from pot
*** SUMMARY ***
Total pot 160 | No rake
Board: [Qd 7s Ah Tc 2d]
Seat 1: TonDaron91_ (small blind) (button) showed [9h 6d] and lost with High card : Ace
Seat 2: _SKR (big blind) showed [As Kh] and won 160 with One pair : Aces


Winamax Poker - Tournament "Expresso Nitro" buyIn: 0.93€ + 0.07€ level: 5 - HandId: #2729170271696060417-19-1676904450 - Holdem no limit (40/80) - 2023/02/20 14:47:30 UTC
Table: 'Expresso Nitro(635434471)#0' 3-max (real money) Seat #2 is the button
Seat 1: TonDaron91_ (740)
Seat 2: _SKR (160)
*** ANTE/BLINDS ***
_SKR posts small blind 40
TonDaron91_ posts big blind 80
Dealt to _SKR [Td 9c]
*** PRE-FLOP *** 
_SKR raises 80 to 160 and is all-in
TonDaron91_ calls 80
*** FLOP *** [4h Qs Jh]
*** TURN *** [4h Qs Jh][4d]
*** RIVER *** [4h Qs Jh 4d][Kc]
*** SHOW DOWN ***
TonDaron91_ shows [2d Qh] (Two pairs : Queens and 4)
_SKR shows [Td 9c] (Straight King high)
_SKR collected 320 from pot
*** SUMMARY ***
Total pot 320 | No rake
Board: [4h Qs Jh 4d Kc]
Seat 1: TonDaron91_ (big blind) showed [2d Qh] and lost with Two pairs : Queens and 4
Seat 2: _SKR (small blind) (button) showed [Td 9c] and won 320 with Straight King high


Winamax Poker - Tournament "Expresso Nitro" buyIn: 0.93€ + 0.07€ level: 5 - HandId: #2729170271696060417-20-1676904463 - Holdem no limit (40/80) - 2023/02/20 14:47:43 UTC
Table: 'Expresso Nitro(635434471)#0' 3-max (real money) Seat #1 is the button
Seat 1: TonDaron91_ (580)
Seat 2: _SKR (320)
*** ANTE/BLINDS ***
TonDaron91_ posts small blind 40
_SKR posts big blind 80
Dealt to _SKR [Qh Td]
*** PRE-FLOP *** 
TonDaron91_ raises 500 to 580 and is all-in
_SKR calls 240 and is all-in
*** FLOP *** [7c 8s 4d]
*** TURN *** [7c 8s 4d][2d]
*** RIVER *** [7c 8s 4d 2d][5h]
*** SHOW DOWN ***
_SKR shows [Qh Td] (High card : Queen)
TonDaron91_ shows [9c 8h] (One pair : 8)
TonDaron91_ collected 900 from pot
*** SUMMARY ***
Total pot 900 | No rake
Board: [7c 8s 4d 2d 5h]
Seat 1: TonDaron91_ (small blind) (button) showed [9c 8h] and won 900 with One pair : 8
Seat 2: _SKR (big blind) showed [Qh Td] and lost with High card : Queen


