Winamax Poker - Tournament "Expresso Nitro" buyIn: 1.86€ + 0.14€ level: 1 - HandId: #2698201633346551809-1-1675185299 - Holdem no limit (10/20) - 2023/01/31 17:14:59 UTC
Table: 'Expresso Nitro(628224023)#0' 3-max (real money) Seat #3 is the button
Seat 1: wmx-77k0ta5 (300)
Seat 2: Kirikiri25 (300)
Seat 3: _SKR (300)
*** ANTE/BLINDS ***
wmx-77k0ta5 posts small blind 10
Kirikiri25 posts big blind 20
Dealt to _SKR [4d Kd]
*** PRE-FLOP *** 
_SKR folds
wmx-77k0ta5 raises 40 to 60
Kirikiri25 folds
wmx-77k0ta5 collected 80 from pot
*** SUMMARY ***
Total pot 80 | No rake
Seat 1: wmx-77k0ta5 (small blind) won 80


Winamax Poker - Tournament "Expresso Nitro" buyIn: 1.86€ + 0.14€ level: 1 - HandId: #2698201633346551809-2-1675185321 - Holdem no limit (10/20) - 2023/01/31 17:15:21 UTC
Table: 'Expresso Nitro(628224023)#0' 3-max (real money) Seat #1 is the button
Seat 1: wmx-77k0ta5 (320)
Seat 2: Kirikiri25 (280)
Seat 3: _SKR (300)
*** ANTE/BLINDS ***
Kirikiri25 posts small blind 10
_SKR posts big blind 20
Dealt to _SKR [5h 7h]
*** PRE-FLOP *** 
wmx-77k0ta5 folds
Kirikiri25 raises 20 to 40
_SKR calls 20
*** FLOP *** [8d 3d 9h]
Kirikiri25 bets 20
_SKR calls 20
*** TURN *** [8d 3d 9h][6d]
Kirikiri25 checks
_SKR checks
*** RIVER *** [8d 3d 9h 6d][Ks]
Kirikiri25 bets 20
_SKR folds
Kirikiri25 collected 140 from pot
*** SUMMARY ***
Total pot 140 | No rake
Board: [8d 3d 9h 6d Ks]
Seat 2: Kirikiri25 (small blind) won 140


Winamax Poker - Tournament "Expresso Nitro" buyIn: 1.86€ + 0.14€ level: 2 - HandId: #2698201633346551809-3-1675185365 - Holdem no limit (15/30) - 2023/01/31 17:16:05 UTC
Table: 'Expresso Nitro(628224023)#0' 3-max (real money) Seat #2 is the button
Seat 1: wmx-77k0ta5 (320)
Seat 2: Kirikiri25 (340)
Seat 3: _SKR (240)
*** ANTE/BLINDS ***
_SKR posts small blind 15
wmx-77k0ta5 posts big blind 30
Dealt to _SKR [3c 6c]
*** PRE-FLOP *** 
Kirikiri25 raises 45 to 75
_SKR folds
wmx-77k0ta5 calls 45
*** FLOP *** [7h Qc Td]
wmx-77k0ta5 checks
Kirikiri25 checks
*** TURN *** [7h Qc Td][5c]
wmx-77k0ta5 bets 75
Kirikiri25 raises 75 to 150
wmx-77k0ta5 folds
Kirikiri25 collected 390 from pot
*** SUMMARY ***
Total pot 390 | No rake
Board: [7h Qc Td 5c]
Seat 2: Kirikiri25 (button) won 390


Winamax Poker - Tournament "Expresso Nitro" buyIn: 1.86€ + 0.14€ level: 2 - HandId: #2698201633346551809-4-1675185387 - Holdem no limit (15/30) - 2023/01/31 17:16:27 UTC
Table: 'Expresso Nitro(628224023)#0' 3-max (real money) Seat #3 is the button
Seat 1: wmx-77k0ta5 (170)
Seat 2: Kirikiri25 (505)
Seat 3: _SKR (225)
*** ANTE/BLINDS ***
wmx-77k0ta5 posts small blind 15
Kirikiri25 posts big blind 30
Dealt to _SKR [8h 5c]
*** PRE-FLOP *** 
_SKR folds
wmx-77k0ta5 calls 15
Kirikiri25 checks
*** FLOP *** [Ah 7s 9d]
wmx-77k0ta5 checks
Kirikiri25 bets 39
wmx-77k0ta5 folds
Kirikiri25 collected 99 from pot
*** SUMMARY ***
Total pot 99 | No rake
Board: [Ah 7s 9d]
Seat 2: Kirikiri25 (big blind) won 99


Winamax Poker - Tournament "Expresso Nitro" buyIn: 1.86€ + 0.14€ level: 2 - HandId: #2698201633346551809-5-1675185407 - Holdem no limit (15/30) - 2023/01/31 17:16:47 UTC
Table: 'Expresso Nitro(628224023)#0' 3-max (real money) Seat #1 is the button
Seat 1: wmx-77k0ta5 (140)
Seat 2: Kirikiri25 (535)
Seat 3: _SKR (225)
*** ANTE/BLINDS ***
Kirikiri25 posts small blind 15
_SKR posts big blind 30
Dealt to _SKR [4d 3h]
*** PRE-FLOP *** 
wmx-77k0ta5 raises 110 to 140 and is all-in
Kirikiri25 folds
_SKR folds
wmx-77k0ta5 collected 185 from pot
*** SUMMARY ***
Total pot 185 | No rake
Seat 1: wmx-77k0ta5 (button) won 185


Winamax Poker - Tournament "Expresso Nitro" buyIn: 1.86€ + 0.14€ level: 2 - HandId: #2698201633346551809-6-1675185413 - Holdem no limit (15/30) - 2023/01/31 17:16:53 UTC
Table: 'Expresso Nitro(628224023)#0' 3-max (real money) Seat #2 is the button
Seat 1: wmx-77k0ta5 (185)
Seat 2: Kirikiri25 (520)
Seat 3: _SKR (195)
*** ANTE/BLINDS ***
_SKR posts small blind 15
wmx-77k0ta5 posts big blind 30
Dealt to _SKR [7h 8c]
*** PRE-FLOP *** 
Kirikiri25 folds
_SKR folds
wmx-77k0ta5 collected 45 from pot
*** SUMMARY ***
Total pot 45 | No rake
Seat 1: wmx-77k0ta5 (big blind) won 45


Winamax Poker - Tournament "Expresso Nitro" buyIn: 1.86€ + 0.14€ level: 3 - HandId: #2698201633346551809-7-1675185420 - Holdem no limit (20/40) - 2023/01/31 17:17:00 UTC
Table: 'Expresso Nitro(628224023)#0' 3-max (real money) Seat #3 is the button
Seat 1: wmx-77k0ta5 (200)
Seat 2: Kirikiri25 (520)
Seat 3: _SKR (180)
*** ANTE/BLINDS ***
wmx-77k0ta5 posts small blind 20
Kirikiri25 posts big blind 40
Dealt to _SKR [5h 2s]
*** PRE-FLOP *** 
_SKR folds
wmx-77k0ta5 raises 160 to 200 and is all-in
Kirikiri25 folds
wmx-77k0ta5 collected 240 from pot
*** SUMMARY ***
Total pot 240 | No rake
Seat 1: wmx-77k0ta5 (small blind) won 240


Winamax Poker - Tournament "Expresso Nitro" buyIn: 1.86€ + 0.14€ level: 3 - HandId: #2698201633346551809-8-1675185426 - Holdem no limit (20/40) - 2023/01/31 17:17:06 UTC
Table: 'Expresso Nitro(628224023)#0' 3-max (real money) Seat #1 is the button
Seat 1: wmx-77k0ta5 (240)
Seat 2: Kirikiri25 (480)
Seat 3: _SKR (180)
*** ANTE/BLINDS ***
Kirikiri25 posts small blind 20
_SKR posts big blind 40
Dealt to _SKR [7d Ah]
*** PRE-FLOP *** 
wmx-77k0ta5 raises 200 to 240 and is all-in
Kirikiri25 folds
_SKR calls 140 and is all-in
*** FLOP *** [7h 3h 5s]
*** TURN *** [7h 3h 5s][2s]
*** RIVER *** [7h 3h 5s 2s][9c]
*** SHOW DOWN ***
wmx-77k0ta5 shows [Qh 6c] (High card : Queen)
_SKR shows [7d Ah] (One pair : 7)
_SKR collected 380 from main pot
wmx-77k0ta5 collected 60 from side pot 1
*** SUMMARY ***
Total pot 440 | No rake
Board: [7h 3h 5s 2s 9c]
Seat 1: wmx-77k0ta5 (button) showed [Qh 6c] and won 60 with High card : Queen
Seat 3: _SKR (big blind) showed [7d Ah] and won 380 with One pair : 7


Winamax Poker - Tournament "Expresso Nitro" buyIn: 1.86€ + 0.14€ level: 3 - HandId: #2698201633346551809-9-1675185438 - Holdem no limit (20/40) - 2023/01/31 17:17:18 UTC
Table: 'Expresso Nitro(628224023)#0' 3-max (real money) Seat #2 is the button
Seat 1: wmx-77k0ta5 (60)
Seat 2: Kirikiri25 (460)
Seat 3: _SKR (380)
*** ANTE/BLINDS ***
_SKR posts small blind 20
wmx-77k0ta5 posts big blind 40
Dealt to _SKR [7d 5s]
*** PRE-FLOP *** 
Kirikiri25 folds
_SKR folds
wmx-77k0ta5 collected 60 from pot
*** SUMMARY ***
Total pot 60 | No rake
Seat 1: wmx-77k0ta5 (big blind) won 60


Winamax Poker - Tournament "Expresso Nitro" buyIn: 1.86€ + 0.14€ level: 3 - HandId: #2698201633346551809-10-1675185443 - Holdem no limit (20/40) - 2023/01/31 17:17:23 UTC
Table: 'Expresso Nitro(628224023)#0' 3-max (real money) Seat #3 is the button
Seat 1: wmx-77k0ta5 (80)
Seat 2: Kirikiri25 (460)
Seat 3: _SKR (360)
*** ANTE/BLINDS ***
wmx-77k0ta5 posts small blind 20
Kirikiri25 posts big blind 40
Dealt to _SKR [Kd 2d]
*** PRE-FLOP *** 
_SKR folds
wmx-77k0ta5 raises 40 to 80 and is all-in
Kirikiri25 calls 40
*** FLOP *** [4c 6c 4d]
*** TURN *** [4c 6c 4d][7h]
*** RIVER *** [4c 6c 4d 7h][7s]
*** SHOW DOWN ***
wmx-77k0ta5 shows [2s 6s] (Two pairs : 7 and 6)
Kirikiri25 shows [7d Th] (Full of 7 and 4)
Kirikiri25 collected 160 from pot
*** SUMMARY ***
Total pot 160 | No rake
Board: [4c 6c 4d 7h 7s]
Seat 1: wmx-77k0ta5 (small blind) showed [2s 6s] and lost with Two pairs : 7 and 6
Seat 2: Kirikiri25 (big blind) showed [7d Th] and won 160 with Full of 7 and 4


Winamax Poker - Tournament "Expresso Nitro" buyIn: 1.86€ + 0.14€ level: 3 - HandId: #2698201633346551809-11-1675185457 - Holdem no limit (20/40) - 2023/01/31 17:17:37 UTC
Table: 'Expresso Nitro(628224023)#0' 3-max (real money) Seat #2 is the button
Seat 2: Kirikiri25 (540)
Seat 3: _SKR (360)
*** ANTE/BLINDS ***
Kirikiri25 posts small blind 20
_SKR posts big blind 40
Dealt to _SKR [7h 4h]
*** PRE-FLOP *** 
Kirikiri25 calls 20
_SKR checks
*** FLOP *** [5d 9c 8s]
_SKR checks
Kirikiri25 checks
*** TURN *** [5d 9c 8s][Ts]
_SKR checks
Kirikiri25 bets 52
_SKR folds
Kirikiri25 collected 132 from pot
*** SUMMARY ***
Total pot 132 | No rake
Board: [5d 9c 8s Ts]
Seat 2: Kirikiri25 (small blind) (button) won 132


Winamax Poker - Tournament "Expresso Nitro" buyIn: 1.86€ + 0.14€ level: 4 - HandId: #2698201633346551809-12-1675185497 - Holdem no limit (30/60) - 2023/01/31 17:18:17 UTC
Table: 'Expresso Nitro(628224023)#0' 3-max (real money) Seat #3 is the button
Seat 2: Kirikiri25 (580)
Seat 3: _SKR (320)
*** ANTE/BLINDS ***
_SKR posts small blind 30
Kirikiri25 posts big blind 60
Dealt to _SKR [3c 8d]
*** PRE-FLOP *** 
_SKR folds
Kirikiri25 collected 90 from pot
*** SUMMARY ***
Total pot 90 | No rake
Seat 2: Kirikiri25 (big blind) won 90


Winamax Poker - Tournament "Expresso Nitro" buyIn: 1.86€ + 0.14€ level: 4 - HandId: #2698201633346551809-13-1675185504 - Holdem no limit (30/60) - 2023/01/31 17:18:24 UTC
Table: 'Expresso Nitro(628224023)#0' 3-max (real money) Seat #2 is the button
Seat 2: Kirikiri25 (610)
Seat 3: _SKR (290)
*** ANTE/BLINDS ***
Kirikiri25 posts small blind 30
_SKR posts big blind 60
Dealt to _SKR [4s 9s]
*** PRE-FLOP *** 
Kirikiri25 calls 30
_SKR checks
*** FLOP *** [6c 4h 6h]
_SKR checks
Kirikiri25 checks
*** TURN *** [6c 4h 6h][5s]
_SKR checks
Kirikiri25 bets 78
_SKR calls 78
*** RIVER *** [6c 4h 6h 5s][Qc]
_SKR checks
Kirikiri25 bets 179
_SKR folds
Kirikiri25 collected 455 from pot
*** SUMMARY ***
Total pot 455 | No rake
Board: [6c 4h 6h 5s Qc]
Seat 2: Kirikiri25 (small blind) (button) won 455


Winamax Poker - Tournament "Expresso Nitro" buyIn: 1.86€ + 0.14€ level: 5 - HandId: #2698201633346551809-14-1675185544 - Holdem no limit (40/80) - 2023/01/31 17:19:04 UTC
Table: 'Expresso Nitro(628224023)#0' 3-max (real money) Seat #3 is the button
Seat 2: Kirikiri25 (748)
Seat 3: _SKR (152)
*** ANTE/BLINDS ***
_SKR posts small blind 40
Kirikiri25 posts big blind 80
Dealt to _SKR [Qs 3c]
*** PRE-FLOP *** 
_SKR raises 72 to 152 and is all-in
Kirikiri25 calls 72
*** FLOP *** [Jh 4c 2c]
*** TURN *** [Jh 4c 2c][7h]
*** RIVER *** [Jh 4c 2c 7h][Ac]
*** SHOW DOWN ***
_SKR shows [Qs 3c] (High card : Ace)
Kirikiri25 shows [9c 2h] (One pair : 2)
Kirikiri25 collected 304 from pot
*** SUMMARY ***
Total pot 304 | No rake
Board: [Jh 4c 2c 7h Ac]
Seat 2: Kirikiri25 (big blind) showed [9c 2h] and won 304 with One pair : 2
Seat 3: _SKR (small blind) (button) showed [Qs 3c] and lost with High card : Ace


