Winamax Poker - Tournament "Expresso Nitro" buyIn: 1.86€ + 0.14€ level: 1 - HandId: #2696508664612651009-1-1675084123 - Holdem no limit (10/20) - 2023/01/30 13:08:43 UTC
Table: 'Expresso Nitro(627829848)#0' 3-max (real money) Seat #2 is the button
Seat 1: Royyyyaa06 (300)
Seat 2: Pierrico91 (300)
Seat 3: _SKR (300)
*** ANTE/BLINDS ***
_SKR posts small blind 10
Royyyyaa06 posts big blind 20
Dealt to _SKR [5h Td]
*** PRE-FLOP *** 
Pierrico91 folds
_SKR folds
Royyyyaa06 collected 30 from pot
*** SUMMARY ***
Total pot 30 | No rake
Seat 1: Royyyyaa06 (big blind) won 30


Winamax Poker - Tournament "Expresso Nitro" buyIn: 1.86€ + 0.14€ level: 1 - HandId: #2696508664612651009-2-1675084128 - Holdem no limit (10/20) - 2023/01/30 13:08:48 UTC
Table: 'Expresso Nitro(627829848)#0' 3-max (real money) Seat #3 is the button
Seat 1: Royyyyaa06 (310)
Seat 2: Pierrico91 (300)
Seat 3: _SKR (290)
*** ANTE/BLINDS ***
Royyyyaa06 posts small blind 10
Pierrico91 posts big blind 20
Dealt to _SKR [8c Qh]
*** PRE-FLOP *** 
_SKR folds
Royyyyaa06 calls 10
Pierrico91 raises 40 to 60
Royyyyaa06 calls 40
*** FLOP *** [6s 2h 2s]
Royyyyaa06 checks
Pierrico91 bets 60
Royyyyaa06 folds
Pierrico91 collected 180 from pot
*** SUMMARY ***
Total pot 180 | No rake
Board: [6s 2h 2s]
Seat 2: Pierrico91 (big blind) won 180


Winamax Poker - Tournament "Expresso Nitro" buyIn: 1.86€ + 0.14€ level: 1 - HandId: #2696508664612651009-3-1675084154 - Holdem no limit (10/20) - 2023/01/30 13:09:14 UTC
Table: 'Expresso Nitro(627829848)#0' 3-max (real money) Seat #1 is the button
Seat 1: Royyyyaa06 (250)
Seat 2: Pierrico91 (360)
Seat 3: _SKR (290)
*** ANTE/BLINDS ***
Pierrico91 posts small blind 10
_SKR posts big blind 20
Dealt to _SKR [Jd 5c]
*** PRE-FLOP *** 
Royyyyaa06 raises 230 to 250 and is all-in
Pierrico91 folds
_SKR folds
Royyyyaa06 collected 280 from pot
*** SUMMARY ***
Total pot 280 | No rake
Seat 1: Royyyyaa06 (button) won 280


Winamax Poker - Tournament "Expresso Nitro" buyIn: 1.86€ + 0.14€ level: 1 - HandId: #2696508664612651009-4-1675084167 - Holdem no limit (10/20) - 2023/01/30 13:09:27 UTC
Table: 'Expresso Nitro(627829848)#0' 3-max (real money) Seat #2 is the button
Seat 1: Royyyyaa06 (280)
Seat 2: Pierrico91 (350)
Seat 3: _SKR (270)
*** ANTE/BLINDS ***
_SKR posts small blind 10
Royyyyaa06 posts big blind 20
Dealt to _SKR [Qc Jc]
*** PRE-FLOP *** 
Pierrico91 folds
_SKR raises 250 to 270 and is all-in
Royyyyaa06 calls 250
*** FLOP *** [5c 8c 8h]
*** TURN *** [5c 8c 8h][Kd]
*** RIVER *** [5c 8c 8h Kd][Qh]
*** SHOW DOWN ***
Royyyyaa06 shows [9d Ac] (One pair : 8)
_SKR shows [Qc Jc] (Two pairs : Queens and 8)
_SKR collected 540 from pot
*** SUMMARY ***
Total pot 540 | No rake
Board: [5c 8c 8h Kd Qh]
Seat 1: Royyyyaa06 (big blind) showed [9d Ac] and lost with One pair : 8
Seat 3: _SKR (small blind) showed [Qc Jc] and won 540 with Two pairs : Queens and 8


Winamax Poker - Tournament "Expresso Nitro" buyIn: 1.86€ + 0.14€ level: 2 - HandId: #2696508664612651009-5-1675084195 - Holdem no limit (15/30) - 2023/01/30 13:09:55 UTC
Table: 'Expresso Nitro(627829848)#0' 3-max (real money) Seat #3 is the button
Seat 1: Royyyyaa06 (10)
Seat 2: Pierrico91 (350)
Seat 3: _SKR (540)
*** ANTE/BLINDS ***
Royyyyaa06 posts small blind 10 and is all-in
Pierrico91 posts big blind 30
Dealt to _SKR [Kc 7d]
*** PRE-FLOP *** 
_SKR folds
*** FLOP *** [5c 6c 2h]
*** TURN *** [5c 6c 2h][Jh]
*** RIVER *** [5c 6c 2h Jh][9s]
*** SHOW DOWN ***
Royyyyaa06 shows [Jd Qs] (One pair : Jacks)
Pierrico91 shows [Kd 3d] (High card : King)
Pierrico91 collected 20 from side pot 1
Royyyyaa06 collected 20 from main pot
*** SUMMARY ***
Total pot 40 | No rake
Board: [5c 6c 2h Jh 9s]
Seat 1: Royyyyaa06 (small blind) showed [Jd Qs] and won 20 with One pair : Jacks
Seat 2: Pierrico91 (big blind) showed [Kd 3d] and won 20 with High card : King


Winamax Poker - Tournament "Expresso Nitro" buyIn: 1.86€ + 0.14€ level: 2 - HandId: #2696508664612651009-6-1675084215 - Holdem no limit (15/30) - 2023/01/30 13:10:15 UTC
Table: 'Expresso Nitro(627829848)#0' 3-max (real money) Seat #1 is the button
Seat 1: Royyyyaa06 (20)
Seat 2: Pierrico91 (340)
Seat 3: _SKR (540)
*** ANTE/BLINDS ***
Pierrico91 posts small blind 15
_SKR posts big blind 30
Dealt to _SKR [6s Td]
*** PRE-FLOP *** 
Royyyyaa06 calls 20 and is all-in
Pierrico91 calls 15
_SKR checks
*** FLOP *** [4d Tc 2h]
Pierrico91 bets 30
_SKR folds
*** TURN *** [4d Tc 2h][7s]
*** RIVER *** [4d Tc 2h 7s][Qs]
*** SHOW DOWN ***
Royyyyaa06 shows [2d 9d] (One pair : 2)
Pierrico91 shows [2c 6c] (One pair : 2)
Pierrico91 collected 50 from side pot 1
Royyyyaa06 collected 60 from main pot
*** SUMMARY ***
Total pot 110 | No rake
Board: [4d Tc 2h 7s Qs]
Seat 1: Royyyyaa06 (button) showed [2d 9d] and won 60 with One pair : 2
Seat 2: Pierrico91 (small blind) showed [2c 6c] and won 50 with One pair : 2


Winamax Poker - Tournament "Expresso Nitro" buyIn: 1.86€ + 0.14€ level: 2 - HandId: #2696508664612651009-7-1675084231 - Holdem no limit (15/30) - 2023/01/30 13:10:31 UTC
Table: 'Expresso Nitro(627829848)#0' 3-max (real money) Seat #2 is the button
Seat 1: Royyyyaa06 (60)
Seat 2: Pierrico91 (330)
Seat 3: _SKR (510)
*** ANTE/BLINDS ***
_SKR posts small blind 15
Royyyyaa06 posts big blind 30
Dealt to _SKR [Qh 9h]
*** PRE-FLOP *** 
Pierrico91 raises 300 to 330 and is all-in
_SKR folds
Royyyyaa06 calls 30 and is all-in
*** FLOP *** [Ah 2h 6d]
*** TURN *** [Ah 2h 6d][Qs]
*** RIVER *** [Ah 2h 6d Qs][9s]
*** SHOW DOWN ***
Royyyyaa06 shows [4d 4s] (One pair : 4)
Pierrico91 shows [Ts As] (One pair : Aces)
Pierrico91 collected 405 from pot
*** SUMMARY ***
Total pot 405 | No rake
Board: [Ah 2h 6d Qs 9s]
Seat 1: Royyyyaa06 (big blind) showed [4d 4s] and lost with One pair : 4
Seat 2: Pierrico91 (button) showed [Ts As] and won 405 with One pair : Aces


Winamax Poker - Tournament "Expresso Nitro" buyIn: 1.86€ + 0.14€ level: 3 - HandId: #2696508664612651009-8-1675084245 - Holdem no limit (20/40) - 2023/01/30 13:10:45 UTC
Table: 'Expresso Nitro(627829848)#0' 3-max (real money) Seat #2 is the button
Seat 2: Pierrico91 (405)
Seat 3: _SKR (495)
*** ANTE/BLINDS ***
Pierrico91 posts small blind 20
_SKR posts big blind 40
Dealt to _SKR [9d Jc]
*** PRE-FLOP *** 
Pierrico91 raises 40 to 80
_SKR folds
Pierrico91 collected 120 from pot
*** SUMMARY ***
Total pot 120 | No rake
Seat 2: Pierrico91 (small blind) (button) won 120


Winamax Poker - Tournament "Expresso Nitro" buyIn: 1.86€ + 0.14€ level: 3 - HandId: #2696508664612651009-9-1675084263 - Holdem no limit (20/40) - 2023/01/30 13:11:03 UTC
Table: 'Expresso Nitro(627829848)#0' 3-max (real money) Seat #3 is the button
Seat 2: Pierrico91 (445)
Seat 3: _SKR (455)
*** ANTE/BLINDS ***
_SKR posts small blind 20
Pierrico91 posts big blind 40
Dealt to _SKR [Kc Ks]
*** PRE-FLOP *** 
_SKR calls 20
Pierrico91 checks
*** FLOP *** [5h 4c 6h]
Pierrico91 checks
_SKR bets 40
Pierrico91 raises 365 to 405 and is all-in
_SKR calls 365
*** TURN *** [5h 4c 6h][Ah]
*** RIVER *** [5h 4c 6h Ah][7d]
*** SHOW DOWN ***
_SKR shows [Kc Ks] (One pair : Kings)
Pierrico91 shows [8h 3h] (Flush Ace high)
Pierrico91 collected 890 from pot
*** SUMMARY ***
Total pot 890 | No rake
Board: [5h 4c 6h Ah 7d]
Seat 2: Pierrico91 (big blind) showed [8h 3h] and won 890 with Flush Ace high
Seat 3: _SKR (small blind) (button) showed [Kc Ks] and lost with One pair : Kings


Winamax Poker - Tournament "Expresso Nitro" buyIn: 1.86€ + 0.14€ level: 3 - HandId: #2696508664612651009-10-1675084289 - Holdem no limit (20/40) - 2023/01/30 13:11:29 UTC
Table: 'Expresso Nitro(627829848)#0' 3-max (real money) Seat #2 is the button
Seat 2: Pierrico91 (890)
Seat 3: _SKR (10)
*** ANTE/BLINDS ***
Pierrico91 posts small blind 20
_SKR posts big blind 10 and is all-in
Dealt to _SKR [4s Ah]
*** PRE-FLOP *** 
*** FLOP *** [Jh Tc 3c]
*** TURN *** [Jh Tc 3c][8s]
*** RIVER *** [Jh Tc 3c 8s][As]
*** SHOW DOWN ***
Pierrico91 shows [4c 5s] (High card : Ace)
_SKR shows [4s Ah] (One pair : Aces)
_SKR collected 20 from main pot
Pierrico91 collected 10 from side pot 1
*** SUMMARY ***
Total pot 30 | No rake
Board: [Jh Tc 3c 8s As]
Seat 2: Pierrico91 (small blind) (button) showed [4c 5s] and won 10 with High card : Ace
Seat 3: _SKR (big blind) showed [4s Ah] and won 20 with One pair : Aces


Winamax Poker - Tournament "Expresso Nitro" buyIn: 1.86€ + 0.14€ level: 3 - HandId: #2696508664612651009-11-1675084297 - Holdem no limit (20/40) - 2023/01/30 13:11:37 UTC
Table: 'Expresso Nitro(627829848)#0' 3-max (real money) Seat #3 is the button
Seat 2: Pierrico91 (880)
Seat 3: _SKR (20)
*** ANTE/BLINDS ***
_SKR posts small blind 20 and is all-in
Pierrico91 posts big blind 40
Dealt to _SKR [9c Kh]
*** PRE-FLOP *** 
*** FLOP *** [9h 8d Qh]
*** TURN *** [9h 8d Qh][8c]
*** RIVER *** [9h 8d Qh 8c][Ac]
*** SHOW DOWN ***
_SKR shows [9c Kh] (Two pairs : 9 and 8)
Pierrico91 shows [6s Qs] (Two pairs : Queens and 8)
Pierrico91 collected 60 from pot
*** SUMMARY ***
Total pot 60 | No rake
Board: [9h 8d Qh 8c Ac]
Seat 2: Pierrico91 (big blind) showed [6s Qs] and won 60 with Two pairs : Queens and 8
Seat 3: _SKR (small blind) (button) showed [9c Kh] and lost with Two pairs : 9 and 8


