Winamax Poker - Tournament "Expresso Nitro" buyIn: 0.93€ + 0.07€ level: 1 - HandId: #2690576825150603265-1-1674686542 - Holdem no limit (10/20) - 2023/01/25 22:42:22 UTC
Table: 'Expresso Nitro(626448734)#0' 3-max (real money) Seat #2 is the button
Seat 1: imapickle (300)
Seat 2: Flushhh (300)
Seat 3: _SKR (300)
*** ANTE/BLINDS ***
_SKR posts small blind 10
imapickle posts big blind 20
Dealt to _SKR [Ad Qs]
*** PRE-FLOP *** 
Flushhh calls 20
_SKR raises 280 to 300 and is all-in
imapickle folds
Flushhh folds
_SKR collected 340 from pot
*** SUMMARY ***
Total pot 340 | No rake
Seat 3: _SKR (small blind) won 340


Winamax Poker - Tournament "Expresso Nitro" buyIn: 0.93€ + 0.07€ level: 1 - HandId: #2690576825150603265-2-1674686562 - Holdem no limit (10/20) - 2023/01/25 22:42:42 UTC
Table: 'Expresso Nitro(626448734)#0' 3-max (real money) Seat #3 is the button
Seat 1: imapickle (280)
Seat 2: Flushhh (280)
Seat 3: _SKR (340)
*** ANTE/BLINDS ***
imapickle posts small blind 10
Flushhh posts big blind 20
Dealt to _SKR [Jd Ks]
*** PRE-FLOP *** 
_SKR raises 20 to 40
imapickle folds
Flushhh folds
_SKR collected 70 from pot
*** SUMMARY ***
Total pot 70 | No rake
Seat 3: _SKR (button) won 70


Winamax Poker - Tournament "Expresso Nitro" buyIn: 0.93€ + 0.07€ level: 1 - HandId: #2690576825150603265-3-1674686579 - Holdem no limit (10/20) - 2023/01/25 22:42:59 UTC
Table: 'Expresso Nitro(626448734)#0' 3-max (real money) Seat #1 is the button
Seat 1: imapickle (270)
Seat 2: Flushhh (260)
Seat 3: _SKR (370)
*** ANTE/BLINDS ***
Flushhh posts small blind 10
_SKR posts big blind 20
Dealt to _SKR [Ah Td]
*** PRE-FLOP *** 
imapickle folds
Flushhh calls 10
_SKR raises 20 to 40
Flushhh calls 20
*** FLOP *** [7h Kh 2h]
Flushhh checks
_SKR checks
*** TURN *** [7h Kh 2h][Jc]
Flushhh checks
_SKR checks
*** RIVER *** [7h Kh 2h Jc][Qs]
Flushhh checks
_SKR bets 64
Flushhh folds
_SKR collected 144 from pot
*** SUMMARY ***
Total pot 144 | No rake
Board: [7h Kh 2h Jc Qs]
Seat 3: _SKR (big blind) won 144


Winamax Poker - Tournament "Expresso Nitro" buyIn: 0.93€ + 0.07€ level: 2 - HandId: #2690576825150603265-4-1674686614 - Holdem no limit (15/30) - 2023/01/25 22:43:34 UTC
Table: 'Expresso Nitro(626448734)#0' 3-max (real money) Seat #2 is the button
Seat 1: imapickle (270)
Seat 2: Flushhh (220)
Seat 3: _SKR (410)
*** ANTE/BLINDS ***
_SKR posts small blind 15
imapickle posts big blind 30
Dealt to _SKR [5c Kc]
*** PRE-FLOP *** 
Flushhh folds
_SKR raises 380 to 410 and is all-in
imapickle folds
_SKR collected 440 from pot
*** SUMMARY ***
Total pot 440 | No rake
Seat 3: _SKR (small blind) won 440


Winamax Poker - Tournament "Expresso Nitro" buyIn: 0.93€ + 0.07€ level: 2 - HandId: #2690576825150603265-5-1674686634 - Holdem no limit (15/30) - 2023/01/25 22:43:54 UTC
Table: 'Expresso Nitro(626448734)#0' 3-max (real money) Seat #3 is the button
Seat 1: imapickle (240)
Seat 2: Flushhh (220)
Seat 3: _SKR (440)
*** ANTE/BLINDS ***
imapickle posts small blind 15
Flushhh posts big blind 30
Dealt to _SKR [3d Kh]
*** PRE-FLOP *** 
_SKR folds
imapickle calls 15
Flushhh raises 190 to 220 and is all-in
imapickle folds
Flushhh collected 250 from pot
*** SUMMARY ***
Total pot 250 | No rake
Seat 2: Flushhh (big blind) won 250


Winamax Poker - Tournament "Expresso Nitro" buyIn: 0.93€ + 0.07€ level: 2 - HandId: #2690576825150603265-6-1674686652 - Holdem no limit (15/30) - 2023/01/25 22:44:12 UTC
Table: 'Expresso Nitro(626448734)#0' 3-max (real money) Seat #1 is the button
Seat 1: imapickle (210)
Seat 2: Flushhh (250)
Seat 3: _SKR (440)
*** ANTE/BLINDS ***
Flushhh posts small blind 15
_SKR posts big blind 30
Dealt to _SKR [2c Td]
*** PRE-FLOP *** 
imapickle folds
Flushhh folds
_SKR collected 45 from pot
*** SUMMARY ***
Total pot 45 | No rake
Seat 3: _SKR (big blind) won 45


Winamax Poker - Tournament "Expresso Nitro" buyIn: 0.93€ + 0.07€ level: 3 - HandId: #2690576825150603265-7-1674686662 - Holdem no limit (20/40) - 2023/01/25 22:44:22 UTC
Table: 'Expresso Nitro(626448734)#0' 3-max (real money) Seat #2 is the button
Seat 1: imapickle (210)
Seat 2: Flushhh (235)
Seat 3: _SKR (455)
*** ANTE/BLINDS ***
_SKR posts small blind 20
imapickle posts big blind 40
Dealt to _SKR [2s Ks]
*** PRE-FLOP *** 
Flushhh folds
_SKR raises 415 to 455 and is all-in
imapickle calls 170 and is all-in
*** FLOP *** [6d Kc 6c]
*** TURN *** [6d Kc 6c][7s]
*** RIVER *** [6d Kc 6c 7s][8c]
*** SHOW DOWN ***
imapickle shows [Ad Jc] (One pair : 6)
_SKR shows [2s Ks] (Two pairs : Kings and 6)
_SKR collected 665 from pot
*** SUMMARY ***
Total pot 665 | No rake
Board: [6d Kc 6c 7s 8c]
Seat 1: imapickle (big blind) showed [Ad Jc] and lost with One pair : 6
Seat 3: _SKR (small blind) showed [2s Ks] and won 665 with Two pairs : Kings and 6


Winamax Poker - Tournament "Expresso Nitro" buyIn: 0.93€ + 0.07€ level: 3 - HandId: #2690576825150603265-8-1674686679 - Holdem no limit (20/40) - 2023/01/25 22:44:39 UTC
Table: 'Expresso Nitro(626448734)#0' 3-max (real money) Seat #2 is the button
Seat 2: Flushhh (235)
Seat 3: _SKR (665)
*** ANTE/BLINDS ***
Flushhh posts small blind 20
_SKR posts big blind 40
Dealt to _SKR [Kd 8d]
*** PRE-FLOP *** 
Flushhh raises 195 to 235 and is all-in
_SKR calls 195
*** FLOP *** [Th Ad Jh]
*** TURN *** [Th Ad Jh][5d]
*** RIVER *** [Th Ad Jh 5d][Jd]
*** SHOW DOWN ***
Flushhh shows [9c Qs] (One pair : Jacks)
_SKR shows [Kd 8d] (Flush Ace high)
_SKR collected 470 from pot
*** SUMMARY ***
Total pot 470 | No rake
Board: [Th Ad Jh 5d Jd]
Seat 2: Flushhh (small blind) (button) showed [9c Qs] and lost with One pair : Jacks
Seat 3: _SKR (big blind) showed [Kd 8d] and won 470 with Flush Ace high


