Winamax Poker - Tournament "Expresso Nitro" buyIn: 0.93€ + 0.07€ level: 1 - HandId: #2666753822675697665-1-1673289663 - Holdem no limit (10/20) - 2023/01/09 18:41:03 UTC
Table: 'Expresso Nitro(620902009)#0' 3-max (real money) Seat #3 is the button
Seat 1: _SKR (300)
Seat 2: MC Guffin (300)
Seat 3: Embajadora (300)
*** ANTE/BLINDS ***
_SKR posts small blind 10
MC Guffin posts big blind 20
Dealt to _SKR [Js 6h]
*** PRE-FLOP *** 
Embajadora calls 20
_SKR folds
MC Guffin raises 280 to 300 and is all-in
Embajadora calls 280 and is all-in
*** FLOP *** [5d 9h 7d]
*** TURN *** [5d 9h 7d][4h]
*** RIVER *** [5d 9h 7d 4h][7c]
*** SHOW DOWN ***
MC Guffin shows [Ah Tc] (One pair : 7)
Embajadora shows [8s 7s] (Trips of 7)
Embajadora collected 610 from pot
*** SUMMARY ***
Total pot 610 | No rake
Board: [5d 9h 7d 4h 7c]
Seat 2: MC Guffin (big blind) showed [Ah Tc] and lost with One pair : 7
Seat 3: Embajadora (button) showed [8s 7s] and won 610 with Trips of 7


Winamax Poker - Tournament "Expresso Nitro" buyIn: 0.93€ + 0.07€ level: 1 - HandId: #2666753822675697665-2-1673289687 - Holdem no limit (10/20) - 2023/01/09 18:41:27 UTC
Table: 'Expresso Nitro(620902009)#0' 3-max (real money) Seat #3 is the button
Seat 1: _SKR (290)
Seat 3: Embajadora (610)
*** ANTE/BLINDS ***
Embajadora posts small blind 10
_SKR posts big blind 20
Dealt to _SKR [3h 9c]
*** PRE-FLOP *** 
Embajadora calls 10
_SKR checks
*** FLOP *** [As Kd Td]
_SKR checks
Embajadora checks
*** TURN *** [As Kd Td][2d]
_SKR checks
Embajadora checks
*** RIVER *** [As Kd Td 2d][Ts]
_SKR checks
Embajadora checks
*** SHOW DOWN ***
_SKR shows [3h 9c] (One pair : Tens)
Embajadora shows [Js 3s] (One pair : Tens)
Embajadora collected 40 from pot
*** SUMMARY ***
Total pot 40 | No rake
Board: [As Kd Td 2d Ts]
Seat 1: _SKR (big blind) showed [3h 9c] and lost with One pair : Tens
Seat 3: Embajadora (small blind) (button) showed [Js 3s] and won 40 with One pair : Tens


Winamax Poker - Tournament "Expresso Nitro" buyIn: 0.93€ + 0.07€ level: 1 - HandId: #2666753822675697665-3-1673289715 - Holdem no limit (10/20) - 2023/01/09 18:41:55 UTC
Table: 'Expresso Nitro(620902009)#0' 3-max (real money) Seat #1 is the button
Seat 1: _SKR (270)
Seat 3: Embajadora (630)
*** ANTE/BLINDS ***
_SKR posts small blind 10
Embajadora posts big blind 20
Dealt to _SKR [6h 7d]
*** PRE-FLOP *** 
_SKR calls 10
Embajadora checks
*** FLOP *** [8c 4d Ac]
Embajadora checks
_SKR bets 20
Embajadora folds
_SKR collected 60 from pot
*** SUMMARY ***
Total pot 60 | No rake
Board: [8c 4d Ac]
Seat 1: _SKR (small blind) (button) won 60


Winamax Poker - Tournament "Expresso Nitro" buyIn: 0.93€ + 0.07€ level: 2 - HandId: #2666753822675697665-4-1673289733 - Holdem no limit (15/30) - 2023/01/09 18:42:13 UTC
Table: 'Expresso Nitro(620902009)#0' 3-max (real money) Seat #3 is the button
Seat 1: _SKR (290)
Seat 3: Embajadora (610)
*** ANTE/BLINDS ***
Embajadora posts small blind 15
_SKR posts big blind 30
Dealt to _SKR [Qc 6h]
*** PRE-FLOP *** 
Embajadora calls 15
_SKR raises 260 to 290 and is all-in
Embajadora folds
_SKR collected 320 from pot
*** SUMMARY ***
Total pot 320 | No rake
Seat 1: _SKR (big blind) won 320


Winamax Poker - Tournament "Expresso Nitro" buyIn: 0.93€ + 0.07€ level: 2 - HandId: #2666753822675697665-5-1673289747 - Holdem no limit (15/30) - 2023/01/09 18:42:27 UTC
Table: 'Expresso Nitro(620902009)#0' 3-max (real money) Seat #1 is the button
Seat 1: _SKR (320)
Seat 3: Embajadora (580)
*** ANTE/BLINDS ***
_SKR posts small blind 15
Embajadora posts big blind 30
Dealt to _SKR [7s 9s]
*** PRE-FLOP *** 
_SKR folds
Embajadora collected 45 from pot
*** SUMMARY ***
Total pot 45 | No rake
Seat 3: Embajadora (big blind) won 45


Winamax Poker - Tournament "Expresso Nitro" buyIn: 0.93€ + 0.07€ level: 2 - HandId: #2666753822675697665-6-1673289755 - Holdem no limit (15/30) - 2023/01/09 18:42:35 UTC
Table: 'Expresso Nitro(620902009)#0' 3-max (real money) Seat #3 is the button
Seat 1: _SKR (305)
Seat 3: Embajadora (595)
*** ANTE/BLINDS ***
Embajadora posts small blind 15
_SKR posts big blind 30
Dealt to _SKR [Qd Th]
*** PRE-FLOP *** 
Embajadora calls 15
_SKR checks
*** FLOP *** [7s 8d Jh]
_SKR checks
Embajadora checks
*** TURN *** [7s 8d Jh][2s]
_SKR bets 30
Embajadora calls 30
*** RIVER *** [7s 8d Jh 2s][Qc]
_SKR bets 60
Embajadora folds
_SKR collected 180 from pot
*** SUMMARY ***
Total pot 180 | No rake
Board: [7s 8d Jh 2s Qc]
Seat 1: _SKR (big blind) won 180


Winamax Poker - Tournament "Expresso Nitro" buyIn: 0.93€ + 0.07€ level: 2 - HandId: #2666753822675697665-7-1673289778 - Holdem no limit (15/30) - 2023/01/09 18:42:58 UTC
Table: 'Expresso Nitro(620902009)#0' 3-max (real money) Seat #1 is the button
Seat 1: _SKR (365)
Seat 3: Embajadora (535)
*** ANTE/BLINDS ***
_SKR posts small blind 15
Embajadora posts big blind 30
Dealt to _SKR [9d 5h]
*** PRE-FLOP *** 
_SKR folds
Embajadora collected 45 from pot
*** SUMMARY ***
Total pot 45 | No rake
Seat 3: Embajadora (big blind) won 45


Winamax Poker - Tournament "Expresso Nitro" buyIn: 0.93€ + 0.07€ level: 3 - HandId: #2666753822675697665-8-1673289781 - Holdem no limit (20/40) - 2023/01/09 18:43:01 UTC
Table: 'Expresso Nitro(620902009)#0' 3-max (real money) Seat #3 is the button
Seat 1: _SKR (350)
Seat 3: Embajadora (550)
*** ANTE/BLINDS ***
Embajadora posts small blind 20
_SKR posts big blind 40
Dealt to _SKR [9d 8d]
*** PRE-FLOP *** 
Embajadora calls 20
_SKR checks
*** FLOP *** [2d 7c Th]
_SKR checks
Embajadora bets 40
_SKR calls 40
*** TURN *** [2d 7c Th][4s]
_SKR checks
Embajadora bets 40
_SKR calls 40
*** RIVER *** [2d 7c Th 4s][3s]
_SKR checks
Embajadora checks
*** SHOW DOWN ***
_SKR shows [9d 8d] (High card : Ten)
Embajadora shows [7s 8c] (One pair : 7)
Embajadora collected 240 from pot
*** SUMMARY ***
Total pot 240 | No rake
Board: [2d 7c Th 4s 3s]
Seat 1: _SKR (big blind) showed [9d 8d] and lost with High card : Ten
Seat 3: Embajadora (small blind) (button) showed [7s 8c] and won 240 with One pair : 7


Winamax Poker - Tournament "Expresso Nitro" buyIn: 0.93€ + 0.07€ level: 3 - HandId: #2666753822675697665-9-1673289812 - Holdem no limit (20/40) - 2023/01/09 18:43:32 UTC
Table: 'Expresso Nitro(620902009)#0' 3-max (real money) Seat #1 is the button
Seat 1: _SKR (230)
Seat 3: Embajadora (670)
*** ANTE/BLINDS ***
_SKR posts small blind 20
Embajadora posts big blind 40
Dealt to _SKR [Kh Jh]
*** PRE-FLOP *** 
_SKR raises 190 to 230 and is all-in
Embajadora calls 190
*** FLOP *** [Ts 6c 7c]
*** TURN *** [Ts 6c 7c][Js]
*** RIVER *** [Ts 6c 7c Js][7h]
*** SHOW DOWN ***
_SKR shows [Kh Jh] (Two pairs : Jacks and 7)
Embajadora shows [Qd Qc] (Two pairs : Queens and 7)
Embajadora collected 460 from pot
*** SUMMARY ***
Total pot 460 | No rake
Board: [Ts 6c 7c Js 7h]
Seat 1: _SKR (small blind) (button) showed [Kh Jh] and lost with Two pairs : Jacks and 7
Seat 3: Embajadora (big blind) showed [Qd Qc] and won 460 with Two pairs : Queens and 7


