Winamax Poker - Tournament "Expresso Nitro" buyIn: 1.86€ + 0.14€ level: 1 - HandId: #2696592687057862657-1-1675088824 - Holdem no limit (10/20) - 2023/01/30 14:27:04 UTC
Table: 'Expresso Nitro(627849411)#0' 3-max (real money) Seat #2 is the button
Seat 1: Ploutos31 (300)
Seat 2: _SKR (300)
Seat 3: JoraVartanov (300)
*** ANTE/BLINDS ***
JoraVartanov posts small blind 10
Ploutos31 posts big blind 20
Dealt to _SKR [2d Js]
*** PRE-FLOP *** 
_SKR folds
JoraVartanov raises 280 to 300 and is all-in
Ploutos31 folds
JoraVartanov collected 320 from pot
*** SUMMARY ***
Total pot 320 | No rake
Seat 3: JoraVartanov (small blind) won 320


Winamax Poker - Tournament "Expresso Nitro" buyIn: 1.86€ + 0.14€ level: 1 - HandId: #2696592687057862657-2-1675088831 - Holdem no limit (10/20) - 2023/01/30 14:27:11 UTC
Table: 'Expresso Nitro(627849411)#0' 3-max (real money) Seat #3 is the button
Seat 1: Ploutos31 (280)
Seat 2: _SKR (300)
Seat 3: JoraVartanov (320)
*** ANTE/BLINDS ***
Ploutos31 posts small blind 10
_SKR posts big blind 20
Dealt to _SKR [3s 9h]
*** PRE-FLOP *** 
JoraVartanov folds
Ploutos31 folds
_SKR collected 30 from pot
*** SUMMARY ***
Total pot 30 | No rake
Seat 2: _SKR (big blind) won 30


Winamax Poker - Tournament "Expresso Nitro" buyIn: 1.86€ + 0.14€ level: 1 - HandId: #2696592687057862657-3-1675088837 - Holdem no limit (10/20) - 2023/01/30 14:27:17 UTC
Table: 'Expresso Nitro(627849411)#0' 3-max (real money) Seat #1 is the button
Seat 1: Ploutos31 (270)
Seat 2: _SKR (310)
Seat 3: JoraVartanov (320)
*** ANTE/BLINDS ***
_SKR posts small blind 10
JoraVartanov posts big blind 20
Dealt to _SKR [7d Th]
*** PRE-FLOP *** 
Ploutos31 folds
_SKR folds
JoraVartanov collected 30 from pot
*** SUMMARY ***
Total pot 30 | No rake
Seat 3: JoraVartanov (big blind) won 30


Winamax Poker - Tournament "Expresso Nitro" buyIn: 1.86€ + 0.14€ level: 1 - HandId: #2696592687057862657-4-1675088845 - Holdem no limit (10/20) - 2023/01/30 14:27:25 UTC
Table: 'Expresso Nitro(627849411)#0' 3-max (real money) Seat #2 is the button
Seat 1: Ploutos31 (270)
Seat 2: _SKR (300)
Seat 3: JoraVartanov (330)
*** ANTE/BLINDS ***
JoraVartanov posts small blind 10
Ploutos31 posts big blind 20
Dealt to _SKR [6d 6h]
*** PRE-FLOP *** 
_SKR raises 280 to 300 and is all-in
JoraVartanov folds
Ploutos31 folds
_SKR collected 330 from pot
*** SUMMARY ***
Total pot 330 | No rake
Seat 2: _SKR (button) won 330


Winamax Poker - Tournament "Expresso Nitro" buyIn: 1.86€ + 0.14€ level: 1 - HandId: #2696592687057862657-5-1675088852 - Holdem no limit (10/20) - 2023/01/30 14:27:32 UTC
Table: 'Expresso Nitro(627849411)#0' 3-max (real money) Seat #3 is the button
Seat 1: Ploutos31 (250)
Seat 2: _SKR (330)
Seat 3: JoraVartanov (320)
*** ANTE/BLINDS ***
Ploutos31 posts small blind 10
_SKR posts big blind 20
Dealt to _SKR [Kh 9s]
*** PRE-FLOP *** 
JoraVartanov folds
Ploutos31 folds
_SKR collected 30 from pot
*** SUMMARY ***
Total pot 30 | No rake
Seat 2: _SKR (big blind) won 30


Winamax Poker - Tournament "Expresso Nitro" buyIn: 1.86€ + 0.14€ level: 1 - HandId: #2696592687057862657-6-1675088858 - Holdem no limit (10/20) - 2023/01/30 14:27:38 UTC
Table: 'Expresso Nitro(627849411)#0' 3-max (real money) Seat #1 is the button
Seat 1: Ploutos31 (240)
Seat 2: _SKR (340)
Seat 3: JoraVartanov (320)
*** ANTE/BLINDS ***
_SKR posts small blind 10
JoraVartanov posts big blind 20
Dealt to _SKR [Ah Jd]
*** PRE-FLOP *** 
Ploutos31 calls 20
_SKR raises 320 to 340 and is all-in
JoraVartanov folds
Ploutos31 folds
_SKR collected 380 from pot
*** SUMMARY ***
Total pot 380 | No rake
Seat 2: _SKR (small blind) won 380


Winamax Poker - Tournament "Expresso Nitro" buyIn: 1.86€ + 0.14€ level: 1 - HandId: #2696592687057862657-7-1675088873 - Holdem no limit (10/20) - 2023/01/30 14:27:53 UTC
Table: 'Expresso Nitro(627849411)#0' 3-max (real money) Seat #2 is the button
Seat 1: Ploutos31 (220)
Seat 2: _SKR (380)
Seat 3: JoraVartanov (300)
*** ANTE/BLINDS ***
JoraVartanov posts small blind 10
Ploutos31 posts big blind 20
Dealt to _SKR [5c 4d]
*** PRE-FLOP *** 
_SKR folds
JoraVartanov raises 20 to 40
Ploutos31 folds
JoraVartanov collected 60 from pot
*** SUMMARY ***
Total pot 60 | No rake
Seat 3: JoraVartanov (small blind) won 60


Winamax Poker - Tournament "Expresso Nitro" buyIn: 1.86€ + 0.14€ level: 2 - HandId: #2696592687057862657-8-1675088884 - Holdem no limit (15/30) - 2023/01/30 14:28:04 UTC
Table: 'Expresso Nitro(627849411)#0' 3-max (real money) Seat #3 is the button
Seat 1: Ploutos31 (200)
Seat 2: _SKR (380)
Seat 3: JoraVartanov (320)
*** ANTE/BLINDS ***
Ploutos31 posts small blind 15
_SKR posts big blind 30
Dealt to _SKR [2d 3d]
*** PRE-FLOP *** 
JoraVartanov raises 290 to 320 and is all-in
Ploutos31 folds
_SKR folds
JoraVartanov collected 365 from pot
*** SUMMARY ***
Total pot 365 | No rake
Seat 3: JoraVartanov (button) won 365


Winamax Poker - Tournament "Expresso Nitro" buyIn: 1.86€ + 0.14€ level: 2 - HandId: #2696592687057862657-9-1675088899 - Holdem no limit (15/30) - 2023/01/30 14:28:19 UTC
Table: 'Expresso Nitro(627849411)#0' 3-max (real money) Seat #1 is the button
Seat 1: Ploutos31 (185)
Seat 2: _SKR (350)
Seat 3: JoraVartanov (365)
*** ANTE/BLINDS ***
_SKR posts small blind 15
JoraVartanov posts big blind 30
Dealt to _SKR [5s Qs]
*** PRE-FLOP *** 
Ploutos31 folds
_SKR raises 320 to 350 and is all-in
JoraVartanov folds
_SKR collected 380 from pot
*** SUMMARY ***
Total pot 380 | No rake
Seat 2: _SKR (small blind) won 380


Winamax Poker - Tournament "Expresso Nitro" buyIn: 1.86€ + 0.14€ level: 2 - HandId: #2696592687057862657-10-1675088911 - Holdem no limit (15/30) - 2023/01/30 14:28:31 UTC
Table: 'Expresso Nitro(627849411)#0' 3-max (real money) Seat #2 is the button
Seat 1: Ploutos31 (185)
Seat 2: _SKR (380)
Seat 3: JoraVartanov (335)
*** ANTE/BLINDS ***
JoraVartanov posts small blind 15
Ploutos31 posts big blind 30
Dealt to _SKR [3h 2c]
*** PRE-FLOP *** 
_SKR folds
JoraVartanov raises 305 to 335 and is all-in
Ploutos31 folds
JoraVartanov collected 365 from pot
*** SUMMARY ***
Total pot 365 | No rake
Seat 3: JoraVartanov (small blind) won 365


Winamax Poker - Tournament "Expresso Nitro" buyIn: 1.86€ + 0.14€ level: 2 - HandId: #2696592687057862657-11-1675088918 - Holdem no limit (15/30) - 2023/01/30 14:28:38 UTC
Table: 'Expresso Nitro(627849411)#0' 3-max (real money) Seat #3 is the button
Seat 1: Ploutos31 (155)
Seat 2: _SKR (380)
Seat 3: JoraVartanov (365)
*** ANTE/BLINDS ***
Ploutos31 posts small blind 15
_SKR posts big blind 30
Dealt to _SKR [Tc 3s]
*** PRE-FLOP *** 
JoraVartanov folds
Ploutos31 raises 125 to 155 and is all-in
_SKR folds
Ploutos31 collected 185 from pot
*** SUMMARY ***
Total pot 185 | No rake
Seat 1: Ploutos31 (small blind) won 185


Winamax Poker - Tournament "Expresso Nitro" buyIn: 1.86€ + 0.14€ level: 2 - HandId: #2696592687057862657-12-1675088936 - Holdem no limit (15/30) - 2023/01/30 14:28:56 UTC
Table: 'Expresso Nitro(627849411)#0' 3-max (real money) Seat #1 is the button
Seat 1: Ploutos31 (185)
Seat 2: _SKR (350)
Seat 3: JoraVartanov (365)
*** ANTE/BLINDS ***
_SKR posts small blind 15
JoraVartanov posts big blind 30
Dealt to _SKR [Ac 8d]
*** PRE-FLOP *** 
Ploutos31 folds
_SKR raises 320 to 350 and is all-in
JoraVartanov folds
_SKR collected 380 from pot
*** SUMMARY ***
Total pot 380 | No rake
Seat 2: _SKR (small blind) won 380


Winamax Poker - Tournament "Expresso Nitro" buyIn: 1.86€ + 0.14€ level: 3 - HandId: #2696592687057862657-13-1675088952 - Holdem no limit (20/40) - 2023/01/30 14:29:12 UTC
Table: 'Expresso Nitro(627849411)#0' 3-max (real money) Seat #2 is the button
Seat 1: Ploutos31 (185)
Seat 2: _SKR (380)
Seat 3: JoraVartanov (335)
*** ANTE/BLINDS ***
JoraVartanov posts small blind 20
Ploutos31 posts big blind 40
Dealt to _SKR [5s 5h]
*** PRE-FLOP *** 
_SKR raises 340 to 380 and is all-in
JoraVartanov folds
Ploutos31 folds
_SKR collected 440 from pot
*** SUMMARY ***
Total pot 440 | No rake
Seat 2: _SKR (button) won 440


Winamax Poker - Tournament "Expresso Nitro" buyIn: 1.86€ + 0.14€ level: 3 - HandId: #2696592687057862657-14-1675088959 - Holdem no limit (20/40) - 2023/01/30 14:29:19 UTC
Table: 'Expresso Nitro(627849411)#0' 3-max (real money) Seat #3 is the button
Seat 1: Ploutos31 (145)
Seat 2: _SKR (440)
Seat 3: JoraVartanov (315)
*** ANTE/BLINDS ***
Ploutos31 posts small blind 20
_SKR posts big blind 40
Dealt to _SKR [Qs 5s]
*** PRE-FLOP *** 
JoraVartanov folds
Ploutos31 raises 105 to 145 and is all-in
_SKR calls 105
*** FLOP *** [Js 3d 8c]
*** TURN *** [Js 3d 8c][2h]
*** RIVER *** [Js 3d 8c 2h][9h]
*** SHOW DOWN ***
_SKR shows [Qs 5s] (High card : Queen)
Ploutos31 shows [9c Jd] (Two pairs : Jacks and 9)
Ploutos31 collected 290 from pot
*** SUMMARY ***
Total pot 290 | No rake
Board: [Js 3d 8c 2h 9h]
Seat 1: Ploutos31 (small blind) showed [9c Jd] and won 290 with Two pairs : Jacks and 9
Seat 2: _SKR (big blind) showed [Qs 5s] and lost with High card : Queen


Winamax Poker - Tournament "Expresso Nitro" buyIn: 1.86€ + 0.14€ level: 3 - HandId: #2696592687057862657-15-1675088974 - Holdem no limit (20/40) - 2023/01/30 14:29:34 UTC
Table: 'Expresso Nitro(627849411)#0' 3-max (real money) Seat #1 is the button
Seat 1: Ploutos31 (290)
Seat 2: _SKR (295)
Seat 3: JoraVartanov (315)
*** ANTE/BLINDS ***
_SKR posts small blind 20
JoraVartanov posts big blind 40
Dealt to _SKR [2d Ad]
*** PRE-FLOP *** 
Ploutos31 raises 250 to 290 and is all-in
_SKR raises 5 to 295 and is all-in
JoraVartanov folds
*** FLOP *** [Jh Ah 8d]
*** TURN *** [Jh Ah 8d][5d]
*** RIVER *** [Jh Ah 8d 5d][Kc]
*** SHOW DOWN ***
Ploutos31 shows [Qc Td] (Straight Ace high)
_SKR shows [2d Ad] (One pair : Aces)
_SKR collected 5 from side pot 1
Ploutos31 collected 620 from main pot
*** SUMMARY ***
Total pot 625 | No rake
Board: [Jh Ah 8d 5d Kc]
Seat 1: Ploutos31 (button) showed [Qc Td] and won 620 with Straight Ace high
Seat 2: _SKR (small blind) showed [2d Ad] and won 5 with One pair : Aces


Winamax Poker - Tournament "Expresso Nitro" buyIn: 1.86€ + 0.14€ level: 3 - HandId: #2696592687057862657-16-1675088992 - Holdem no limit (20/40) - 2023/01/30 14:29:52 UTC
Table: 'Expresso Nitro(627849411)#0' 3-max (real money) Seat #2 is the button
Seat 1: Ploutos31 (620)
Seat 2: _SKR (5)
Seat 3: JoraVartanov (275)
*** ANTE/BLINDS ***
JoraVartanov posts small blind 20
Ploutos31 posts big blind 40
Dealt to _SKR [9s Ts]
*** PRE-FLOP *** 
_SKR calls 5 and is all-in
JoraVartanov raises 235 to 275 and is all-in
Ploutos31 folds
*** FLOP *** [Kh Qh Tc]
*** TURN *** [Kh Qh Tc][4c]
*** RIVER *** [Kh Qh Tc 4c][5s]
*** SHOW DOWN ***
_SKR shows [9s Ts] (One pair : Tens)
JoraVartanov shows [2s Ac] (High card : Ace)
JoraVartanov collected 305 from side pot 1
_SKR collected 15 from main pot
*** SUMMARY ***
Total pot 320 | No rake
Board: [Kh Qh Tc 4c 5s]
Seat 2: _SKR (button) showed [9s Ts] and won 15 with One pair : Tens
Seat 3: JoraVartanov (small blind) showed [2s Ac] and won 305 with High card : Ace


Winamax Poker - Tournament "Expresso Nitro" buyIn: 1.86€ + 0.14€ level: 4 - HandId: #2696592687057862657-17-1675089009 - Holdem no limit (30/60) - 2023/01/30 14:30:09 UTC
Table: 'Expresso Nitro(627849411)#0' 3-max (real money) Seat #3 is the button
Seat 1: Ploutos31 (580)
Seat 2: _SKR (15)
Seat 3: JoraVartanov (305)
*** ANTE/BLINDS ***
Ploutos31 posts small blind 30
_SKR posts big blind 15 and is all-in
Dealt to _SKR [As 5d]
*** PRE-FLOP *** 
JoraVartanov folds
*** FLOP *** [Tc Jd 5s]
*** TURN *** [Tc Jd 5s][8d]
*** RIVER *** [Tc Jd 5s 8d][Qc]
*** SHOW DOWN ***
_SKR shows [As 5d] (One pair : 5)
Ploutos31 shows [Ts 2c] (One pair : Tens)
Ploutos31 collected 45 from pot
*** SUMMARY ***
Total pot 45 | No rake
Board: [Tc Jd 5s 8d Qc]
Seat 1: Ploutos31 (small blind) showed [Ts 2c] and won 45 with One pair : Tens
Seat 2: _SKR (big blind) showed [As 5d] and lost with One pair : 5


