Winamax Poker - Tournament "Expresso Nitro" buyIn: 0.93€ + 0.07€ level: 1 - HandId: #2676364688173826049-1-1673821460 - Holdem no limit (10/20) - 2023/01/15 22:24:20 UTC
Table: 'Expresso Nitro(623139713)#0' 3-max (real money) Seat #3 is the button
Seat 1: _SKR (300)
Seat 2: Chloe Decker (300)
Seat 3: F. Fognini (300)
*** ANTE/BLINDS ***
_SKR posts small blind 10
Chloe Decker posts big blind 20
Dealt to _SKR [Kh Ad]
*** PRE-FLOP *** 
F. Fognini raises 22 to 42
_SKR raises 258 to 300 and is all-in
Chloe Decker folds
F. Fognini calls 258 and is all-in
*** FLOP *** [3c 6d 2s]
*** TURN *** [3c 6d 2s][Ah]
*** RIVER *** [3c 6d 2s Ah][9c]
*** SHOW DOWN ***
F. Fognini shows [Kc Qs] (High card : Ace)
_SKR shows [Kh Ad] (One pair : Aces)
_SKR collected 620 from pot
*** SUMMARY ***
Total pot 620 | No rake
Board: [3c 6d 2s Ah 9c]
Seat 1: _SKR (small blind) showed [Kh Ad] and won 620 with One pair : Aces
Seat 3: F. Fognini (button) showed [Kc Qs] and lost with High card : Ace


Winamax Poker - Tournament "Expresso Nitro" buyIn: 0.93€ + 0.07€ level: 1 - HandId: #2676364688173826049-2-1673821482 - Holdem no limit (10/20) - 2023/01/15 22:24:42 UTC
Table: 'Expresso Nitro(623139713)#0' 3-max (real money) Seat #2 is the button
Seat 1: _SKR (620)
Seat 2: Chloe Decker (280)
*** ANTE/BLINDS ***
Chloe Decker posts small blind 10
_SKR posts big blind 20
Dealt to _SKR [8d 2c]
*** PRE-FLOP *** 
Chloe Decker calls 10
_SKR checks
*** FLOP *** [2d Js 9s]
_SKR checks
Chloe Decker bets 20
_SKR folds
Chloe Decker collected 60 from pot
*** SUMMARY ***
Total pot 60 | No rake
Board: [2d Js 9s]
Seat 2: Chloe Decker (small blind) (button) won 60


Winamax Poker - Tournament "Expresso Nitro" buyIn: 0.93€ + 0.07€ level: 2 - HandId: #2676364688173826049-3-1673821519 - Holdem no limit (15/30) - 2023/01/15 22:25:19 UTC
Table: 'Expresso Nitro(623139713)#0' 3-max (real money) Seat #1 is the button
Seat 1: _SKR (600)
Seat 2: Chloe Decker (300)
*** ANTE/BLINDS ***
_SKR posts small blind 15
Chloe Decker posts big blind 30
Dealt to _SKR [Ac Ts]
*** PRE-FLOP *** 
_SKR raises 570 to 600 and is all-in
Chloe Decker folds
_SKR collected 630 from pot
*** SUMMARY ***
Total pot 630 | No rake
Seat 1: _SKR (small blind) (button) won 630


Winamax Poker - Tournament "Expresso Nitro" buyIn: 0.93€ + 0.07€ level: 2 - HandId: #2676364688173826049-4-1673821537 - Holdem no limit (15/30) - 2023/01/15 22:25:37 UTC
Table: 'Expresso Nitro(623139713)#0' 3-max (real money) Seat #2 is the button
Seat 1: _SKR (630)
Seat 2: Chloe Decker (270)
*** ANTE/BLINDS ***
Chloe Decker posts small blind 15
_SKR posts big blind 30
Dealt to _SKR [Kc 6c]
*** PRE-FLOP *** 
Chloe Decker raises 240 to 270 and is all-in
_SKR folds
Chloe Decker collected 300 from pot
*** SUMMARY ***
Total pot 300 | No rake
Seat 2: Chloe Decker (small blind) (button) won 300


Winamax Poker - Tournament "Expresso Nitro" buyIn: 0.93€ + 0.07€ level: 2 - HandId: #2676364688173826049-5-1673821550 - Holdem no limit (15/30) - 2023/01/15 22:25:50 UTC
Table: 'Expresso Nitro(623139713)#0' 3-max (real money) Seat #1 is the button
Seat 1: _SKR (600)
Seat 2: Chloe Decker (300)
*** ANTE/BLINDS ***
_SKR posts small blind 15
Chloe Decker posts big blind 30
Dealt to _SKR [Ks Kh]
*** PRE-FLOP *** 
_SKR calls 15
Chloe Decker checks
*** FLOP *** [6d Td 4h]
Chloe Decker checks
_SKR bets 30
Chloe Decker folds
_SKR collected 90 from pot
*** SUMMARY ***
Total pot 90 | No rake
Board: [6d Td 4h]
Seat 1: _SKR (small blind) (button) won 90


Winamax Poker - Tournament "Expresso Nitro" buyIn: 0.93€ + 0.07€ level: 2 - HandId: #2676364688173826049-6-1673821562 - Holdem no limit (15/30) - 2023/01/15 22:26:02 UTC
Table: 'Expresso Nitro(623139713)#0' 3-max (real money) Seat #2 is the button
Seat 1: _SKR (630)
Seat 2: Chloe Decker (270)
*** ANTE/BLINDS ***
Chloe Decker posts small blind 15
_SKR posts big blind 30
Dealt to _SKR [5s 6d]
*** PRE-FLOP *** 
Chloe Decker folds
_SKR collected 45 from pot
*** SUMMARY ***
Total pot 45 | No rake
Seat 1: _SKR (big blind) won 45


Winamax Poker - Tournament "Expresso Nitro" buyIn: 0.93€ + 0.07€ level: 2 - HandId: #2676364688173826049-7-1673821566 - Holdem no limit (15/30) - 2023/01/15 22:26:06 UTC
Table: 'Expresso Nitro(623139713)#0' 3-max (real money) Seat #1 is the button
Seat 1: _SKR (645)
Seat 2: Chloe Decker (255)
*** ANTE/BLINDS ***
_SKR posts small blind 15
Chloe Decker posts big blind 30
Dealt to _SKR [Qh 6d]
*** PRE-FLOP *** 
_SKR raises 615 to 645 and is all-in
Chloe Decker folds
_SKR collected 675 from pot
*** SUMMARY ***
Total pot 675 | No rake
Seat 1: _SKR (small blind) (button) won 675


Winamax Poker - Tournament "Expresso Nitro" buyIn: 0.93€ + 0.07€ level: 2 - HandId: #2676364688173826049-8-1673821571 - Holdem no limit (15/30) - 2023/01/15 22:26:11 UTC
Table: 'Expresso Nitro(623139713)#0' 3-max (real money) Seat #2 is the button
Seat 1: _SKR (675)
Seat 2: Chloe Decker (225)
*** ANTE/BLINDS ***
Chloe Decker posts small blind 15
_SKR posts big blind 30
Dealt to _SKR [Ts Jh]
*** PRE-FLOP *** 
Chloe Decker raises 195 to 225 and is all-in
_SKR calls 195
*** FLOP *** [4h 5d 5c]
*** TURN *** [4h 5d 5c][7s]
*** RIVER *** [4h 5d 5c 7s][6c]
*** SHOW DOWN ***
Chloe Decker shows [Td 9d] (One pair : 5)
_SKR shows [Ts Jh] (One pair : 5)
_SKR collected 450 from pot
*** SUMMARY ***
Total pot 450 | No rake
Board: [4h 5d 5c 7s 6c]
Seat 1: _SKR (big blind) showed [Ts Jh] and won 450 with One pair : 5
Seat 2: Chloe Decker (small blind) (button) showed [Td 9d] and lost with One pair : 5


