Winamax Poker - Tournament "Expresso Nitro" buyIn: 0.93€ + 0.07€ level: 1 - HandId: #2690577443625893889-1-1674686562 - Holdem no limit (10/20) - 2023/01/25 22:42:42 UTC
Table: 'Expresso Nitro(626448878)#0' 3-max (real money) Seat #1 is the button
Seat 1: wmx-f9s56op (300)
Seat 2: _SKR (300)
Seat 3: T.Canal30 (300)
*** ANTE/BLINDS ***
_SKR posts small blind 10
T.Canal30 posts big blind 20
Dealt to _SKR [4s 6h]
*** PRE-FLOP *** 
wmx-f9s56op raises 280 to 300 and is all-in
_SKR folds
T.Canal30 calls 280 and is all-in
*** FLOP *** [Jc 5h Ks]
*** TURN *** [Jc 5h Ks][7c]
*** RIVER *** [Jc 5h Ks 7c][2c]
*** SHOW DOWN ***
wmx-f9s56op shows [4h 9c] (High card : King)
T.Canal30 shows [Ah 3s] (High card : Ace)
T.Canal30 collected 610 from pot
*** SUMMARY ***
Total pot 610 | No rake
Board: [Jc 5h Ks 7c 2c]
Seat 1: wmx-f9s56op (button) showed [4h 9c] and lost with High card : King
Seat 3: T.Canal30 (big blind) showed [Ah 3s] and won 610 with High card : Ace


Winamax Poker - Tournament "Expresso Nitro" buyIn: 0.93€ + 0.07€ level: 1 - HandId: #2690577443625893889-2-1674686576 - Holdem no limit (10/20) - 2023/01/25 22:42:56 UTC
Table: 'Expresso Nitro(626448878)#0' 3-max (real money) Seat #3 is the button
Seat 2: _SKR (290)
Seat 3: T.Canal30 (610)
*** ANTE/BLINDS ***
T.Canal30 posts small blind 10
_SKR posts big blind 20
Dealt to _SKR [Kh 9h]
*** PRE-FLOP *** 
T.Canal30 raises 590 to 610 and is all-in
_SKR folds
T.Canal30 collected 630 from pot
*** SUMMARY ***
Total pot 630 | No rake
Seat 3: T.Canal30 (small blind) (button) won 630


Winamax Poker - Tournament "Expresso Nitro" buyIn: 0.93€ + 0.07€ level: 1 - HandId: #2690577443625893889-3-1674686580 - Holdem no limit (10/20) - 2023/01/25 22:43:00 UTC
Table: 'Expresso Nitro(626448878)#0' 3-max (real money) Seat #2 is the button
Seat 2: _SKR (270)
Seat 3: T.Canal30 (630)
*** ANTE/BLINDS ***
_SKR posts small blind 10
T.Canal30 posts big blind 20
Dealt to _SKR [Jc Qd]
*** PRE-FLOP *** 
_SKR raises 20 to 40
T.Canal30 raises 20 to 60
_SKR calls 20
*** FLOP *** [Td 3s 2c]
T.Canal30 bets 120
_SKR folds
T.Canal30 collected 240 from pot
*** SUMMARY ***
Total pot 240 | No rake
Board: [Td 3s 2c]
Seat 3: T.Canal30 (big blind) won 240


Winamax Poker - Tournament "Expresso Nitro" buyIn: 0.93€ + 0.07€ level: 1 - HandId: #2690577443625893889-4-1674686611 - Holdem no limit (10/20) - 2023/01/25 22:43:31 UTC
Table: 'Expresso Nitro(626448878)#0' 3-max (real money) Seat #3 is the button
Seat 2: _SKR (210)
Seat 3: T.Canal30 (690)
*** ANTE/BLINDS ***
T.Canal30 posts small blind 10
_SKR posts big blind 20
Dealt to _SKR [As 8d]
*** PRE-FLOP *** 
T.Canal30 folds
_SKR collected 30 from pot
*** SUMMARY ***
Total pot 30 | No rake
Seat 2: _SKR (big blind) won 30


Winamax Poker - Tournament "Expresso Nitro" buyIn: 0.93€ + 0.07€ level: 1 - HandId: #2690577443625893889-5-1674686614 - Holdem no limit (10/20) - 2023/01/25 22:43:34 UTC
Table: 'Expresso Nitro(626448878)#0' 3-max (real money) Seat #2 is the button
Seat 2: _SKR (220)
Seat 3: T.Canal30 (680)
*** ANTE/BLINDS ***
_SKR posts small blind 10
T.Canal30 posts big blind 20
Dealt to _SKR [8d Qh]
*** PRE-FLOP *** 
_SKR calls 10
T.Canal30 checks
*** FLOP *** [Kh 2d 4c]
T.Canal30 bets 40
_SKR folds
T.Canal30 collected 80 from pot
*** SUMMARY ***
Total pot 80 | No rake
Board: [Kh 2d 4c]
Seat 3: T.Canal30 (big blind) won 80


Winamax Poker - Tournament "Expresso Nitro" buyIn: 0.93€ + 0.07€ level: 2 - HandId: #2690577443625893889-6-1674686624 - Holdem no limit (15/30) - 2023/01/25 22:43:44 UTC
Table: 'Expresso Nitro(626448878)#0' 3-max (real money) Seat #3 is the button
Seat 2: _SKR (200)
Seat 3: T.Canal30 (700)
*** ANTE/BLINDS ***
T.Canal30 posts small blind 15
_SKR posts big blind 30
Dealt to _SKR [9c 9s]
*** PRE-FLOP *** 
T.Canal30 folds
_SKR collected 45 from pot
*** SUMMARY ***
Total pot 45 | No rake
Seat 2: _SKR (big blind) won 45


Winamax Poker - Tournament "Expresso Nitro" buyIn: 0.93€ + 0.07€ level: 2 - HandId: #2690577443625893889-7-1674686628 - Holdem no limit (15/30) - 2023/01/25 22:43:48 UTC
Table: 'Expresso Nitro(626448878)#0' 3-max (real money) Seat #2 is the button
Seat 2: _SKR (215)
Seat 3: T.Canal30 (685)
*** ANTE/BLINDS ***
_SKR posts small blind 15
T.Canal30 posts big blind 30
Dealt to _SKR [2s 8c]
*** PRE-FLOP *** 
_SKR folds
T.Canal30 collected 45 from pot
*** SUMMARY ***
Total pot 45 | No rake
Seat 3: T.Canal30 (big blind) won 45


Winamax Poker - Tournament "Expresso Nitro" buyIn: 0.93€ + 0.07€ level: 2 - HandId: #2690577443625893889-8-1674686633 - Holdem no limit (15/30) - 2023/01/25 22:43:53 UTC
Table: 'Expresso Nitro(626448878)#0' 3-max (real money) Seat #3 is the button
Seat 2: _SKR (200)
Seat 3: T.Canal30 (700)
*** ANTE/BLINDS ***
T.Canal30 posts small blind 15
_SKR posts big blind 30
Dealt to _SKR [Qc 3s]
*** PRE-FLOP *** 
T.Canal30 raises 60 to 90
_SKR folds
T.Canal30 collected 120 from pot
*** SUMMARY ***
Total pot 120 | No rake
Seat 3: T.Canal30 (small blind) (button) won 120


Winamax Poker - Tournament "Expresso Nitro" buyIn: 0.93€ + 0.07€ level: 2 - HandId: #2690577443625893889-9-1674686640 - Holdem no limit (15/30) - 2023/01/25 22:44:00 UTC
Table: 'Expresso Nitro(626448878)#0' 3-max (real money) Seat #2 is the button
Seat 2: _SKR (170)
Seat 3: T.Canal30 (730)
*** ANTE/BLINDS ***
_SKR posts small blind 15
T.Canal30 posts big blind 30
Dealt to _SKR [6c Ks]
*** PRE-FLOP *** 
_SKR raises 140 to 170 and is all-in
T.Canal30 calls 140
*** FLOP *** [3h 8d Ts]
*** TURN *** [3h 8d Ts][8c]
*** RIVER *** [3h 8d Ts 8c][Kd]
*** SHOW DOWN ***
T.Canal30 shows [2d 2c] (Two pairs : 8 and 2)
_SKR shows [6c Ks] (Two pairs : Kings and 8)
_SKR collected 340 from pot
*** SUMMARY ***
Total pot 340 | No rake
Board: [3h 8d Ts 8c Kd]
Seat 2: _SKR (small blind) (button) showed [6c Ks] and won 340 with Two pairs : Kings and 8
Seat 3: T.Canal30 (big blind) showed [2d 2c] and lost with Two pairs : 8 and 2


Winamax Poker - Tournament "Expresso Nitro" buyIn: 0.93€ + 0.07€ level: 2 - HandId: #2690577443625893889-10-1674686653 - Holdem no limit (15/30) - 2023/01/25 22:44:13 UTC
Table: 'Expresso Nitro(626448878)#0' 3-max (real money) Seat #3 is the button
Seat 2: _SKR (340)
Seat 3: T.Canal30 (560)
*** ANTE/BLINDS ***
T.Canal30 posts small blind 15
_SKR posts big blind 30
Dealt to _SKR [Qh 5s]
*** PRE-FLOP *** 
T.Canal30 calls 15
_SKR checks
*** FLOP *** [7d 4d 7h]
_SKR checks
T.Canal30 checks
*** TURN *** [7d 4d 7h][3h]
_SKR checks
T.Canal30 checks
*** RIVER *** [7d 4d 7h 3h][3s]
_SKR checks
T.Canal30 checks
*** SHOW DOWN ***
_SKR shows [Qh 5s] (Two pairs : 7 and 3)
T.Canal30 shows [Qc Jh] (Two pairs : 7 and 3)
T.Canal30 collected 30 from pot
_SKR collected 30 from pot
*** SUMMARY ***
Total pot 60 | No rake
Board: [7d 4d 7h 3h 3s]
Seat 2: _SKR (big blind) showed [Qh 5s] and won 30 with Two pairs : 7 and 3
Seat 3: T.Canal30 (small blind) (button) showed [Qc Jh] and won 30 with Two pairs : 7 and 3


Winamax Poker - Tournament "Expresso Nitro" buyIn: 0.93€ + 0.07€ level: 2 - HandId: #2690577443625893889-11-1674686671 - Holdem no limit (15/30) - 2023/01/25 22:44:31 UTC
Table: 'Expresso Nitro(626448878)#0' 3-max (real money) Seat #2 is the button
Seat 2: _SKR (340)
Seat 3: T.Canal30 (560)
*** ANTE/BLINDS ***
_SKR posts small blind 15
T.Canal30 posts big blind 30
Dealt to _SKR [2d 8c]
*** PRE-FLOP *** 
_SKR folds
T.Canal30 collected 45 from pot
*** SUMMARY ***
Total pot 45 | No rake
Seat 3: T.Canal30 (big blind) won 45


Winamax Poker - Tournament "Expresso Nitro" buyIn: 0.93€ + 0.07€ level: 2 - HandId: #2690577443625893889-12-1674686675 - Holdem no limit (15/30) - 2023/01/25 22:44:35 UTC
Table: 'Expresso Nitro(626448878)#0' 3-max (real money) Seat #3 is the button
Seat 2: _SKR (325)
Seat 3: T.Canal30 (575)
*** ANTE/BLINDS ***
T.Canal30 posts small blind 15
_SKR posts big blind 30
Dealt to _SKR [Qh 3h]
*** PRE-FLOP *** 
T.Canal30 calls 15
_SKR checks
*** FLOP *** [3d 4d Js]
_SKR checks
T.Canal30 checks
*** TURN *** [3d 4d Js][Tc]
_SKR checks
T.Canal30 checks
*** RIVER *** [3d 4d Js Tc][Qs]
_SKR bets 30
T.Canal30 folds
_SKR collected 90 from pot
*** SUMMARY ***
Total pot 90 | No rake
Board: [3d 4d Js Tc Qs]
Seat 2: _SKR (big blind) won 90


Winamax Poker - Tournament "Expresso Nitro" buyIn: 0.93€ + 0.07€ level: 3 - HandId: #2690577443625893889-13-1674686704 - Holdem no limit (20/40) - 2023/01/25 22:45:04 UTC
Table: 'Expresso Nitro(626448878)#0' 3-max (real money) Seat #2 is the button
Seat 2: _SKR (355)
Seat 3: T.Canal30 (545)
*** ANTE/BLINDS ***
_SKR posts small blind 20
T.Canal30 posts big blind 40
Dealt to _SKR [3d 8c]
*** PRE-FLOP *** 
_SKR folds
T.Canal30 collected 60 from pot
*** SUMMARY ***
Total pot 60 | No rake
Seat 3: T.Canal30 (big blind) won 60


Winamax Poker - Tournament "Expresso Nitro" buyIn: 0.93€ + 0.07€ level: 3 - HandId: #2690577443625893889-14-1674686707 - Holdem no limit (20/40) - 2023/01/25 22:45:07 UTC
Table: 'Expresso Nitro(626448878)#0' 3-max (real money) Seat #3 is the button
Seat 2: _SKR (335)
Seat 3: T.Canal30 (565)
*** ANTE/BLINDS ***
T.Canal30 posts small blind 20
_SKR posts big blind 40
Dealt to _SKR [Ad Ah]
*** PRE-FLOP *** 
T.Canal30 calls 20
_SKR raises 295 to 335 and is all-in
T.Canal30 folds
_SKR collected 375 from pot
*** SUMMARY ***
Total pot 375 | No rake
Seat 2: _SKR (big blind) won 375


Winamax Poker - Tournament "Expresso Nitro" buyIn: 0.93€ + 0.07€ level: 3 - HandId: #2690577443625893889-15-1674686714 - Holdem no limit (20/40) - 2023/01/25 22:45:14 UTC
Table: 'Expresso Nitro(626448878)#0' 3-max (real money) Seat #2 is the button
Seat 2: _SKR (375)
Seat 3: T.Canal30 (525)
*** ANTE/BLINDS ***
_SKR posts small blind 20
T.Canal30 posts big blind 40
Dealt to _SKR [5d 4d]
*** PRE-FLOP *** 
_SKR folds
T.Canal30 collected 60 from pot
*** SUMMARY ***
Total pot 60 | No rake
Seat 3: T.Canal30 (big blind) won 60


Winamax Poker - Tournament "Expresso Nitro" buyIn: 0.93€ + 0.07€ level: 3 - HandId: #2690577443625893889-16-1674686718 - Holdem no limit (20/40) - 2023/01/25 22:45:18 UTC
Table: 'Expresso Nitro(626448878)#0' 3-max (real money) Seat #3 is the button
Seat 2: _SKR (355)
Seat 3: T.Canal30 (545)
*** ANTE/BLINDS ***
T.Canal30 posts small blind 20
_SKR posts big blind 40
Dealt to _SKR [5d 7c]
*** PRE-FLOP *** 
T.Canal30 calls 20
_SKR checks
*** FLOP *** [2s 9s 7s]
_SKR checks
T.Canal30 checks
*** TURN *** [2s 9s 7s][Kd]
_SKR checks
T.Canal30 checks
*** RIVER *** [2s 9s 7s Kd][5h]
_SKR checks
T.Canal30 checks
*** SHOW DOWN ***
T.Canal30 shows [Qh 4h] (High card : King)
_SKR shows [5d 7c] (Two pairs : 7 and 5)
_SKR collected 80 from pot
*** SUMMARY ***
Total pot 80 | No rake
Board: [2s 9s 7s Kd 5h]
Seat 2: _SKR (big blind) showed [5d 7c] and won 80 with Two pairs : 7 and 5
Seat 3: T.Canal30 (small blind) (button) showed [Qh 4h] and lost with High card : King


Winamax Poker - Tournament "Expresso Nitro" buyIn: 0.93€ + 0.07€ level: 4 - HandId: #2690577443625893889-17-1674686746 - Holdem no limit (30/60) - 2023/01/25 22:45:46 UTC
Table: 'Expresso Nitro(626448878)#0' 3-max (real money) Seat #2 is the button
Seat 2: _SKR (395)
Seat 3: T.Canal30 (505)
*** ANTE/BLINDS ***
_SKR posts small blind 30
T.Canal30 posts big blind 60
Dealt to _SKR [4d 5c]
*** PRE-FLOP *** 
_SKR folds
T.Canal30 collected 90 from pot
*** SUMMARY ***
Total pot 90 | No rake
Seat 3: T.Canal30 (big blind) won 90


Winamax Poker - Tournament "Expresso Nitro" buyIn: 0.93€ + 0.07€ level: 4 - HandId: #2690577443625893889-18-1674686751 - Holdem no limit (30/60) - 2023/01/25 22:45:51 UTC
Table: 'Expresso Nitro(626448878)#0' 3-max (real money) Seat #3 is the button
Seat 2: _SKR (365)
Seat 3: T.Canal30 (535)
*** ANTE/BLINDS ***
T.Canal30 posts small blind 30
_SKR posts big blind 60
Dealt to _SKR [Ah 9d]
*** PRE-FLOP *** 
T.Canal30 calls 30
_SKR raises 305 to 365 and is all-in
T.Canal30 folds
_SKR collected 425 from pot
*** SUMMARY ***
Total pot 425 | No rake
Seat 2: _SKR (big blind) won 425


Winamax Poker - Tournament "Expresso Nitro" buyIn: 0.93€ + 0.07€ level: 4 - HandId: #2690577443625893889-19-1674686759 - Holdem no limit (30/60) - 2023/01/25 22:45:59 UTC
Table: 'Expresso Nitro(626448878)#0' 3-max (real money) Seat #2 is the button
Seat 2: _SKR (425)
Seat 3: T.Canal30 (475)
*** ANTE/BLINDS ***
_SKR posts small blind 30
T.Canal30 posts big blind 60
Dealt to _SKR [Ac Qh]
*** PRE-FLOP *** 
_SKR raises 365 to 425 and is all-in
T.Canal30 folds
_SKR collected 485 from pot
*** SUMMARY ***
Total pot 485 | No rake
Seat 2: _SKR (small blind) (button) won 485


Winamax Poker - Tournament "Expresso Nitro" buyIn: 0.93€ + 0.07€ level: 4 - HandId: #2690577443625893889-20-1674686765 - Holdem no limit (30/60) - 2023/01/25 22:46:05 UTC
Table: 'Expresso Nitro(626448878)#0' 3-max (real money) Seat #3 is the button
Seat 2: _SKR (485)
Seat 3: T.Canal30 (415)
*** ANTE/BLINDS ***
T.Canal30 posts small blind 30
_SKR posts big blind 60
Dealt to _SKR [8h 7s]
*** PRE-FLOP *** 
T.Canal30 calls 30
_SKR checks
*** FLOP *** [3h Jh 6d]
_SKR checks
T.Canal30 bets 60
_SKR folds
T.Canal30 collected 180 from pot
*** SUMMARY ***
Total pot 180 | No rake
Board: [3h Jh 6d]
Seat 3: T.Canal30 (small blind) (button) won 180


Winamax Poker - Tournament "Expresso Nitro" buyIn: 0.93€ + 0.07€ level: 4 - HandId: #2690577443625893889-21-1674686785 - Holdem no limit (30/60) - 2023/01/25 22:46:25 UTC
Table: 'Expresso Nitro(626448878)#0' 3-max (real money) Seat #2 is the button
Seat 2: _SKR (425)
Seat 3: T.Canal30 (475)
*** ANTE/BLINDS ***
_SKR posts small blind 30
T.Canal30 posts big blind 60
Dealt to _SKR [5c Qc]
*** PRE-FLOP *** 
_SKR raises 365 to 425 and is all-in
T.Canal30 folds
_SKR collected 485 from pot
*** SUMMARY ***
Total pot 485 | No rake
Seat 2: _SKR (small blind) (button) won 485


Winamax Poker - Tournament "Expresso Nitro" buyIn: 0.93€ + 0.07€ level: 4 - HandId: #2690577443625893889-22-1674686790 - Holdem no limit (30/60) - 2023/01/25 22:46:30 UTC
Table: 'Expresso Nitro(626448878)#0' 3-max (real money) Seat #3 is the button
Seat 2: _SKR (485)
Seat 3: T.Canal30 (415)
*** ANTE/BLINDS ***
T.Canal30 posts small blind 30
_SKR posts big blind 60
Dealt to _SKR [5c Qc]
*** PRE-FLOP *** 
T.Canal30 folds
_SKR collected 90 from pot
*** SUMMARY ***
Total pot 90 | No rake
Seat 2: _SKR (big blind) won 90


Winamax Poker - Tournament "Expresso Nitro" buyIn: 0.93€ + 0.07€ level: 4 - HandId: #2690577443625893889-23-1674686794 - Holdem no limit (30/60) - 2023/01/25 22:46:34 UTC
Table: 'Expresso Nitro(626448878)#0' 3-max (real money) Seat #2 is the button
Seat 2: _SKR (515)
Seat 3: T.Canal30 (385)
*** ANTE/BLINDS ***
_SKR posts small blind 30
T.Canal30 posts big blind 60
Dealt to _SKR [Ad 6s]
*** PRE-FLOP *** 
_SKR raises 455 to 515 and is all-in
T.Canal30 folds
_SKR collected 575 from pot
*** SUMMARY ***
Total pot 575 | No rake
Seat 2: _SKR (small blind) (button) won 575


Winamax Poker - Tournament "Expresso Nitro" buyIn: 0.93€ + 0.07€ level: 5 - HandId: #2690577443625893889-24-1674686799 - Holdem no limit (40/80) - 2023/01/25 22:46:39 UTC
Table: 'Expresso Nitro(626448878)#0' 3-max (real money) Seat #3 is the button
Seat 2: _SKR (575)
Seat 3: T.Canal30 (325)
*** ANTE/BLINDS ***
T.Canal30 posts small blind 40
_SKR posts big blind 80
Dealt to _SKR [Ts 5c]
*** PRE-FLOP *** 
T.Canal30 folds
_SKR collected 120 from pot
*** SUMMARY ***
Total pot 120 | No rake
Seat 2: _SKR (big blind) won 120


Winamax Poker - Tournament "Expresso Nitro" buyIn: 0.93€ + 0.07€ level: 5 - HandId: #2690577443625893889-25-1674686804 - Holdem no limit (40/80) - 2023/01/25 22:46:44 UTC
Table: 'Expresso Nitro(626448878)#0' 3-max (real money) Seat #2 is the button
Seat 2: _SKR (615)
Seat 3: T.Canal30 (285)
*** ANTE/BLINDS ***
_SKR posts small blind 40
T.Canal30 posts big blind 80
Dealt to _SKR [Qs 8c]
*** PRE-FLOP *** 
_SKR raises 535 to 615 and is all-in
T.Canal30 calls 205 and is all-in
*** FLOP *** [4c Td 3h]
*** TURN *** [4c Td 3h][8h]
*** RIVER *** [4c Td 3h 8h][9d]
*** SHOW DOWN ***
_SKR shows [Qs 8c] (One pair : 8)
T.Canal30 shows [Jd Qd] (Straight Queen high)
T.Canal30 collected 570 from main pot
_SKR collected 330 from side pot 1
*** SUMMARY ***
Total pot 900 | No rake
Board: [4c Td 3h 8h 9d]
Seat 2: _SKR (small blind) (button) showed [Qs 8c] and won 330 with One pair : 8
Seat 3: T.Canal30 (big blind) showed [Jd Qd] and won 570 with Straight Queen high


Winamax Poker - Tournament "Expresso Nitro" buyIn: 0.93€ + 0.07€ level: 5 - HandId: #2690577443625893889-26-1674686814 - Holdem no limit (40/80) - 2023/01/25 22:46:54 UTC
Table: 'Expresso Nitro(626448878)#0' 3-max (real money) Seat #3 is the button
Seat 2: _SKR (330)
Seat 3: T.Canal30 (570)
*** ANTE/BLINDS ***
T.Canal30 posts small blind 40
_SKR posts big blind 80
Dealt to _SKR [Kc Tc]
*** PRE-FLOP *** 
T.Canal30 folds
_SKR collected 120 from pot
*** SUMMARY ***
Total pot 120 | No rake
Seat 2: _SKR (big blind) won 120


Winamax Poker - Tournament "Expresso Nitro" buyIn: 0.93€ + 0.07€ level: 5 - HandId: #2690577443625893889-27-1674686819 - Holdem no limit (40/80) - 2023/01/25 22:46:59 UTC
Table: 'Expresso Nitro(626448878)#0' 3-max (real money) Seat #2 is the button
Seat 2: _SKR (370)
Seat 3: T.Canal30 (530)
*** ANTE/BLINDS ***
_SKR posts small blind 40
T.Canal30 posts big blind 80
Dealt to _SKR [6s Ts]
*** PRE-FLOP *** 
_SKR raises 290 to 370 and is all-in
T.Canal30 folds
_SKR collected 450 from pot
*** SUMMARY ***
Total pot 450 | No rake
Seat 2: _SKR (small blind) (button) won 450


Winamax Poker - Tournament "Expresso Nitro" buyIn: 0.93€ + 0.07€ level: 5 - HandId: #2690577443625893889-28-1674686824 - Holdem no limit (40/80) - 2023/01/25 22:47:04 UTC
Table: 'Expresso Nitro(626448878)#0' 3-max (real money) Seat #3 is the button
Seat 2: _SKR (450)
Seat 3: T.Canal30 (450)
*** ANTE/BLINDS ***
T.Canal30 posts small blind 40
_SKR posts big blind 80
Dealt to _SKR [3h Js]
*** PRE-FLOP *** 
T.Canal30 folds
_SKR collected 120 from pot
*** SUMMARY ***
Total pot 120 | No rake
Seat 2: _SKR (big blind) won 120


Winamax Poker - Tournament "Expresso Nitro" buyIn: 0.93€ + 0.07€ level: 5 - HandId: #2690577443625893889-29-1674686827 - Holdem no limit (40/80) - 2023/01/25 22:47:07 UTC
Table: 'Expresso Nitro(626448878)#0' 3-max (real money) Seat #2 is the button
Seat 2: _SKR (490)
Seat 3: T.Canal30 (410)
*** ANTE/BLINDS ***
_SKR posts small blind 40
T.Canal30 posts big blind 80
Dealt to _SKR [6h 7d]
*** PRE-FLOP *** 
_SKR folds
T.Canal30 collected 120 from pot
*** SUMMARY ***
Total pot 120 | No rake
Seat 3: T.Canal30 (big blind) won 120


Winamax Poker - Tournament "Expresso Nitro" buyIn: 0.93€ + 0.07€ level: 5 - HandId: #2690577443625893889-30-1674686831 - Holdem no limit (40/80) - 2023/01/25 22:47:11 UTC
Table: 'Expresso Nitro(626448878)#0' 3-max (real money) Seat #3 is the button
Seat 2: _SKR (450)
Seat 3: T.Canal30 (450)
*** ANTE/BLINDS ***
T.Canal30 posts small blind 40
_SKR posts big blind 80
Dealt to _SKR [Ad 4h]
*** PRE-FLOP *** 
T.Canal30 folds
_SKR collected 120 from pot
*** SUMMARY ***
Total pot 120 | No rake
Seat 2: _SKR (big blind) won 120


Winamax Poker - Tournament "Expresso Nitro" buyIn: 0.93€ + 0.07€ level: 5 - HandId: #2690577443625893889-31-1674686834 - Holdem no limit (40/80) - 2023/01/25 22:47:14 UTC
Table: 'Expresso Nitro(626448878)#0' 3-max (real money) Seat #2 is the button
Seat 2: _SKR (490)
Seat 3: T.Canal30 (410)
*** ANTE/BLINDS ***
_SKR posts small blind 40
T.Canal30 posts big blind 80
Dealt to _SKR [9d 6s]
*** PRE-FLOP *** 
_SKR folds
T.Canal30 collected 120 from pot
*** SUMMARY ***
Total pot 120 | No rake
Seat 3: T.Canal30 (big blind) won 120


Winamax Poker - Tournament "Expresso Nitro" buyIn: 0.93€ + 0.07€ level: 5 - HandId: #2690577443625893889-32-1674686838 - Holdem no limit (40/80) - 2023/01/25 22:47:18 UTC
Table: 'Expresso Nitro(626448878)#0' 3-max (real money) Seat #3 is the button
Seat 2: _SKR (450)
Seat 3: T.Canal30 (450)
*** ANTE/BLINDS ***
T.Canal30 posts small blind 40
_SKR posts big blind 80
Dealt to _SKR [2d Td]
*** PRE-FLOP *** 
T.Canal30 raises 80 to 160
_SKR folds
T.Canal30 collected 240 from pot
*** SUMMARY ***
Total pot 240 | No rake
Seat 3: T.Canal30 (small blind) (button) won 240


Winamax Poker - Tournament "Expresso Nitro" buyIn: 0.93€ + 0.07€ level: 5 - HandId: #2690577443625893889-33-1674686847 - Holdem no limit (40/80) - 2023/01/25 22:47:27 UTC
Table: 'Expresso Nitro(626448878)#0' 3-max (real money) Seat #2 is the button
Seat 2: _SKR (370)
Seat 3: T.Canal30 (530)
*** ANTE/BLINDS ***
_SKR posts small blind 40
T.Canal30 posts big blind 80
Dealt to _SKR [7c 2d]
*** PRE-FLOP *** 
_SKR folds
T.Canal30 collected 120 from pot
*** SUMMARY ***
Total pot 120 | No rake
Seat 3: T.Canal30 (big blind) won 120


Winamax Poker - Tournament "Expresso Nitro" buyIn: 0.93€ + 0.07€ level: 5 - HandId: #2690577443625893889-34-1674686852 - Holdem no limit (40/80) - 2023/01/25 22:47:32 UTC
Table: 'Expresso Nitro(626448878)#0' 3-max (real money) Seat #3 is the button
Seat 2: _SKR (330)
Seat 3: T.Canal30 (570)
*** ANTE/BLINDS ***
T.Canal30 posts small blind 40
_SKR posts big blind 80
Dealt to _SKR [7s Jc]
*** PRE-FLOP *** 
T.Canal30 folds
_SKR collected 120 from pot
*** SUMMARY ***
Total pot 120 | No rake
Seat 2: _SKR (big blind) won 120


Winamax Poker - Tournament "Expresso Nitro" buyIn: 0.93€ + 0.07€ level: 5 - HandId: #2690577443625893889-35-1674686856 - Holdem no limit (40/80) - 2023/01/25 22:47:36 UTC
Table: 'Expresso Nitro(626448878)#0' 3-max (real money) Seat #2 is the button
Seat 2: _SKR (370)
Seat 3: T.Canal30 (530)
*** ANTE/BLINDS ***
_SKR posts small blind 40
T.Canal30 posts big blind 80
Dealt to _SKR [6s Tc]
*** PRE-FLOP *** 
_SKR folds
T.Canal30 collected 120 from pot
*** SUMMARY ***
Total pot 120 | No rake
Seat 3: T.Canal30 (big blind) won 120


Winamax Poker - Tournament "Expresso Nitro" buyIn: 0.93€ + 0.07€ level: 6 - HandId: #2690577443625893889-36-1674686860 - Holdem no limit (50/100) - 2023/01/25 22:47:40 UTC
Table: 'Expresso Nitro(626448878)#0' 3-max (real money) Seat #3 is the button
Seat 2: _SKR (330)
Seat 3: T.Canal30 (570)
*** ANTE/BLINDS ***
T.Canal30 posts small blind 50
_SKR posts big blind 100
Dealt to _SKR [9d 8d]
*** PRE-FLOP *** 
T.Canal30 folds
_SKR collected 150 from pot
*** SUMMARY ***
Total pot 150 | No rake
Seat 2: _SKR (big blind) won 150


Winamax Poker - Tournament "Expresso Nitro" buyIn: 0.93€ + 0.07€ level: 6 - HandId: #2690577443625893889-37-1674686863 - Holdem no limit (50/100) - 2023/01/25 22:47:43 UTC
Table: 'Expresso Nitro(626448878)#0' 3-max (real money) Seat #2 is the button
Seat 2: _SKR (380)
Seat 3: T.Canal30 (520)
*** ANTE/BLINDS ***
_SKR posts small blind 50
T.Canal30 posts big blind 100
Dealt to _SKR [Ad 7d]
*** PRE-FLOP *** 
_SKR raises 280 to 380 and is all-in
T.Canal30 calls 280
*** FLOP *** [Jc 7s 6h]
*** TURN *** [Jc 7s 6h][2s]
*** RIVER *** [Jc 7s 6h 2s][4c]
*** SHOW DOWN ***
T.Canal30 shows [5d 5s] (One pair : 5)
_SKR shows [Ad 7d] (One pair : 7)
_SKR collected 760 from pot
*** SUMMARY ***
Total pot 760 | No rake
Board: [Jc 7s 6h 2s 4c]
Seat 2: _SKR (small blind) (button) showed [Ad 7d] and won 760 with One pair : 7
Seat 3: T.Canal30 (big blind) showed [5d 5s] and lost with One pair : 5


Winamax Poker - Tournament "Expresso Nitro" buyIn: 0.93€ + 0.07€ level: 6 - HandId: #2690577443625893889-38-1674686879 - Holdem no limit (50/100) - 2023/01/25 22:47:59 UTC
Table: 'Expresso Nitro(626448878)#0' 3-max (real money) Seat #3 is the button
Seat 2: _SKR (760)
Seat 3: T.Canal30 (140)
*** ANTE/BLINDS ***
T.Canal30 posts small blind 50
_SKR posts big blind 100
Dealt to _SKR [2h Kc]
*** PRE-FLOP *** 
T.Canal30 raises 40 to 140 and is all-in
_SKR calls 40
*** FLOP *** [9h 9d Jd]
*** TURN *** [9h 9d Jd][5h]
*** RIVER *** [9h 9d Jd 5h][Js]
*** SHOW DOWN ***
T.Canal30 shows [4d 6d] (Two pairs : Jacks and 9)
_SKR shows [2h Kc] (Two pairs : Jacks and 9)
_SKR collected 280 from pot
*** SUMMARY ***
Total pot 280 | No rake
Board: [9h 9d Jd 5h Js]
Seat 2: _SKR (big blind) showed [2h Kc] and won 280 with Two pairs : Jacks and 9
Seat 3: T.Canal30 (small blind) (button) showed [4d 6d] and lost with Two pairs : Jacks and 9


