Winamax Poker - Tournament "Expresso Nitro" buyIn: 0.93€ + 0.07€ level: 1 - HandId: #2717274719819661313-1-1676215204 - Holdem no limit (10/20) - 2023/02/12 15:20:04 UTC
Table: 'Expresso Nitro(632664822)#0' 3-max (real money) Seat #1 is the button
Seat 1: -Swampy06- (300)
Seat 2: Arthena (300)
Seat 3: _SKR (300)
*** ANTE/BLINDS ***
Arthena posts small blind 10
_SKR posts big blind 20
Dealt to _SKR [Th 9d]
*** PRE-FLOP *** 
-Swampy06- folds
Arthena calls 10
_SKR checks
*** FLOP *** [Qc 8c 5c]
Arthena checks
_SKR checks
*** TURN *** [Qc 8c 5c][9c]
Arthena checks
_SKR checks
*** RIVER *** [Qc 8c 5c 9c][2s]
Arthena bets 20
_SKR folds
Arthena collected 60 from pot
*** SUMMARY ***
Total pot 60 | No rake
Board: [Qc 8c 5c 9c 2s]
Seat 2: Arthena (small blind) won 60


Winamax Poker - Tournament "Expresso Nitro" buyIn: 0.93€ + 0.07€ level: 1 - HandId: #2717274719819661313-2-1676215228 - Holdem no limit (10/20) - 2023/02/12 15:20:28 UTC
Table: 'Expresso Nitro(632664822)#0' 3-max (real money) Seat #2 is the button
Seat 1: -Swampy06- (300)
Seat 2: Arthena (320)
Seat 3: _SKR (280)
*** ANTE/BLINDS ***
_SKR posts small blind 10
-Swampy06- posts big blind 20
Dealt to _SKR [7c Jh]
*** PRE-FLOP *** 
Arthena calls 20
_SKR folds
-Swampy06- checks
*** FLOP *** [9s 5c 3c]
-Swampy06- checks
Arthena bets 300 and is all-in
-Swampy06- folds
Arthena collected 350 from pot
*** SUMMARY ***
Total pot 350 | No rake
Board: [9s 5c 3c]
Seat 2: Arthena (button) won 350


Winamax Poker - Tournament "Expresso Nitro" buyIn: 0.93€ + 0.07€ level: 1 - HandId: #2717274719819661313-3-1676215241 - Holdem no limit (10/20) - 2023/02/12 15:20:41 UTC
Table: 'Expresso Nitro(632664822)#0' 3-max (real money) Seat #3 is the button
Seat 1: -Swampy06- (280)
Seat 2: Arthena (350)
Seat 3: _SKR (270)
*** ANTE/BLINDS ***
-Swampy06- posts small blind 10
Arthena posts big blind 20
Dealt to _SKR [9h 7s]
*** PRE-FLOP *** 
_SKR folds
-Swampy06- calls 10
Arthena checks
*** FLOP *** [3c 5d Ac]
-Swampy06- checks
Arthena checks
*** TURN *** [3c 5d Ac][5s]
-Swampy06- checks
Arthena checks
*** RIVER *** [3c 5d Ac 5s][4d]
-Swampy06- checks
Arthena bets 20
-Swampy06- calls 20
*** SHOW DOWN ***
-Swampy06- shows [4c Kd] (Two pairs : 5 and 4)
Arthena shows [Qd 4s] (Two pairs : 5 and 4)
Arthena collected 40 from pot
-Swampy06- collected 40 from pot
*** SUMMARY ***
Total pot 80 | No rake
Board: [3c 5d Ac 5s 4d]
Seat 1: -Swampy06- (small blind) showed [4c Kd] and won 40 with Two pairs : 5 and 4
Seat 2: Arthena (big blind) showed [Qd 4s] and won 40 with Two pairs : 5 and 4


Winamax Poker - Tournament "Expresso Nitro" buyIn: 0.93€ + 0.07€ level: 2 - HandId: #2717274719819661313-4-1676215268 - Holdem no limit (15/30) - 2023/02/12 15:21:08 UTC
Table: 'Expresso Nitro(632664822)#0' 3-max (real money) Seat #1 is the button
Seat 1: -Swampy06- (280)
Seat 2: Arthena (350)
Seat 3: _SKR (270)
*** ANTE/BLINDS ***
Arthena posts small blind 15
_SKR posts big blind 30
Dealt to _SKR [8s Qh]
*** PRE-FLOP *** 
-Swampy06- raises 250 to 280 and is all-in
Arthena folds
_SKR folds
-Swampy06- collected 325 from pot
*** SUMMARY ***
Total pot 325 | No rake
Seat 1: -Swampy06- (button) won 325


Winamax Poker - Tournament "Expresso Nitro" buyIn: 0.93€ + 0.07€ level: 2 - HandId: #2717274719819661313-5-1676215276 - Holdem no limit (15/30) - 2023/02/12 15:21:16 UTC
Table: 'Expresso Nitro(632664822)#0' 3-max (real money) Seat #2 is the button
Seat 1: -Swampy06- (325)
Seat 2: Arthena (335)
Seat 3: _SKR (240)
*** ANTE/BLINDS ***
_SKR posts small blind 15
-Swampy06- posts big blind 30
Dealt to _SKR [2s 7d]
*** PRE-FLOP *** 
Arthena raises 305 to 335 and is all-in
_SKR folds
-Swampy06- folds
Arthena collected 380 from pot
*** SUMMARY ***
Total pot 380 | No rake
Seat 2: Arthena (button) won 380


Winamax Poker - Tournament "Expresso Nitro" buyIn: 0.93€ + 0.07€ level: 2 - HandId: #2717274719819661313-6-1676215291 - Holdem no limit (15/30) - 2023/02/12 15:21:31 UTC
Table: 'Expresso Nitro(632664822)#0' 3-max (real money) Seat #3 is the button
Seat 1: -Swampy06- (295)
Seat 2: Arthena (380)
Seat 3: _SKR (225)
*** ANTE/BLINDS ***
-Swampy06- posts small blind 15
Arthena posts big blind 30
Dealt to _SKR [6d 5c]
*** PRE-FLOP *** 
_SKR folds
-Swampy06- raises 265 to 295 and is all-in
Arthena raises 85 to 380 and is all-in
*** FLOP *** [4c 3s 6c]
*** TURN *** [4c 3s 6c][2s]
*** RIVER *** [4c 3s 6c 2s][7d]
*** SHOW DOWN ***
-Swampy06- shows [Kd 7c] (One pair : 7)
Arthena shows [Td Qd] (High card : Queen)
Arthena collected 85 from side pot 1
-Swampy06- collected 590 from main pot
*** SUMMARY ***
Total pot 675 | No rake
Board: [4c 3s 6c 2s 7d]
Seat 1: -Swampy06- (small blind) showed [Kd 7c] and won 590 with One pair : 7
Seat 2: Arthena (big blind) showed [Td Qd] and won 85 with High card : Queen


Winamax Poker - Tournament "Expresso Nitro" buyIn: 0.93€ + 0.07€ level: 2 - HandId: #2717274719819661313-7-1676215304 - Holdem no limit (15/30) - 2023/02/12 15:21:44 UTC
Table: 'Expresso Nitro(632664822)#0' 3-max (real money) Seat #1 is the button
Seat 1: -Swampy06- (590)
Seat 2: Arthena (85)
Seat 3: _SKR (225)
*** ANTE/BLINDS ***
Arthena posts small blind 15
_SKR posts big blind 30
Dealt to _SKR [8c Td]
*** PRE-FLOP *** 
-Swampy06- raises 560 to 590 and is all-in
Arthena calls 70 and is all-in
_SKR folds
*** FLOP *** [4s 5s 9h]
*** TURN *** [4s 5s 9h][6c]
*** RIVER *** [4s 5s 9h 6c][7d]
*** SHOW DOWN ***
-Swampy06- shows [Kc Ts] (High card : King)
Arthena shows [Kh 4h] (One pair : 4)
Arthena collected 200 from main pot
-Swampy06- collected 505 from side pot 1
*** SUMMARY ***
Total pot 705 | No rake
Board: [4s 5s 9h 6c 7d]
Seat 1: -Swampy06- (button) showed [Kc Ts] and won 505 with High card : King
Seat 2: Arthena (small blind) showed [Kh 4h] and won 200 with One pair : 4


Winamax Poker - Tournament "Expresso Nitro" buyIn: 0.93€ + 0.07€ level: 2 - HandId: #2717274719819661313-8-1676215318 - Holdem no limit (15/30) - 2023/02/12 15:21:58 UTC
Table: 'Expresso Nitro(632664822)#0' 3-max (real money) Seat #2 is the button
Seat 1: -Swampy06- (505)
Seat 2: Arthena (200)
Seat 3: _SKR (195)
*** ANTE/BLINDS ***
_SKR posts small blind 15
-Swampy06- posts big blind 30
Dealt to _SKR [4s 2c]
*** PRE-FLOP *** 
Arthena folds
_SKR folds
-Swampy06- collected 45 from pot
*** SUMMARY ***
Total pot 45 | No rake
Seat 1: -Swampy06- (big blind) won 45


Winamax Poker - Tournament "Expresso Nitro" buyIn: 0.93€ + 0.07€ level: 3 - HandId: #2717274719819661313-9-1676215326 - Holdem no limit (20/40) - 2023/02/12 15:22:06 UTC
Table: 'Expresso Nitro(632664822)#0' 3-max (real money) Seat #3 is the button
Seat 1: -Swampy06- (520)
Seat 2: Arthena (200)
Seat 3: _SKR (180)
*** ANTE/BLINDS ***
-Swampy06- posts small blind 20
Arthena posts big blind 40
Dealt to _SKR [5h Kd]
*** PRE-FLOP *** 
_SKR folds
-Swampy06- folds
Arthena collected 60 from pot
*** SUMMARY ***
Total pot 60 | No rake
Seat 2: Arthena (big blind) won 60


Winamax Poker - Tournament "Expresso Nitro" buyIn: 0.93€ + 0.07€ level: 3 - HandId: #2717274719819661313-10-1676215332 - Holdem no limit (20/40) - 2023/02/12 15:22:12 UTC
Table: 'Expresso Nitro(632664822)#0' 3-max (real money) Seat #1 is the button
Seat 1: -Swampy06- (500)
Seat 2: Arthena (220)
Seat 3: _SKR (180)
*** ANTE/BLINDS ***
Arthena posts small blind 20
_SKR posts big blind 40
Dealt to _SKR [7s 4d]
*** PRE-FLOP *** 
-Swampy06- raises 460 to 500 and is all-in
Arthena folds
_SKR folds
-Swampy06- collected 560 from pot
*** SUMMARY ***
Total pot 560 | No rake
Seat 1: -Swampy06- (button) won 560


Winamax Poker - Tournament "Expresso Nitro" buyIn: 0.93€ + 0.07€ level: 3 - HandId: #2717274719819661313-11-1676215338 - Holdem no limit (20/40) - 2023/02/12 15:22:18 UTC
Table: 'Expresso Nitro(632664822)#0' 3-max (real money) Seat #2 is the button
Seat 1: -Swampy06- (560)
Seat 2: Arthena (200)
Seat 3: _SKR (140)
*** ANTE/BLINDS ***
_SKR posts small blind 20
-Swampy06- posts big blind 40
Dealt to _SKR [Jd Kc]
*** PRE-FLOP *** 
Arthena folds
_SKR raises 100 to 140 and is all-in
-Swampy06- calls 100
*** FLOP *** [9c 5d Qh]
*** TURN *** [9c 5d Qh][6c]
*** RIVER *** [9c 5d Qh 6c][Ts]
*** SHOW DOWN ***
-Swampy06- shows [5s Td] (Two pairs : Tens and 5)
_SKR shows [Jd Kc] (Straight King high)
_SKR collected 280 from pot
*** SUMMARY ***
Total pot 280 | No rake
Board: [9c 5d Qh 6c Ts]
Seat 1: -Swampy06- (big blind) showed [5s Td] and lost with Two pairs : Tens and 5
Seat 3: _SKR (small blind) showed [Jd Kc] and won 280 with Straight King high


Winamax Poker - Tournament "Expresso Nitro" buyIn: 0.93€ + 0.07€ level: 3 - HandId: #2717274719819661313-12-1676215361 - Holdem no limit (20/40) - 2023/02/12 15:22:41 UTC
Table: 'Expresso Nitro(632664822)#0' 3-max (real money) Seat #3 is the button
Seat 1: -Swampy06- (420)
Seat 2: Arthena (200)
Seat 3: _SKR (280)
*** ANTE/BLINDS ***
-Swampy06- posts small blind 20
Arthena posts big blind 40
Dealt to _SKR [Ah 2h]
*** PRE-FLOP *** 
_SKR raises 240 to 280 and is all-in
-Swampy06- raises 140 to 420 and is all-in
Arthena folds
*** FLOP *** [6s 7h 7s]
*** TURN *** [6s 7h 7s][Ts]
*** RIVER *** [6s 7h 7s Ts][6d]
*** SHOW DOWN ***
-Swampy06- shows [4d 4h] (Two pairs : 7 and 6)
_SKR shows [Ah 2h] (Two pairs : 7 and 6)
_SKR collected 600 from main pot
-Swampy06- collected 140 from side pot 1
*** SUMMARY ***
Total pot 740 | No rake
Board: [6s 7h 7s Ts 6d]
Seat 1: -Swampy06- (small blind) showed [4d 4h] and won 140 with Two pairs : 7 and 6
Seat 3: _SKR (button) showed [Ah 2h] and won 600 with Two pairs : 7 and 6


Winamax Poker - Tournament "Expresso Nitro" buyIn: 0.93€ + 0.07€ level: 3 - HandId: #2717274719819661313-13-1676215376 - Holdem no limit (20/40) - 2023/02/12 15:22:56 UTC
Table: 'Expresso Nitro(632664822)#0' 3-max (real money) Seat #1 is the button
Seat 1: -Swampy06- (140)
Seat 2: Arthena (160)
Seat 3: _SKR (600)
*** ANTE/BLINDS ***
Arthena posts small blind 20
_SKR posts big blind 40
Dealt to _SKR [3d 6s]
*** PRE-FLOP *** 
-Swampy06- raises 100 to 140 and is all-in
Arthena folds
_SKR folds
-Swampy06- collected 200 from pot
*** SUMMARY ***
Total pot 200 | No rake
Seat 1: -Swampy06- (button) won 200


Winamax Poker - Tournament "Expresso Nitro" buyIn: 0.93€ + 0.07€ level: 4 - HandId: #2717274719819661313-14-1676215385 - Holdem no limit (30/60) - 2023/02/12 15:23:05 UTC
Table: 'Expresso Nitro(632664822)#0' 3-max (real money) Seat #2 is the button
Seat 1: -Swampy06- (200)
Seat 2: Arthena (140)
Seat 3: _SKR (560)
*** ANTE/BLINDS ***
_SKR posts small blind 30
-Swampy06- posts big blind 60
Dealt to _SKR [3h Kc]
*** PRE-FLOP *** 
Arthena raises 80 to 140 and is all-in
_SKR folds
-Swampy06- raises 60 to 200 and is all-in
*** FLOP *** [8d Qs Kh]
*** TURN *** [8d Qs Kh][Qh]
*** RIVER *** [8d Qs Kh Qh][Td]
*** SHOW DOWN ***
Arthena shows [Ah 5s] (One pair : Queens)
-Swampy06- shows [3s Kd] (Two pairs : Kings and Queens)
-Swampy06- collected 370 from pot
*** SUMMARY ***
Total pot 370 | No rake
Board: [8d Qs Kh Qh Td]
Seat 1: -Swampy06- (big blind) showed [3s Kd] and won 370 with Two pairs : Kings and Queens
Seat 2: Arthena (button) showed [Ah 5s] and lost with One pair : Queens


Winamax Poker - Tournament "Expresso Nitro" buyIn: 0.93€ + 0.07€ level: 4 - HandId: #2717274719819661313-15-1676215405 - Holdem no limit (30/60) - 2023/02/12 15:23:25 UTC
Table: 'Expresso Nitro(632664822)#0' 3-max (real money) Seat #1 is the button
Seat 1: -Swampy06- (370)
Seat 3: _SKR (530)
*** ANTE/BLINDS ***
-Swampy06- posts small blind 30
_SKR posts big blind 60
Dealt to _SKR [9h 6s]
*** PRE-FLOP *** 
-Swampy06- raises 310 to 370 and is all-in
_SKR folds
-Swampy06- collected 430 from pot
*** SUMMARY ***
Total pot 430 | No rake
Seat 1: -Swampy06- (small blind) (button) won 430


Winamax Poker - Tournament "Expresso Nitro" buyIn: 0.93€ + 0.07€ level: 4 - HandId: #2717274719819661313-16-1676215412 - Holdem no limit (30/60) - 2023/02/12 15:23:32 UTC
Table: 'Expresso Nitro(632664822)#0' 3-max (real money) Seat #3 is the button
Seat 1: -Swampy06- (430)
Seat 3: _SKR (470)
*** ANTE/BLINDS ***
_SKR posts small blind 30
-Swampy06- posts big blind 60
Dealt to _SKR [4c 7s]
*** PRE-FLOP *** 
_SKR folds
-Swampy06- collected 90 from pot
*** SUMMARY ***
Total pot 90 | No rake
Seat 1: -Swampy06- (big blind) won 90


Winamax Poker - Tournament "Expresso Nitro" buyIn: 0.93€ + 0.07€ level: 4 - HandId: #2717274719819661313-17-1676215427 - Holdem no limit (30/60) - 2023/02/12 15:23:47 UTC
Table: 'Expresso Nitro(632664822)#0' 3-max (real money) Seat #1 is the button
Seat 1: -Swampy06- (460)
Seat 3: _SKR (440)
*** ANTE/BLINDS ***
-Swampy06- posts small blind 30
_SKR posts big blind 60
Dealt to _SKR [Ah Ks]
*** PRE-FLOP *** 
-Swampy06- folds
_SKR collected 90 from pot
*** SUMMARY ***
Total pot 90 | No rake
Seat 3: _SKR (big blind) won 90


Winamax Poker - Tournament "Expresso Nitro" buyIn: 0.93€ + 0.07€ level: 4 - HandId: #2717274719819661313-18-1676215431 - Holdem no limit (30/60) - 2023/02/12 15:23:51 UTC
Table: 'Expresso Nitro(632664822)#0' 3-max (real money) Seat #3 is the button
Seat 1: -Swampy06- (430)
Seat 3: _SKR (470)
*** ANTE/BLINDS ***
_SKR posts small blind 30
-Swampy06- posts big blind 60
Dealt to _SKR [Tc Kh]
*** PRE-FLOP *** 
_SKR raises 410 to 470 and is all-in
-Swampy06- folds
_SKR collected 530 from pot
*** SUMMARY ***
Total pot 530 | No rake
Seat 3: _SKR (small blind) (button) won 530


Winamax Poker - Tournament "Expresso Nitro" buyIn: 0.93€ + 0.07€ level: 4 - HandId: #2717274719819661313-19-1676215437 - Holdem no limit (30/60) - 2023/02/12 15:23:57 UTC
Table: 'Expresso Nitro(632664822)#0' 3-max (real money) Seat #1 is the button
Seat 1: -Swampy06- (370)
Seat 3: _SKR (530)
*** ANTE/BLINDS ***
-Swampy06- posts small blind 30
_SKR posts big blind 60
Dealt to _SKR [4d 5s]
*** PRE-FLOP *** 
-Swampy06- folds
_SKR collected 90 from pot
*** SUMMARY ***
Total pot 90 | No rake
Seat 3: _SKR (big blind) won 90


Winamax Poker - Tournament "Expresso Nitro" buyIn: 0.93€ + 0.07€ level: 5 - HandId: #2717274719819661313-20-1676215441 - Holdem no limit (40/80) - 2023/02/12 15:24:01 UTC
Table: 'Expresso Nitro(632664822)#0' 3-max (real money) Seat #3 is the button
Seat 1: -Swampy06- (340)
Seat 3: _SKR (560)
*** ANTE/BLINDS ***
_SKR posts small blind 40
-Swampy06- posts big blind 80
Dealt to _SKR [Js Kd]
*** PRE-FLOP *** 
_SKR raises 480 to 560 and is all-in
-Swampy06- folds
_SKR collected 640 from pot
*** SUMMARY ***
Total pot 640 | No rake
Seat 3: _SKR (small blind) (button) won 640


Winamax Poker - Tournament "Expresso Nitro" buyIn: 0.93€ + 0.07€ level: 5 - HandId: #2717274719819661313-21-1676215451 - Holdem no limit (40/80) - 2023/02/12 15:24:11 UTC
Table: 'Expresso Nitro(632664822)#0' 3-max (real money) Seat #1 is the button
Seat 1: -Swampy06- (260)
Seat 3: _SKR (640)
*** ANTE/BLINDS ***
-Swampy06- posts small blind 40
_SKR posts big blind 80
Dealt to _SKR [5h Ad]
*** PRE-FLOP *** 
-Swampy06- raises 180 to 260 and is all-in
_SKR calls 180
*** FLOP *** [5s Kd Jc]
*** TURN *** [5s Kd Jc][8s]
*** RIVER *** [5s Kd Jc 8s][7h]
*** SHOW DOWN ***
-Swampy06- shows [6c As] (High card : Ace)
_SKR shows [5h Ad] (One pair : 5)
_SKR collected 520 from pot
*** SUMMARY ***
Total pot 520 | No rake
Board: [5s Kd Jc 8s 7h]
Seat 1: -Swampy06- (small blind) (button) showed [6c As] and lost with High card : Ace
Seat 3: _SKR (big blind) showed [5h Ad] and won 520 with One pair : 5


