Winamax Poker - Tournament "Expresso Nitro" buyIn: 0.93€ + 0.07€ level: 1 - HandId: #2666563349466054657-1-1673283209 - Holdem no limit (10/20) - 2023/01/09 16:53:29 UTC
Table: 'Expresso Nitro(620857661)#0' 3-max (real money) Seat #3 is the button
Seat 1: _SKR (300)
Seat 2: Audi577 (300)
Seat 3: Simon565656 (300)
*** ANTE/BLINDS ***
_SKR posts small blind 10
Audi577 posts big blind 20
Dealt to _SKR [Ts 6c]
*** PRE-FLOP *** 
Simon565656 calls 20
_SKR folds
Audi577 checks
*** FLOP *** [As 6s 9s]
Audi577 checks
Simon565656 bets 20
Audi577 calls 20
*** TURN *** [As 6s 9s][Ks]
Audi577 checks
Simon565656 bets 20
Audi577 folds
Simon565656 collected 110 from pot
*** SUMMARY ***
Total pot 110 | No rake
Board: [As 6s 9s Ks]
Seat 3: Simon565656 (button) won 110


Winamax Poker - Tournament "Expresso Nitro" buyIn: 0.93€ + 0.07€ level: 1 - HandId: #2666563349466054657-2-1673283228 - Holdem no limit (10/20) - 2023/01/09 16:53:48 UTC
Table: 'Expresso Nitro(620857661)#0' 3-max (real money) Seat #1 is the button
Seat 1: _SKR (290)
Seat 2: Audi577 (260)
Seat 3: Simon565656 (350)
*** ANTE/BLINDS ***
Audi577 posts small blind 10
Simon565656 posts big blind 20
Dealt to _SKR [3h 2h]
*** PRE-FLOP *** 
_SKR folds
Audi577 raises 40 to 60
Simon565656 raises 290 to 350 and is all-in
Audi577 calls 200 and is all-in
*** FLOP *** [Qh 5d 5s]
*** TURN *** [Qh 5d 5s][Tc]
*** RIVER *** [Qh 5d 5s Tc][Jh]
*** SHOW DOWN ***
Audi577 shows [6s Qc] (Two pairs : Queens and 5)
Simon565656 shows [As Qd] (Two pairs : Queens and 5)
Simon565656 collected 610 from pot
*** SUMMARY ***
Total pot 610 | No rake
Board: [Qh 5d 5s Tc Jh]
Seat 2: Audi577 (small blind) showed [6s Qc] and lost with Two pairs : Queens and 5
Seat 3: Simon565656 (big blind) showed [As Qd] and won 610 with Two pairs : Queens and 5


Winamax Poker - Tournament "Expresso Nitro" buyIn: 0.93€ + 0.07€ level: 1 - HandId: #2666563349466054657-3-1673283247 - Holdem no limit (10/20) - 2023/01/09 16:54:07 UTC
Table: 'Expresso Nitro(620857661)#0' 3-max (real money) Seat #3 is the button
Seat 1: _SKR (290)
Seat 3: Simon565656 (610)
*** ANTE/BLINDS ***
Simon565656 posts small blind 10
_SKR posts big blind 20
Dealt to _SKR [9s 5s]
*** PRE-FLOP *** 
Simon565656 raises 590 to 610 and is all-in
_SKR folds
Simon565656 collected 630 from pot
*** SUMMARY ***
Total pot 630 | No rake
Seat 3: Simon565656 (small blind) (button) won 630


Winamax Poker - Tournament "Expresso Nitro" buyIn: 0.93€ + 0.07€ level: 1 - HandId: #2666563349466054657-4-1673283252 - Holdem no limit (10/20) - 2023/01/09 16:54:12 UTC
Table: 'Expresso Nitro(620857661)#0' 3-max (real money) Seat #1 is the button
Seat 1: _SKR (270)
Seat 3: Simon565656 (630)
*** ANTE/BLINDS ***
_SKR posts small blind 10
Simon565656 posts big blind 20
Dealt to _SKR [3s 8h]
*** PRE-FLOP *** 
_SKR folds
Simon565656 collected 30 from pot
*** SUMMARY ***
Total pot 30 | No rake
Seat 3: Simon565656 (big blind) won 30


Winamax Poker - Tournament "Expresso Nitro" buyIn: 0.93€ + 0.07€ level: 2 - HandId: #2666563349466054657-5-1673283265 - Holdem no limit (15/30) - 2023/01/09 16:54:25 UTC
Table: 'Expresso Nitro(620857661)#0' 3-max (real money) Seat #3 is the button
Seat 1: _SKR (260)
Seat 3: Simon565656 (640)
*** ANTE/BLINDS ***
Simon565656 posts small blind 15
_SKR posts big blind 30
Dealt to _SKR [7s 4c]
*** PRE-FLOP *** 
Simon565656 calls 15
_SKR checks
*** FLOP *** [3c 2d Th]
_SKR checks
Simon565656 bets 30
_SKR folds
Simon565656 collected 90 from pot
*** SUMMARY ***
Total pot 90 | No rake
Board: [3c 2d Th]
Seat 3: Simon565656 (small blind) (button) won 90


Winamax Poker - Tournament "Expresso Nitro" buyIn: 0.93€ + 0.07€ level: 2 - HandId: #2666563349466054657-6-1673283289 - Holdem no limit (15/30) - 2023/01/09 16:54:49 UTC
Table: 'Expresso Nitro(620857661)#0' 3-max (real money) Seat #1 is the button
Seat 1: _SKR (230)
Seat 3: Simon565656 (670)
*** ANTE/BLINDS ***
_SKR posts small blind 15
Simon565656 posts big blind 30
Dealt to _SKR [Tc 3c]
*** PRE-FLOP *** 
_SKR folds
Simon565656 collected 45 from pot
*** SUMMARY ***
Total pot 45 | No rake
Seat 3: Simon565656 (big blind) won 45


Winamax Poker - Tournament "Expresso Nitro" buyIn: 0.93€ + 0.07€ level: 2 - HandId: #2666563349466054657-7-1673283294 - Holdem no limit (15/30) - 2023/01/09 16:54:54 UTC
Table: 'Expresso Nitro(620857661)#0' 3-max (real money) Seat #3 is the button
Seat 1: _SKR (215)
Seat 3: Simon565656 (685)
*** ANTE/BLINDS ***
Simon565656 posts small blind 15
_SKR posts big blind 30
Dealt to _SKR [7h 9d]
*** PRE-FLOP *** 
Simon565656 calls 15
_SKR checks
*** FLOP *** [Jh 8c 4d]
_SKR checks
Simon565656 bets 30
_SKR calls 30
*** TURN *** [Jh 8c 4d][9h]
_SKR checks
Simon565656 checks
*** RIVER *** [Jh 8c 4d 9h][7c]
_SKR checks
Simon565656 checks
*** SHOW DOWN ***
Simon565656 shows [4h 5s] (One pair : 4)
_SKR shows [7h 9d] (Two pairs : 9 and 7)
_SKR collected 120 from pot
*** SUMMARY ***
Total pot 120 | No rake
Board: [Jh 8c 4d 9h 7c]
Seat 1: _SKR (big blind) showed [7h 9d] and won 120 with Two pairs : 9 and 7
Seat 3: Simon565656 (small blind) (button) showed [4h 5s] and lost with One pair : 4


Winamax Poker - Tournament "Expresso Nitro" buyIn: 0.93€ + 0.07€ level: 3 - HandId: #2666563349466054657-8-1673283335 - Holdem no limit (20/40) - 2023/01/09 16:55:35 UTC
Table: 'Expresso Nitro(620857661)#0' 3-max (real money) Seat #1 is the button
Seat 1: _SKR (275)
Seat 3: Simon565656 (625)
*** ANTE/BLINDS ***
_SKR posts small blind 20
Simon565656 posts big blind 40
Dealt to _SKR [Ks Js]
*** PRE-FLOP *** 
_SKR raises 235 to 275 and is all-in
Simon565656 folds
_SKR collected 315 from pot
*** SUMMARY ***
Total pot 315 | No rake
Seat 1: _SKR (small blind) (button) won 315


Winamax Poker - Tournament "Expresso Nitro" buyIn: 0.93€ + 0.07€ level: 3 - HandId: #2666563349466054657-9-1673283342 - Holdem no limit (20/40) - 2023/01/09 16:55:42 UTC
Table: 'Expresso Nitro(620857661)#0' 3-max (real money) Seat #3 is the button
Seat 1: _SKR (315)
Seat 3: Simon565656 (585)
*** ANTE/BLINDS ***
Simon565656 posts small blind 20
_SKR posts big blind 40
Dealt to _SKR [5s 4h]
*** PRE-FLOP *** 
Simon565656 raises 545 to 585 and is all-in
_SKR folds
Simon565656 collected 625 from pot
*** SUMMARY ***
Total pot 625 | No rake
Seat 3: Simon565656 (small blind) (button) won 625


Winamax Poker - Tournament "Expresso Nitro" buyIn: 0.93€ + 0.07€ level: 3 - HandId: #2666563349466054657-10-1673283347 - Holdem no limit (20/40) - 2023/01/09 16:55:47 UTC
Table: 'Expresso Nitro(620857661)#0' 3-max (real money) Seat #1 is the button
Seat 1: _SKR (275)
Seat 3: Simon565656 (625)
*** ANTE/BLINDS ***
_SKR posts small blind 20
Simon565656 posts big blind 40
Dealt to _SKR [5h 9h]
*** PRE-FLOP *** 
_SKR folds
Simon565656 collected 60 from pot
*** SUMMARY ***
Total pot 60 | No rake
Seat 3: Simon565656 (big blind) won 60


Winamax Poker - Tournament "Expresso Nitro" buyIn: 0.93€ + 0.07€ level: 3 - HandId: #2666563349466054657-11-1673283366 - Holdem no limit (20/40) - 2023/01/09 16:56:06 UTC
Table: 'Expresso Nitro(620857661)#0' 3-max (real money) Seat #3 is the button
Seat 1: _SKR (255)
Seat 3: Simon565656 (645)
*** ANTE/BLINDS ***
Simon565656 posts small blind 20
_SKR posts big blind 40
Dealt to _SKR [4h 5s]
*** PRE-FLOP *** 
Simon565656 raises 605 to 645 and is all-in
_SKR folds
Simon565656 collected 685 from pot
*** SUMMARY ***
Total pot 685 | No rake
Seat 3: Simon565656 (small blind) (button) won 685


Winamax Poker - Tournament "Expresso Nitro" buyIn: 0.93€ + 0.07€ level: 3 - HandId: #2666563349466054657-12-1673283374 - Holdem no limit (20/40) - 2023/01/09 16:56:14 UTC
Table: 'Expresso Nitro(620857661)#0' 3-max (real money) Seat #1 is the button
Seat 1: _SKR (215)
Seat 3: Simon565656 (685)
*** ANTE/BLINDS ***
_SKR posts small blind 20
Simon565656 posts big blind 40
Dealt to _SKR [Qc 4d]
*** PRE-FLOP *** 
_SKR folds
Simon565656 collected 60 from pot
*** SUMMARY ***
Total pot 60 | No rake
Seat 3: Simon565656 (big blind) won 60


Winamax Poker - Tournament "Expresso Nitro" buyIn: 0.93€ + 0.07€ level: 3 - HandId: #2666563349466054657-13-1673283378 - Holdem no limit (20/40) - 2023/01/09 16:56:18 UTC
Table: 'Expresso Nitro(620857661)#0' 3-max (real money) Seat #3 is the button
Seat 1: _SKR (195)
Seat 3: Simon565656 (705)
*** ANTE/BLINDS ***
Simon565656 posts small blind 20
_SKR posts big blind 40
Dealt to _SKR [9h Kh]
*** PRE-FLOP *** 
Simon565656 calls 20
_SKR raises 155 to 195 and is all-in
Simon565656 folds
_SKR collected 235 from pot
*** SUMMARY ***
Total pot 235 | No rake
Seat 1: _SKR (big blind) won 235


Winamax Poker - Tournament "Expresso Nitro" buyIn: 0.93€ + 0.07€ level: 4 - HandId: #2666563349466054657-14-1673283387 - Holdem no limit (30/60) - 2023/01/09 16:56:27 UTC
Table: 'Expresso Nitro(620857661)#0' 3-max (real money) Seat #1 is the button
Seat 1: _SKR (235)
Seat 3: Simon565656 (665)
*** ANTE/BLINDS ***
_SKR posts small blind 30
Simon565656 posts big blind 60
Dealt to _SKR [4s Ad]
*** PRE-FLOP *** 
_SKR raises 175 to 235 and is all-in
Simon565656 folds
_SKR collected 295 from pot
*** SUMMARY ***
Total pot 295 | No rake
Seat 1: _SKR (small blind) (button) won 295


Winamax Poker - Tournament "Expresso Nitro" buyIn: 0.93€ + 0.07€ level: 4 - HandId: #2666563349466054657-15-1673283397 - Holdem no limit (30/60) - 2023/01/09 16:56:37 UTC
Table: 'Expresso Nitro(620857661)#0' 3-max (real money) Seat #3 is the button
Seat 1: _SKR (295)
Seat 3: Simon565656 (605)
*** ANTE/BLINDS ***
Simon565656 posts small blind 30
_SKR posts big blind 60
Dealt to _SKR [4c Kh]
*** PRE-FLOP *** 
Simon565656 calls 30
_SKR raises 235 to 295 and is all-in
Simon565656 folds
_SKR collected 355 from pot
*** SUMMARY ***
Total pot 355 | No rake
Seat 1: _SKR (big blind) won 355


Winamax Poker - Tournament "Expresso Nitro" buyIn: 0.93€ + 0.07€ level: 4 - HandId: #2666563349466054657-16-1673283407 - Holdem no limit (30/60) - 2023/01/09 16:56:47 UTC
Table: 'Expresso Nitro(620857661)#0' 3-max (real money) Seat #1 is the button
Seat 1: _SKR (355)
Seat 3: Simon565656 (545)
*** ANTE/BLINDS ***
_SKR posts small blind 30
Simon565656 posts big blind 60
Dealt to _SKR [6s Ks]
*** PRE-FLOP *** 
_SKR raises 295 to 355 and is all-in
Simon565656 folds
_SKR collected 415 from pot
*** SUMMARY ***
Total pot 415 | No rake
Seat 1: _SKR (small blind) (button) won 415


Winamax Poker - Tournament "Expresso Nitro" buyIn: 0.93€ + 0.07€ level: 4 - HandId: #2666563349466054657-17-1673283417 - Holdem no limit (30/60) - 2023/01/09 16:56:57 UTC
Table: 'Expresso Nitro(620857661)#0' 3-max (real money) Seat #3 is the button
Seat 1: _SKR (415)
Seat 3: Simon565656 (485)
*** ANTE/BLINDS ***
Simon565656 posts small blind 30
_SKR posts big blind 60
Dealt to _SKR [9d 3d]
*** PRE-FLOP *** 
Simon565656 raises 425 to 485 and is all-in
_SKR folds
Simon565656 collected 545 from pot
*** SUMMARY ***
Total pot 545 | No rake
Seat 3: Simon565656 (small blind) (button) won 545


Winamax Poker - Tournament "Expresso Nitro" buyIn: 0.93€ + 0.07€ level: 4 - HandId: #2666563349466054657-18-1673283421 - Holdem no limit (30/60) - 2023/01/09 16:57:01 UTC
Table: 'Expresso Nitro(620857661)#0' 3-max (real money) Seat #1 is the button
Seat 1: _SKR (355)
Seat 3: Simon565656 (545)
*** ANTE/BLINDS ***
_SKR posts small blind 30
Simon565656 posts big blind 60
Dealt to _SKR [Js 6c]
*** PRE-FLOP *** 
_SKR folds
Simon565656 collected 90 from pot
*** SUMMARY ***
Total pot 90 | No rake
Seat 3: Simon565656 (big blind) won 90


Winamax Poker - Tournament "Expresso Nitro" buyIn: 0.93€ + 0.07€ level: 4 - HandId: #2666563349466054657-19-1673283425 - Holdem no limit (30/60) - 2023/01/09 16:57:05 UTC
Table: 'Expresso Nitro(620857661)#0' 3-max (real money) Seat #3 is the button
Seat 1: _SKR (325)
Seat 3: Simon565656 (575)
*** ANTE/BLINDS ***
Simon565656 posts small blind 30
_SKR posts big blind 60
Dealt to _SKR [Jc Jh]
*** PRE-FLOP *** 
Simon565656 raises 515 to 575 and is all-in
_SKR calls 265 and is all-in
*** FLOP *** [4c 6s Js]
*** TURN *** [4c 6s Js][8d]
*** RIVER *** [4c 6s Js 8d][5s]
*** SHOW DOWN ***
_SKR shows [Jc Jh] (Trips of Jacks)
Simon565656 shows [Ks 8h] (One pair : 8)
Simon565656 collected 250 from side pot 1
_SKR collected 650 from main pot
*** SUMMARY ***
Total pot 900 | No rake
Board: [4c 6s Js 8d 5s]
Seat 1: _SKR (big blind) showed [Jc Jh] and won 650 with Trips of Jacks
Seat 3: Simon565656 (small blind) (button) showed [Ks 8h] and won 250 with One pair : 8


Winamax Poker - Tournament "Expresso Nitro" buyIn: 0.93€ + 0.07€ level: 4 - HandId: #2666563349466054657-20-1673283438 - Holdem no limit (30/60) - 2023/01/09 16:57:18 UTC
Table: 'Expresso Nitro(620857661)#0' 3-max (real money) Seat #1 is the button
Seat 1: _SKR (650)
Seat 3: Simon565656 (250)
*** ANTE/BLINDS ***
_SKR posts small blind 30
Simon565656 posts big blind 60
Dealt to _SKR [2d 4s]
*** PRE-FLOP *** 
_SKR folds
Simon565656 collected 90 from pot
*** SUMMARY ***
Total pot 90 | No rake
Seat 3: Simon565656 (big blind) won 90


Winamax Poker - Tournament "Expresso Nitro" buyIn: 0.93€ + 0.07€ level: 4 - HandId: #2666563349466054657-21-1673283442 - Holdem no limit (30/60) - 2023/01/09 16:57:22 UTC
Table: 'Expresso Nitro(620857661)#0' 3-max (real money) Seat #3 is the button
Seat 1: _SKR (620)
Seat 3: Simon565656 (280)
*** ANTE/BLINDS ***
Simon565656 posts small blind 30
_SKR posts big blind 60
Dealt to _SKR [Kd 5s]
*** PRE-FLOP *** 
Simon565656 raises 220 to 280 and is all-in
_SKR calls 220
*** FLOP *** [Ts 9d 3s]
*** TURN *** [Ts 9d 3s][7s]
*** RIVER *** [Ts 9d 3s 7s][Kh]
*** SHOW DOWN ***
Simon565656 shows [Js Tc] (One pair : Tens)
_SKR shows [Kd 5s] (One pair : Kings)
_SKR collected 560 from pot
*** SUMMARY ***
Total pot 560 | No rake
Board: [Ts 9d 3s 7s Kh]
Seat 1: _SKR (big blind) showed [Kd 5s] and won 560 with One pair : Kings
Seat 3: Simon565656 (small blind) (button) showed [Js Tc] and lost with One pair : Tens


