Winamax Poker - Tournament "Expresso Nitro" buyIn: 0.93€ + 0.07€ level: 1 - HandId: #2661417866976296961-1-1673012242 - Holdem no limit (10/20) - 2023/01/06 13:37:22 UTC
Table: 'Expresso Nitro(619659635)#0' 3-max (real money) Seat #1 is the button
Seat 1: _SKR (300)
Seat 2: Incognito05 (300)
Seat 3: Hi Hi Hi (300)
*** ANTE/BLINDS ***
Incognito05 posts small blind 10
Hi Hi Hi posts big blind 20
Dealt to _SKR [9c 6s]
*** PRE-FLOP *** 
_SKR folds
Incognito05 folds
Hi Hi Hi collected 30 from pot
*** SUMMARY ***
Total pot 30 | No rake
Seat 3: Hi Hi Hi (big blind) won 30


Winamax Poker - Tournament "Expresso Nitro" buyIn: 0.93€ + 0.07€ level: 1 - HandId: #2661417866976296961-2-1673012248 - Holdem no limit (10/20) - 2023/01/06 13:37:28 UTC
Table: 'Expresso Nitro(619659635)#0' 3-max (real money) Seat #2 is the button
Seat 1: _SKR (300)
Seat 2: Incognito05 (290)
Seat 3: Hi Hi Hi (310)
*** ANTE/BLINDS ***
Hi Hi Hi posts small blind 10
_SKR posts big blind 20
Dealt to _SKR [5s 4c]
*** PRE-FLOP *** 
Incognito05 folds
Hi Hi Hi raises 40 to 60
_SKR folds
Hi Hi Hi collected 80 from pot
*** SUMMARY ***
Total pot 80 | No rake
Seat 3: Hi Hi Hi (small blind) won 80


Winamax Poker - Tournament "Expresso Nitro" buyIn: 0.93€ + 0.07€ level: 1 - HandId: #2661417866976296961-3-1673012261 - Holdem no limit (10/20) - 2023/01/06 13:37:41 UTC
Table: 'Expresso Nitro(619659635)#0' 3-max (real money) Seat #3 is the button
Seat 1: _SKR (280)
Seat 2: Incognito05 (290)
Seat 3: Hi Hi Hi (330)
*** ANTE/BLINDS ***
_SKR posts small blind 10
Incognito05 posts big blind 20
Dealt to _SKR [Js 6h]
*** PRE-FLOP *** 
Hi Hi Hi folds
_SKR folds
Incognito05 collected 30 from pot
*** SUMMARY ***
Total pot 30 | No rake
Seat 2: Incognito05 (big blind) won 30


Winamax Poker - Tournament "Expresso Nitro" buyIn: 0.93€ + 0.07€ level: 1 - HandId: #2661417866976296961-4-1673012268 - Holdem no limit (10/20) - 2023/01/06 13:37:48 UTC
Table: 'Expresso Nitro(619659635)#0' 3-max (real money) Seat #1 is the button
Seat 1: _SKR (270)
Seat 2: Incognito05 (300)
Seat 3: Hi Hi Hi (330)
*** ANTE/BLINDS ***
Incognito05 posts small blind 10
Hi Hi Hi posts big blind 20
Dealt to _SKR [4d Tc]
*** PRE-FLOP *** 
_SKR folds
Incognito05 folds
Hi Hi Hi collected 30 from pot
*** SUMMARY ***
Total pot 30 | No rake
Seat 3: Hi Hi Hi (big blind) won 30


Winamax Poker - Tournament "Expresso Nitro" buyIn: 0.93€ + 0.07€ level: 1 - HandId: #2661417866976296961-5-1673012276 - Holdem no limit (10/20) - 2023/01/06 13:37:56 UTC
Table: 'Expresso Nitro(619659635)#0' 3-max (real money) Seat #2 is the button
Seat 1: _SKR (270)
Seat 2: Incognito05 (290)
Seat 3: Hi Hi Hi (340)
*** ANTE/BLINDS ***
Hi Hi Hi posts small blind 10
_SKR posts big blind 20
Dealt to _SKR [6s 9s]
*** PRE-FLOP *** 
Incognito05 calls 20
Hi Hi Hi folds
_SKR checks
*** FLOP *** [7c Ah Qc]
_SKR checks
Incognito05 bets 50
_SKR folds
Incognito05 collected 100 from pot
*** SUMMARY ***
Total pot 100 | No rake
Board: [7c Ah Qc]
Seat 2: Incognito05 (button) won 100


Winamax Poker - Tournament "Expresso Nitro" buyIn: 0.93€ + 0.07€ level: 2 - HandId: #2661417866976296961-6-1673012301 - Holdem no limit (15/30) - 2023/01/06 13:38:21 UTC
Table: 'Expresso Nitro(619659635)#0' 3-max (real money) Seat #3 is the button
Seat 1: _SKR (250)
Seat 2: Incognito05 (320)
Seat 3: Hi Hi Hi (330)
*** ANTE/BLINDS ***
_SKR posts small blind 15
Incognito05 posts big blind 30
Dealt to _SKR [6h Tc]
*** PRE-FLOP *** 
Hi Hi Hi folds
_SKR folds
Incognito05 collected 45 from pot
*** SUMMARY ***
Total pot 45 | No rake
Seat 2: Incognito05 (big blind) won 45


Winamax Poker - Tournament "Expresso Nitro" buyIn: 0.93€ + 0.07€ level: 2 - HandId: #2661417866976296961-7-1673012307 - Holdem no limit (15/30) - 2023/01/06 13:38:27 UTC
Table: 'Expresso Nitro(619659635)#0' 3-max (real money) Seat #1 is the button
Seat 1: _SKR (235)
Seat 2: Incognito05 (335)
Seat 3: Hi Hi Hi (330)
*** ANTE/BLINDS ***
Incognito05 posts small blind 15
Hi Hi Hi posts big blind 30
Dealt to _SKR [Js As]
*** PRE-FLOP *** 
_SKR raises 205 to 235 and is all-in
Incognito05 calls 220
Hi Hi Hi folds
*** FLOP *** [Qs 3s 5d]
*** TURN *** [Qs 3s 5d][9h]
*** RIVER *** [Qs 3s 5d 9h][Jc]
*** SHOW DOWN ***
Incognito05 shows [Kc Ah] (High card : Ace)
_SKR shows [Js As] (One pair : Jacks)
_SKR collected 500 from pot
*** SUMMARY ***
Total pot 500 | No rake
Board: [Qs 3s 5d 9h Jc]
Seat 1: _SKR (button) showed [Js As] and won 500 with One pair : Jacks
Seat 2: Incognito05 (small blind) showed [Kc Ah] and lost with High card : Ace


Winamax Poker - Tournament "Expresso Nitro" buyIn: 0.93€ + 0.07€ level: 2 - HandId: #2661417866976296961-8-1673012323 - Holdem no limit (15/30) - 2023/01/06 13:38:43 UTC
Table: 'Expresso Nitro(619659635)#0' 3-max (real money) Seat #2 is the button
Seat 1: _SKR (500)
Seat 2: Incognito05 (100)
Seat 3: Hi Hi Hi (300)
*** ANTE/BLINDS ***
Hi Hi Hi posts small blind 15
_SKR posts big blind 30
Dealt to _SKR [Ks Td]
*** PRE-FLOP *** 
Incognito05 folds
Hi Hi Hi raises 270 to 300 and is all-in
_SKR calls 270
*** FLOP *** [Ad Ah 8s]
*** TURN *** [Ad Ah 8s][9d]
*** RIVER *** [Ad Ah 8s 9d][Kh]
*** SHOW DOWN ***
Hi Hi Hi shows [4d 4s] (Two pairs : Aces and 4)
_SKR shows [Ks Td] (Two pairs : Aces and Kings)
_SKR collected 600 from pot
*** SUMMARY ***
Total pot 600 | No rake
Board: [Ad Ah 8s 9d Kh]
Seat 1: _SKR (big blind) showed [Ks Td] and won 600 with Two pairs : Aces and Kings
Seat 3: Hi Hi Hi (small blind) showed [4d 4s] and lost with Two pairs : Aces and 4


Winamax Poker - Tournament "Expresso Nitro" buyIn: 0.93€ + 0.07€ level: 2 - HandId: #2661417866976296961-9-1673012349 - Holdem no limit (15/30) - 2023/01/06 13:39:09 UTC
Table: 'Expresso Nitro(619659635)#0' 3-max (real money) Seat #1 is the button
Seat 1: _SKR (800)
Seat 2: Incognito05 (100)
*** ANTE/BLINDS ***
_SKR posts small blind 15
Incognito05 posts big blind 30
Dealt to _SKR [8c 6s]
*** PRE-FLOP *** 
_SKR folds
Incognito05 collected 45 from pot
*** SUMMARY ***
Total pot 45 | No rake
Seat 2: Incognito05 (big blind) won 45


Winamax Poker - Tournament "Expresso Nitro" buyIn: 0.93€ + 0.07€ level: 2 - HandId: #2661417866976296961-10-1673012352 - Holdem no limit (15/30) - 2023/01/06 13:39:12 UTC
Table: 'Expresso Nitro(619659635)#0' 3-max (real money) Seat #2 is the button
Seat 1: _SKR (785)
Seat 2: Incognito05 (115)
*** ANTE/BLINDS ***
Incognito05 posts small blind 15
_SKR posts big blind 30
Dealt to _SKR [Qs 8d]
*** PRE-FLOP *** 
Incognito05 folds
_SKR collected 45 from pot
*** SUMMARY ***
Total pot 45 | No rake
Seat 1: _SKR (big blind) won 45


Winamax Poker - Tournament "Expresso Nitro" buyIn: 0.93€ + 0.07€ level: 2 - HandId: #2661417866976296961-11-1673012358 - Holdem no limit (15/30) - 2023/01/06 13:39:18 UTC
Table: 'Expresso Nitro(619659635)#0' 3-max (real money) Seat #1 is the button
Seat 1: _SKR (800)
Seat 2: Incognito05 (100)
*** ANTE/BLINDS ***
_SKR posts small blind 15
Incognito05 posts big blind 30
Dealt to _SKR [5s 6d]
*** PRE-FLOP *** 
_SKR folds
Incognito05 collected 45 from pot
*** SUMMARY ***
Total pot 45 | No rake
Seat 2: Incognito05 (big blind) won 45


Winamax Poker - Tournament "Expresso Nitro" buyIn: 0.93€ + 0.07€ level: 3 - HandId: #2661417866976296961-12-1673012366 - Holdem no limit (20/40) - 2023/01/06 13:39:26 UTC
Table: 'Expresso Nitro(619659635)#0' 3-max (real money) Seat #2 is the button
Seat 1: _SKR (785)
Seat 2: Incognito05 (115)
*** ANTE/BLINDS ***
Incognito05 posts small blind 20
_SKR posts big blind 40
Dealt to _SKR [3c Js]
*** PRE-FLOP *** 
Incognito05 folds
_SKR collected 60 from pot
*** SUMMARY ***
Total pot 60 | No rake
Seat 1: _SKR (big blind) won 60


Winamax Poker - Tournament "Expresso Nitro" buyIn: 0.93€ + 0.07€ level: 3 - HandId: #2661417866976296961-13-1673012369 - Holdem no limit (20/40) - 2023/01/06 13:39:29 UTC
Table: 'Expresso Nitro(619659635)#0' 3-max (real money) Seat #1 is the button
Seat 1: _SKR (805)
Seat 2: Incognito05 (95)
*** ANTE/BLINDS ***
_SKR posts small blind 20
Incognito05 posts big blind 40
Dealt to _SKR [Jh 7d]
*** PRE-FLOP *** 
_SKR raises 765 to 805 and is all-in
Incognito05 calls 55 and is all-in
*** FLOP *** [4s Kh 7c]
*** TURN *** [4s Kh 7c][4d]
*** RIVER *** [4s Kh 7c 4d][Qd]
*** SHOW DOWN ***
Incognito05 shows [2h Js] (One pair : 4)
_SKR shows [Jh 7d] (Two pairs : 7 and 4)
_SKR collected 900 from pot
*** SUMMARY ***
Total pot 900 | No rake
Board: [4s Kh 7c 4d Qd]
Seat 1: _SKR (small blind) (button) showed [Jh 7d] and won 900 with Two pairs : 7 and 4
Seat 2: Incognito05 (big blind) showed [2h Js] and lost with One pair : 4


