Winamax Poker - Tournament "Expresso Nitro" buyIn: 0.93€ + 0.07€ level: 1 - HandId: #2717296911915679745-1-1676216281 - Holdem no limit (10/20) - 2023/02/12 15:38:01 UTC
Table: 'Expresso Nitro(632669989)#0' 3-max (real money) Seat #2 is the button
Seat 1: renard62117 (300)
Seat 2: _SKR (300)
Seat 3: Dylanmelinda (300)
*** ANTE/BLINDS ***
Dylanmelinda posts small blind 10
renard62117 posts big blind 20
Dealt to _SKR [Qs Th]
*** PRE-FLOP *** 
_SKR folds
Dylanmelinda calls 10
renard62117 raises 40 to 60
Dylanmelinda raises 240 to 300 and is all-in
renard62117 calls 240 and is all-in
*** FLOP *** [Kc 6h 4c]
*** TURN *** [Kc 6h 4c][Jc]
*** RIVER *** [Kc 6h 4c Jc][Ah]
*** SHOW DOWN ***
renard62117 shows [As 8c] (One pair : Aces)
Dylanmelinda shows [Ad Jh] (Two pairs : Aces and Jacks)
Dylanmelinda collected 600 from pot
*** SUMMARY ***
Total pot 600 | No rake
Board: [Kc 6h 4c Jc Ah]
Seat 1: renard62117 (big blind) showed [As 8c] and lost with One pair : Aces
Seat 3: Dylanmelinda (small blind) showed [Ad Jh] and won 600 with Two pairs : Aces and Jacks


Winamax Poker - Tournament "Expresso Nitro" buyIn: 0.93€ + 0.07€ level: 1 - HandId: #2717296911915679745-2-1676216299 - Holdem no limit (10/20) - 2023/02/12 15:38:19 UTC
Table: 'Expresso Nitro(632669989)#0' 3-max (real money) Seat #2 is the button
Seat 2: _SKR (300)
Seat 3: Dylanmelinda (600)
*** ANTE/BLINDS ***
_SKR posts small blind 10
Dylanmelinda posts big blind 20
Dealt to _SKR [9c 6h]
*** PRE-FLOP *** 
_SKR folds
Dylanmelinda collected 30 from pot
*** SUMMARY ***
Total pot 30 | No rake
Seat 3: Dylanmelinda (big blind) won 30


Winamax Poker - Tournament "Expresso Nitro" buyIn: 0.93€ + 0.07€ level: 1 - HandId: #2717296911915679745-3-1676216305 - Holdem no limit (10/20) - 2023/02/12 15:38:25 UTC
Table: 'Expresso Nitro(632669989)#0' 3-max (real money) Seat #3 is the button
Seat 2: _SKR (290)
Seat 3: Dylanmelinda (610)
*** ANTE/BLINDS ***
Dylanmelinda posts small blind 10
_SKR posts big blind 20
Dealt to _SKR [Js 7h]
*** PRE-FLOP *** 
Dylanmelinda raises 590 to 610 and is all-in
_SKR folds
Dylanmelinda collected 630 from pot
*** SUMMARY ***
Total pot 630 | No rake
Seat 3: Dylanmelinda (small blind) (button) won 630


Winamax Poker - Tournament "Expresso Nitro" buyIn: 0.93€ + 0.07€ level: 1 - HandId: #2717296911915679745-4-1676216310 - Holdem no limit (10/20) - 2023/02/12 15:38:30 UTC
Table: 'Expresso Nitro(632669989)#0' 3-max (real money) Seat #2 is the button
Seat 2: _SKR (270)
Seat 3: Dylanmelinda (630)
*** ANTE/BLINDS ***
_SKR posts small blind 10
Dylanmelinda posts big blind 20
Dealt to _SKR [3d 7h]
*** PRE-FLOP *** 
_SKR folds
Dylanmelinda collected 30 from pot
*** SUMMARY ***
Total pot 30 | No rake
Seat 3: Dylanmelinda (big blind) won 30


Winamax Poker - Tournament "Expresso Nitro" buyIn: 0.93€ + 0.07€ level: 1 - HandId: #2717296911915679745-5-1676216315 - Holdem no limit (10/20) - 2023/02/12 15:38:35 UTC
Table: 'Expresso Nitro(632669989)#0' 3-max (real money) Seat #3 is the button
Seat 2: _SKR (260)
Seat 3: Dylanmelinda (640)
*** ANTE/BLINDS ***
Dylanmelinda posts small blind 10
_SKR posts big blind 20
Dealt to _SKR [2c 8c]
*** PRE-FLOP *** 
Dylanmelinda raises 620 to 640 and is all-in
_SKR folds
Dylanmelinda collected 660 from pot
*** SUMMARY ***
Total pot 660 | No rake
Seat 3: Dylanmelinda (small blind) (button) won 660


Winamax Poker - Tournament "Expresso Nitro" buyIn: 0.93€ + 0.07€ level: 1 - HandId: #2717296911915679745-6-1676216319 - Holdem no limit (10/20) - 2023/02/12 15:38:39 UTC
Table: 'Expresso Nitro(632669989)#0' 3-max (real money) Seat #2 is the button
Seat 2: _SKR (240)
Seat 3: Dylanmelinda (660)
*** ANTE/BLINDS ***
_SKR posts small blind 10
Dylanmelinda posts big blind 20
Dealt to _SKR [9h Jc]
*** PRE-FLOP *** 
_SKR calls 10
Dylanmelinda checks
*** FLOP *** [2h 9d 2c]
Dylanmelinda checks
_SKR bets 26
Dylanmelinda folds
_SKR collected 66 from pot
*** SUMMARY ***
Total pot 66 | No rake
Board: [2h 9d 2c]
Seat 2: _SKR (small blind) (button) won 66


Winamax Poker - Tournament "Expresso Nitro" buyIn: 0.93€ + 0.07€ level: 1 - HandId: #2717296911915679745-7-1676216333 - Holdem no limit (10/20) - 2023/02/12 15:38:53 UTC
Table: 'Expresso Nitro(632669989)#0' 3-max (real money) Seat #3 is the button
Seat 2: _SKR (260)
Seat 3: Dylanmelinda (640)
*** ANTE/BLINDS ***
Dylanmelinda posts small blind 10
_SKR posts big blind 20
Dealt to _SKR [Ah 9s]
*** PRE-FLOP *** 
Dylanmelinda raises 620 to 640 and is all-in
_SKR calls 240 and is all-in
*** FLOP *** [7h 9h 5h]
*** TURN *** [7h 9h 5h][2d]
*** RIVER *** [7h 9h 5h 2d][6s]
*** SHOW DOWN ***
_SKR shows [Ah 9s] (One pair : 9)
Dylanmelinda shows [Kh 8s] (Straight 9 high)
Dylanmelinda collected 900 from pot
*** SUMMARY ***
Total pot 900 | No rake
Board: [7h 9h 5h 2d 6s]
Seat 2: _SKR (big blind) showed [Ah 9s] and lost with One pair : 9
Seat 3: Dylanmelinda (small blind) (button) showed [Kh 8s] and won 900 with Straight 9 high


