Winamax Poker - Tournament "Expresso Nitro" buyIn: 1.86€ + 0.14€ level: 1 - HandId: #2698064374781706241-1-1675178799 - Holdem no limit (10/20) - 2023/01/31 15:26:39 UTC
Table: 'Expresso Nitro(628192065)#0' 3-max (real money) Seat #3 is the button
Seat 1: Badoumbam95 (300)
Seat 2: _SKR (300)
Seat 3: Robertum (300)
*** ANTE/BLINDS ***
Badoumbam95 posts small blind 10
_SKR posts big blind 20
Dealt to _SKR [8c Td]
*** PRE-FLOP *** 
Robertum folds
Badoumbam95 calls 10
_SKR checks
*** FLOP *** [Ts Kh Jd]
Badoumbam95 checks
_SKR checks
*** TURN *** [Ts Kh Jd][2d]
Badoumbam95 bets 40
_SKR folds
Badoumbam95 collected 80 from pot
*** SUMMARY ***
Total pot 80 | No rake
Board: [Ts Kh Jd 2d]
Seat 1: Badoumbam95 (small blind) won 80


Winamax Poker - Tournament "Expresso Nitro" buyIn: 1.86€ + 0.14€ level: 1 - HandId: #2698064374781706241-2-1675178823 - Holdem no limit (10/20) - 2023/01/31 15:27:03 UTC
Table: 'Expresso Nitro(628192065)#0' 3-max (real money) Seat #1 is the button
Seat 1: Badoumbam95 (320)
Seat 2: _SKR (280)
Seat 3: Robertum (300)
*** ANTE/BLINDS ***
_SKR posts small blind 10
Robertum posts big blind 20
Dealt to _SKR [4d 8d]
*** PRE-FLOP *** 
Badoumbam95 calls 20
_SKR folds
Robertum raises 280 to 300 and is all-in
Badoumbam95 calls 280
*** FLOP *** [4s 3s 3d]
*** TURN *** [4s 3s 3d][9h]
*** RIVER *** [4s 3s 3d 9h][6h]
*** SHOW DOWN ***
Robertum shows [Ac 7h] (One pair : 3)
Badoumbam95 shows [As Ah] (Two pairs : Aces and 3)
Badoumbam95 collected 610 from pot
*** SUMMARY ***
Total pot 610 | No rake
Board: [4s 3s 3d 9h 6h]
Seat 1: Badoumbam95 (button) showed [As Ah] and won 610 with Two pairs : Aces and 3
Seat 3: Robertum (big blind) showed [Ac 7h] and lost with One pair : 3


Winamax Poker - Tournament "Expresso Nitro" buyIn: 1.86€ + 0.14€ level: 1 - HandId: #2698064374781706241-3-1675178842 - Holdem no limit (10/20) - 2023/01/31 15:27:22 UTC
Table: 'Expresso Nitro(628192065)#0' 3-max (real money) Seat #1 is the button
Seat 1: Badoumbam95 (630)
Seat 2: _SKR (270)
*** ANTE/BLINDS ***
Badoumbam95 posts small blind 10
_SKR posts big blind 20
Dealt to _SKR [6h 7h]
*** PRE-FLOP *** 
Badoumbam95 calls 10
_SKR checks
*** FLOP *** [3c Td 6s]
_SKR checks
Badoumbam95 checks
*** TURN *** [3c Td 6s][2d]
_SKR bets 26
Badoumbam95 raises 92 to 118
_SKR folds
Badoumbam95 collected 184 from pot
*** SUMMARY ***
Total pot 184 | No rake
Board: [3c Td 6s 2d]
Seat 1: Badoumbam95 (small blind) (button) won 184


Winamax Poker - Tournament "Expresso Nitro" buyIn: 1.86€ + 0.14€ level: 2 - HandId: #2698064374781706241-4-1675178875 - Holdem no limit (15/30) - 2023/01/31 15:27:55 UTC
Table: 'Expresso Nitro(628192065)#0' 3-max (real money) Seat #2 is the button
Seat 1: Badoumbam95 (676)
Seat 2: _SKR (224)
*** ANTE/BLINDS ***
_SKR posts small blind 15
Badoumbam95 posts big blind 30
Dealt to _SKR [9s 5s]
*** PRE-FLOP *** 
_SKR raises 194 to 224 and is all-in
Badoumbam95 calls 194
*** FLOP *** [8h Th 9d]
*** TURN *** [8h Th 9d][4c]
*** RIVER *** [8h Th 9d 4c][Ac]
*** SHOW DOWN ***
Badoumbam95 shows [Jh Kd] (High card : Ace)
_SKR shows [9s 5s] (One pair : 9)
_SKR collected 448 from pot
*** SUMMARY ***
Total pot 448 | No rake
Board: [8h Th 9d 4c Ac]
Seat 1: Badoumbam95 (big blind) showed [Jh Kd] and lost with High card : Ace
Seat 2: _SKR (small blind) (button) showed [9s 5s] and won 448 with One pair : 9


Winamax Poker - Tournament "Expresso Nitro" buyIn: 1.86€ + 0.14€ level: 2 - HandId: #2698064374781706241-5-1675178891 - Holdem no limit (15/30) - 2023/01/31 15:28:11 UTC
Table: 'Expresso Nitro(628192065)#0' 3-max (real money) Seat #1 is the button
Seat 1: Badoumbam95 (452)
Seat 2: _SKR (448)
*** ANTE/BLINDS ***
Badoumbam95 posts small blind 15
_SKR posts big blind 30
Dealt to _SKR [2h 4c]
*** PRE-FLOP *** 
Badoumbam95 raises 422 to 452 and is all-in
_SKR folds
Badoumbam95 collected 482 from pot
*** SUMMARY ***
Total pot 482 | No rake
Seat 1: Badoumbam95 (small blind) (button) won 482


Winamax Poker - Tournament "Expresso Nitro" buyIn: 1.86€ + 0.14€ level: 2 - HandId: #2698064374781706241-6-1675178898 - Holdem no limit (15/30) - 2023/01/31 15:28:18 UTC
Table: 'Expresso Nitro(628192065)#0' 3-max (real money) Seat #2 is the button
Seat 1: Badoumbam95 (482)
Seat 2: _SKR (418)
*** ANTE/BLINDS ***
_SKR posts small blind 15
Badoumbam95 posts big blind 30
Dealt to _SKR [7c 5d]
*** PRE-FLOP *** 
_SKR folds
Badoumbam95 collected 45 from pot
*** SUMMARY ***
Total pot 45 | No rake
Seat 1: Badoumbam95 (big blind) won 45


Winamax Poker - Tournament "Expresso Nitro" buyIn: 1.86€ + 0.14€ level: 2 - HandId: #2698064374781706241-7-1675178902 - Holdem no limit (15/30) - 2023/01/31 15:28:22 UTC
Table: 'Expresso Nitro(628192065)#0' 3-max (real money) Seat #1 is the button
Seat 1: Badoumbam95 (497)
Seat 2: _SKR (403)
*** ANTE/BLINDS ***
Badoumbam95 posts small blind 15
_SKR posts big blind 30
Dealt to _SKR [5d Ac]
*** PRE-FLOP *** 
Badoumbam95 raises 467 to 497 and is all-in
_SKR calls 373 and is all-in
*** FLOP *** [Qd 4d Qh]
*** TURN *** [Qd 4d Qh][4h]
*** RIVER *** [Qd 4d Qh 4h][2h]
*** SHOW DOWN ***
_SKR shows [5d Ac] (Two pairs : Queens and 4)
Badoumbam95 shows [Th 8h] (Flush Queen high)
Badoumbam95 collected 900 from pot
*** SUMMARY ***
Total pot 900 | No rake
Board: [Qd 4d Qh 4h 2h]
Seat 1: Badoumbam95 (small blind) (button) showed [Th 8h] and won 900 with Flush Queen high
Seat 2: _SKR (big blind) showed [5d Ac] and lost with Two pairs : Queens and 4


