Winamax Poker - Tournament "Expresso Nitro" buyIn: 1.86€ + 0.14€ level: 1 - HandId: #2698124396949667841-1-1675181789 - Holdem no limit (10/20) - 2023/01/31 16:16:29 UTC
Table: 'Expresso Nitro(628206040)#0' 3-max (real money) Seat #2 is the button
Seat 1: _SKR (300)
Seat 2: AutoExcluav (300)
Seat 3: Napofis (300)
*** ANTE/BLINDS ***
Napofis posts small blind 10
_SKR posts big blind 20
Dealt to _SKR [4d As]
*** PRE-FLOP *** 
AutoExcluav folds
Napofis raises 20 to 40
_SKR raises 260 to 300 and is all-in
Napofis folds
_SKR collected 340 from pot
*** SUMMARY ***
Total pot 340 | No rake
Seat 1: _SKR (big blind) won 340


Winamax Poker - Tournament "Expresso Nitro" buyIn: 1.86€ + 0.14€ level: 1 - HandId: #2698124396949667841-2-1675181800 - Holdem no limit (10/20) - 2023/01/31 16:16:40 UTC
Table: 'Expresso Nitro(628206040)#0' 3-max (real money) Seat #3 is the button
Seat 1: _SKR (340)
Seat 2: AutoExcluav (300)
Seat 3: Napofis (260)
*** ANTE/BLINDS ***
_SKR posts small blind 10
AutoExcluav posts big blind 20
Dealt to _SKR [Ad 7c]
*** PRE-FLOP *** 
Napofis raises 50 to 70
_SKR folds
AutoExcluav calls 50
*** FLOP *** [2s 2h 9c]
AutoExcluav checks
Napofis bets 98
AutoExcluav folds
Napofis collected 248 from pot
*** SUMMARY ***
Total pot 248 | No rake
Board: [2s 2h 9c]
Seat 3: Napofis (button) won 248


Winamax Poker - Tournament "Expresso Nitro" buyIn: 1.86€ + 0.14€ level: 1 - HandId: #2698124396949667841-3-1675181811 - Holdem no limit (10/20) - 2023/01/31 16:16:51 UTC
Table: 'Expresso Nitro(628206040)#0' 3-max (real money) Seat #1 is the button
Seat 1: _SKR (330)
Seat 2: AutoExcluav (230)
Seat 3: Napofis (340)
*** ANTE/BLINDS ***
AutoExcluav posts small blind 10
Napofis posts big blind 20
Dealt to _SKR [3h 7c]
*** PRE-FLOP *** 
_SKR folds
AutoExcluav calls 10
Napofis raises 320 to 340 and is all-in
AutoExcluav folds
Napofis collected 360 from pot
*** SUMMARY ***
Total pot 360 | No rake
Seat 3: Napofis (big blind) won 360


Winamax Poker - Tournament "Expresso Nitro" buyIn: 1.86€ + 0.14€ level: 1 - HandId: #2698124396949667841-4-1675181822 - Holdem no limit (10/20) - 2023/01/31 16:17:02 UTC
Table: 'Expresso Nitro(628206040)#0' 3-max (real money) Seat #2 is the button
Seat 1: _SKR (330)
Seat 2: AutoExcluav (210)
Seat 3: Napofis (360)
*** ANTE/BLINDS ***
Napofis posts small blind 10
_SKR posts big blind 20
Dealt to _SKR [4d 9c]
*** PRE-FLOP *** 
AutoExcluav calls 20
Napofis calls 10
_SKR checks
*** FLOP *** [5d Tc 2h]
Napofis bets 39
_SKR folds
AutoExcluav calls 39
*** TURN *** [5d Tc 2h][3c]
Napofis checks
AutoExcluav bets 48
Napofis calls 48
*** RIVER *** [5d Tc 2h 3c][9d]
Napofis checks
AutoExcluav checks
*** SHOW DOWN ***
Napofis shows [Jd 4h] (High card : Jack)
AutoExcluav shows [Qc 2c] (One pair : 2)
AutoExcluav collected 234 from pot
*** SUMMARY ***
Total pot 234 | No rake
Board: [5d Tc 2h 3c 9d]
Seat 2: AutoExcluav (button) showed [Qc 2c] and won 234 with One pair : 2
Seat 3: Napofis (small blind) showed [Jd 4h] and lost with High card : Jack


Winamax Poker - Tournament "Expresso Nitro" buyIn: 1.86€ + 0.14€ level: 1 - HandId: #2698124396949667841-5-1675181844 - Holdem no limit (10/20) - 2023/01/31 16:17:24 UTC
Table: 'Expresso Nitro(628206040)#0' 3-max (real money) Seat #3 is the button
Seat 1: _SKR (310)
Seat 2: AutoExcluav (337)
Seat 3: Napofis (253)
*** ANTE/BLINDS ***
_SKR posts small blind 10
AutoExcluav posts big blind 20
Dealt to _SKR [5d Ts]
*** PRE-FLOP *** 
Napofis calls 20
_SKR folds
AutoExcluav raises 317 to 337 and is all-in
Napofis folds
AutoExcluav collected 367 from pot
*** SUMMARY ***
Total pot 367 | No rake
Seat 2: AutoExcluav (big blind) won 367


Winamax Poker - Tournament "Expresso Nitro" buyIn: 1.86€ + 0.14€ level: 2 - HandId: #2698124396949667841-6-1675181852 - Holdem no limit (15/30) - 2023/01/31 16:17:32 UTC
Table: 'Expresso Nitro(628206040)#0' 3-max (real money) Seat #1 is the button
Seat 1: _SKR (300)
Seat 2: AutoExcluav (367)
Seat 3: Napofis (233)
*** ANTE/BLINDS ***
AutoExcluav posts small blind 15
Napofis posts big blind 30
Dealt to _SKR [Js Tc]
*** PRE-FLOP *** 
_SKR folds
AutoExcluav raises 337 to 367 and is all-in
Napofis folds
AutoExcluav collected 397 from pot
*** SUMMARY ***
Total pot 397 | No rake
Seat 2: AutoExcluav (small blind) won 397


Winamax Poker - Tournament "Expresso Nitro" buyIn: 1.86€ + 0.14€ level: 2 - HandId: #2698124396949667841-7-1675181858 - Holdem no limit (15/30) - 2023/01/31 16:17:38 UTC
Table: 'Expresso Nitro(628206040)#0' 3-max (real money) Seat #2 is the button
Seat 1: _SKR (300)
Seat 2: AutoExcluav (397)
Seat 3: Napofis (203)
*** ANTE/BLINDS ***
Napofis posts small blind 15
_SKR posts big blind 30
Dealt to _SKR [Tc 8c]
*** PRE-FLOP *** 
AutoExcluav calls 30
Napofis raises 173 to 203 and is all-in
_SKR folds
AutoExcluav calls 173
*** FLOP *** [3h 3s 2s]
*** TURN *** [3h 3s 2s][6c]
*** RIVER *** [3h 3s 2s 6c][Js]
*** SHOW DOWN ***
AutoExcluav shows [Td 9h] (One pair : 3)
Napofis shows [Kd 8s] (One pair : 3)
Napofis collected 436 from pot
*** SUMMARY ***
Total pot 436 | No rake
Board: [3h 3s 2s 6c Js]
Seat 2: AutoExcluav (button) showed [Td 9h] and lost with One pair : 3
Seat 3: Napofis (small blind) showed [Kd 8s] and won 436 with One pair : 3


Winamax Poker - Tournament "Expresso Nitro" buyIn: 1.86€ + 0.14€ level: 2 - HandId: #2698124396949667841-8-1675181876 - Holdem no limit (15/30) - 2023/01/31 16:17:56 UTC
Table: 'Expresso Nitro(628206040)#0' 3-max (real money) Seat #3 is the button
Seat 1: _SKR (270)
Seat 2: AutoExcluav (194)
Seat 3: Napofis (436)
*** ANTE/BLINDS ***
_SKR posts small blind 15
AutoExcluav posts big blind 30
Dealt to _SKR [Ks 2s]
*** PRE-FLOP *** 
Napofis calls 30
_SKR raises 240 to 270 and is all-in
AutoExcluav folds
Napofis folds
_SKR collected 330 from pot
*** SUMMARY ***
Total pot 330 | No rake
Seat 1: _SKR (small blind) won 330


Winamax Poker - Tournament "Expresso Nitro" buyIn: 1.86€ + 0.14€ level: 2 - HandId: #2698124396949667841-9-1675181889 - Holdem no limit (15/30) - 2023/01/31 16:18:09 UTC
Table: 'Expresso Nitro(628206040)#0' 3-max (real money) Seat #1 is the button
Seat 1: _SKR (330)
Seat 2: AutoExcluav (164)
Seat 3: Napofis (406)
*** ANTE/BLINDS ***
AutoExcluav posts small blind 15
Napofis posts big blind 30
Dealt to _SKR [Ad Ts]
*** PRE-FLOP *** 
_SKR raises 300 to 330 and is all-in
AutoExcluav folds
Napofis raises 76 to 406 and is all-in
*** FLOP *** [6d 2s 7h]
*** TURN *** [6d 2s 7h][Ks]
*** RIVER *** [6d 2s 7h Ks][3d]
*** SHOW DOWN ***
_SKR shows [Ad Ts] (High card : Ace)
Napofis shows [Kc 7c] (Two pairs : Kings and 7)
Napofis collected 751 from pot
*** SUMMARY ***
Total pot 751 | No rake
Board: [6d 2s 7h Ks 3d]
Seat 1: _SKR (button) showed [Ad Ts] and lost with High card : Ace
Seat 3: Napofis (big blind) showed [Kc 7c] and won 751 with Two pairs : Kings and 7


