Winamax Poker - Tournament "Expresso Nitro" buyIn: 1.86€ + 0.14€ level: 1 - HandId: #2696623602232459265-1-1675090377 - Holdem no limit (10/20) - 2023/01/30 14:52:57 UTC
Table: 'Expresso Nitro(627856609)#0' 3-max (real money) Seat #3 is the button
Seat 1: Zelnio (300)
Seat 2: Nonoines (300)
Seat 3: _SKR (300)
*** ANTE/BLINDS ***
Zelnio posts small blind 10
Nonoines posts big blind 20
Dealt to _SKR [As Th]
*** PRE-FLOP *** 
_SKR raises 280 to 300 and is all-in
Zelnio folds
Nonoines folds
_SKR collected 330 from pot
*** SUMMARY ***
Total pot 330 | No rake
Seat 3: _SKR (button) won 330


Winamax Poker - Tournament "Expresso Nitro" buyIn: 1.86€ + 0.14€ level: 1 - HandId: #2696623602232459265-2-1675090404 - Holdem no limit (10/20) - 2023/01/30 14:53:24 UTC
Table: 'Expresso Nitro(627856609)#0' 3-max (real money) Seat #1 is the button
Seat 1: Zelnio (290)
Seat 2: Nonoines (280)
Seat 3: _SKR (330)
*** ANTE/BLINDS ***
Nonoines posts small blind 10
_SKR posts big blind 20
Dealt to _SKR [Ts Qh]
*** PRE-FLOP *** 
Zelnio raises 20 to 40
Nonoines raises 230 to 270
_SKR folds
Zelnio folds
Nonoines collected 330 from pot
*** SUMMARY ***
Total pot 330 | No rake
Seat 2: Nonoines (small blind) won 330


Winamax Poker - Tournament "Expresso Nitro" buyIn: 1.86€ + 0.14€ level: 1 - HandId: #2696623602232459265-3-1675090415 - Holdem no limit (10/20) - 2023/01/30 14:53:35 UTC
Table: 'Expresso Nitro(627856609)#0' 3-max (real money) Seat #2 is the button
Seat 1: Zelnio (250)
Seat 2: Nonoines (340)
Seat 3: _SKR (310)
*** ANTE/BLINDS ***
_SKR posts small blind 10
Zelnio posts big blind 20
Dealt to _SKR [5c Jc]
*** PRE-FLOP *** 
Nonoines raises 320 to 340 and is all-in
_SKR folds
Zelnio folds
Nonoines collected 370 from pot
*** SUMMARY ***
Total pot 370 | No rake
Seat 2: Nonoines (button) won 370


Winamax Poker - Tournament "Expresso Nitro" buyIn: 1.86€ + 0.14€ level: 1 - HandId: #2696623602232459265-4-1675090423 - Holdem no limit (10/20) - 2023/01/30 14:53:43 UTC
Table: 'Expresso Nitro(627856609)#0' 3-max (real money) Seat #3 is the button
Seat 1: Zelnio (230)
Seat 2: Nonoines (370)
Seat 3: _SKR (300)
*** ANTE/BLINDS ***
Zelnio posts small blind 10
Nonoines posts big blind 20
Dealt to _SKR [9h 7c]
*** PRE-FLOP *** 
_SKR folds
Zelnio raises 20 to 40
Nonoines calls 20
*** FLOP *** [2d Kc Th]
Zelnio bets 20
Nonoines calls 20
*** TURN *** [2d Kc Th][Js]
Zelnio bets 20
Nonoines calls 20
*** RIVER *** [2d Kc Th Js][2h]
Zelnio bets 40
Nonoines raises 115 to 155
Zelnio calls 110 and is all-in
*** SHOW DOWN ***
Zelnio shows [8h Ks] (Two pairs : Kings and 2)
Nonoines shows [Qd 9s] (Straight King high)
Nonoines collected 465 from pot
*** SUMMARY ***
Total pot 465 | No rake
Board: [2d Kc Th Js 2h]
Seat 1: Zelnio (small blind) showed [8h Ks] and lost with Two pairs : Kings and 2
Seat 2: Nonoines (big blind) showed [Qd 9s] and won 465 with Straight King high


Winamax Poker - Tournament "Expresso Nitro" buyIn: 1.86€ + 0.14€ level: 2 - HandId: #2696623602232459265-5-1675090466 - Holdem no limit (15/30) - 2023/01/30 14:54:26 UTC
Table: 'Expresso Nitro(627856609)#0' 3-max (real money) Seat #2 is the button
Seat 2: Nonoines (600)
Seat 3: _SKR (300)
*** ANTE/BLINDS ***
Nonoines posts small blind 15
_SKR posts big blind 30
Dealt to _SKR [Jd 2h]
*** PRE-FLOP *** 
Nonoines folds
_SKR collected 45 from pot
*** SUMMARY ***
Total pot 45 | No rake
Seat 3: _SKR (big blind) won 45


Winamax Poker - Tournament "Expresso Nitro" buyIn: 1.86€ + 0.14€ level: 2 - HandId: #2696623602232459265-6-1675090471 - Holdem no limit (15/30) - 2023/01/30 14:54:31 UTC
Table: 'Expresso Nitro(627856609)#0' 3-max (real money) Seat #3 is the button
Seat 2: Nonoines (585)
Seat 3: _SKR (315)
*** ANTE/BLINDS ***
_SKR posts small blind 15
Nonoines posts big blind 30
Dealt to _SKR [2s 7d]
*** PRE-FLOP *** 
_SKR folds
Nonoines collected 45 from pot
*** SUMMARY ***
Total pot 45 | No rake
Seat 2: Nonoines (big blind) won 45


Winamax Poker - Tournament "Expresso Nitro" buyIn: 1.86€ + 0.14€ level: 2 - HandId: #2696623602232459265-7-1675090474 - Holdem no limit (15/30) - 2023/01/30 14:54:34 UTC
Table: 'Expresso Nitro(627856609)#0' 3-max (real money) Seat #2 is the button
Seat 2: Nonoines (600)
Seat 3: _SKR (300)
*** ANTE/BLINDS ***
Nonoines posts small blind 15
_SKR posts big blind 30
Dealt to _SKR [Ts 2s]
*** PRE-FLOP *** 
Nonoines raises 30 to 60
_SKR folds
Nonoines collected 90 from pot
*** SUMMARY ***
Total pot 90 | No rake
Seat 2: Nonoines (small blind) (button) won 90


Winamax Poker - Tournament "Expresso Nitro" buyIn: 1.86€ + 0.14€ level: 2 - HandId: #2696623602232459265-8-1675090481 - Holdem no limit (15/30) - 2023/01/30 14:54:41 UTC
Table: 'Expresso Nitro(627856609)#0' 3-max (real money) Seat #3 is the button
Seat 2: Nonoines (630)
Seat 3: _SKR (270)
*** ANTE/BLINDS ***
_SKR posts small blind 15
Nonoines posts big blind 30
Dealt to _SKR [Kd 7d]
*** PRE-FLOP *** 
_SKR raises 240 to 270 and is all-in
Nonoines folds
_SKR collected 300 from pot
*** SUMMARY ***
Total pot 300 | No rake
Seat 3: _SKR (small blind) (button) won 300


Winamax Poker - Tournament "Expresso Nitro" buyIn: 1.86€ + 0.14€ level: 3 - HandId: #2696623602232459265-9-1675090493 - Holdem no limit (20/40) - 2023/01/30 14:54:53 UTC
Table: 'Expresso Nitro(627856609)#0' 3-max (real money) Seat #2 is the button
Seat 2: Nonoines (600)
Seat 3: _SKR (300)
*** ANTE/BLINDS ***
Nonoines posts small blind 20
_SKR posts big blind 40
Dealt to _SKR [Js 4h]
*** PRE-FLOP *** 
Nonoines raises 130 to 170
_SKR folds
Nonoines collected 210 from pot
*** SUMMARY ***
Total pot 210 | No rake
Seat 2: Nonoines (small blind) (button) won 210


Winamax Poker - Tournament "Expresso Nitro" buyIn: 1.86€ + 0.14€ level: 3 - HandId: #2696623602232459265-10-1675090498 - Holdem no limit (20/40) - 2023/01/30 14:54:58 UTC
Table: 'Expresso Nitro(627856609)#0' 3-max (real money) Seat #3 is the button
Seat 2: Nonoines (640)
Seat 3: _SKR (260)
*** ANTE/BLINDS ***
_SKR posts small blind 20
Nonoines posts big blind 40
Dealt to _SKR [6h Qh]
*** PRE-FLOP *** 
_SKR raises 220 to 260 and is all-in
Nonoines folds
_SKR collected 300 from pot
*** SUMMARY ***
Total pot 300 | No rake
Seat 3: _SKR (small blind) (button) won 300


Winamax Poker - Tournament "Expresso Nitro" buyIn: 1.86€ + 0.14€ level: 3 - HandId: #2696623602232459265-11-1675090515 - Holdem no limit (20/40) - 2023/01/30 14:55:15 UTC
Table: 'Expresso Nitro(627856609)#0' 3-max (real money) Seat #2 is the button
Seat 2: Nonoines (600)
Seat 3: _SKR (300)
*** ANTE/BLINDS ***
Nonoines posts small blind 20
_SKR posts big blind 40
Dealt to _SKR [8c 5d]
*** PRE-FLOP *** 
Nonoines raises 40 to 80
_SKR folds
Nonoines collected 120 from pot
*** SUMMARY ***
Total pot 120 | No rake
Seat 2: Nonoines (small blind) (button) won 120


Winamax Poker - Tournament "Expresso Nitro" buyIn: 1.86€ + 0.14€ level: 3 - HandId: #2696623602232459265-12-1675090526 - Holdem no limit (20/40) - 2023/01/30 14:55:26 UTC
Table: 'Expresso Nitro(627856609)#0' 3-max (real money) Seat #3 is the button
Seat 2: Nonoines (640)
Seat 3: _SKR (260)
*** ANTE/BLINDS ***
_SKR posts small blind 20
Nonoines posts big blind 40
Dealt to _SKR [Ks 8s]
*** PRE-FLOP *** 
_SKR raises 220 to 260 and is all-in
Nonoines folds
_SKR collected 300 from pot
*** SUMMARY ***
Total pot 300 | No rake
Seat 3: _SKR (small blind) (button) won 300


Winamax Poker - Tournament "Expresso Nitro" buyIn: 1.86€ + 0.14€ level: 3 - HandId: #2696623602232459265-13-1675090533 - Holdem no limit (20/40) - 2023/01/30 14:55:33 UTC
Table: 'Expresso Nitro(627856609)#0' 3-max (real money) Seat #2 is the button
Seat 2: Nonoines (600)
Seat 3: _SKR (300)
*** ANTE/BLINDS ***
Nonoines posts small blind 20
_SKR posts big blind 40
Dealt to _SKR [2s Jd]
*** PRE-FLOP *** 
Nonoines folds
_SKR collected 60 from pot
*** SUMMARY ***
Total pot 60 | No rake
Seat 3: _SKR (big blind) won 60


Winamax Poker - Tournament "Expresso Nitro" buyIn: 1.86€ + 0.14€ level: 3 - HandId: #2696623602232459265-14-1675090537 - Holdem no limit (20/40) - 2023/01/30 14:55:37 UTC
Table: 'Expresso Nitro(627856609)#0' 3-max (real money) Seat #3 is the button
Seat 2: Nonoines (580)
Seat 3: _SKR (320)
*** ANTE/BLINDS ***
_SKR posts small blind 20
Nonoines posts big blind 40
Dealt to _SKR [4h 7c]
*** PRE-FLOP *** 
_SKR folds
Nonoines collected 60 from pot
*** SUMMARY ***
Total pot 60 | No rake
Seat 2: Nonoines (big blind) won 60


Winamax Poker - Tournament "Expresso Nitro" buyIn: 1.86€ + 0.14€ level: 3 - HandId: #2696623602232459265-15-1675090548 - Holdem no limit (20/40) - 2023/01/30 14:55:48 UTC
Table: 'Expresso Nitro(627856609)#0' 3-max (real money) Seat #2 is the button
Seat 2: Nonoines (600)
Seat 3: _SKR (300)
*** ANTE/BLINDS ***
Nonoines posts small blind 20
_SKR posts big blind 40
Dealt to _SKR [Jh Js]
*** PRE-FLOP *** 
Nonoines folds
_SKR collected 60 from pot
*** SUMMARY ***
Total pot 60 | No rake
Seat 3: _SKR (big blind) won 60


Winamax Poker - Tournament "Expresso Nitro" buyIn: 1.86€ + 0.14€ level: 4 - HandId: #2696623602232459265-16-1675090554 - Holdem no limit (30/60) - 2023/01/30 14:55:54 UTC
Table: 'Expresso Nitro(627856609)#0' 3-max (real money) Seat #3 is the button
Seat 2: Nonoines (580)
Seat 3: _SKR (320)
*** ANTE/BLINDS ***
_SKR posts small blind 30
Nonoines posts big blind 60
Dealt to _SKR [9c 8c]
*** PRE-FLOP *** 
_SKR raises 260 to 320 and is all-in
Nonoines folds
_SKR collected 380 from pot
*** SUMMARY ***
Total pot 380 | No rake
Seat 3: _SKR (small blind) (button) won 380


Winamax Poker - Tournament "Expresso Nitro" buyIn: 1.86€ + 0.14€ level: 4 - HandId: #2696623602232459265-17-1675090562 - Holdem no limit (30/60) - 2023/01/30 14:56:02 UTC
Table: 'Expresso Nitro(627856609)#0' 3-max (real money) Seat #2 is the button
Seat 2: Nonoines (520)
Seat 3: _SKR (380)
*** ANTE/BLINDS ***
Nonoines posts small blind 30
_SKR posts big blind 60
Dealt to _SKR [Th 7c]
*** PRE-FLOP *** 
Nonoines raises 60 to 120
_SKR folds
Nonoines collected 180 from pot
*** SUMMARY ***
Total pot 180 | No rake
Seat 2: Nonoines (small blind) (button) won 180


Winamax Poker - Tournament "Expresso Nitro" buyIn: 1.86€ + 0.14€ level: 4 - HandId: #2696623602232459265-18-1675090570 - Holdem no limit (30/60) - 2023/01/30 14:56:10 UTC
Table: 'Expresso Nitro(627856609)#0' 3-max (real money) Seat #3 is the button
Seat 2: Nonoines (580)
Seat 3: _SKR (320)
*** ANTE/BLINDS ***
_SKR posts small blind 30
Nonoines posts big blind 60
Dealt to _SKR [Qh Jh]
*** PRE-FLOP *** 
_SKR raises 260 to 320 and is all-in
Nonoines calls 260
*** FLOP *** [Tc 4s Ad]
*** TURN *** [Tc 4s Ad][Jc]
*** RIVER *** [Tc 4s Ad Jc][9h]
*** SHOW DOWN ***
Nonoines shows [Ts 7d] (One pair : Tens)
_SKR shows [Qh Jh] (One pair : Jacks)
_SKR collected 640 from pot
*** SUMMARY ***
Total pot 640 | No rake
Board: [Tc 4s Ad Jc 9h]
Seat 2: Nonoines (big blind) showed [Ts 7d] and lost with One pair : Tens
Seat 3: _SKR (small blind) (button) showed [Qh Jh] and won 640 with One pair : Jacks


Winamax Poker - Tournament "Expresso Nitro" buyIn: 1.86€ + 0.14€ level: 4 - HandId: #2696623602232459265-19-1675090587 - Holdem no limit (30/60) - 2023/01/30 14:56:27 UTC
Table: 'Expresso Nitro(627856609)#0' 3-max (real money) Seat #2 is the button
Seat 2: Nonoines (260)
Seat 3: _SKR (640)
*** ANTE/BLINDS ***
Nonoines posts small blind 30
_SKR posts big blind 60
Dealt to _SKR [Jc 7c]
*** PRE-FLOP *** 
Nonoines raises 200 to 260 and is all-in
_SKR calls 200
*** FLOP *** [Ac Qh Jd]
*** TURN *** [Ac Qh Jd][6c]
*** RIVER *** [Ac Qh Jd 6c][As]
*** SHOW DOWN ***
_SKR shows [Jc 7c] (Two pairs : Aces and Jacks)
Nonoines shows [Tc Qd] (Two pairs : Aces and Queens)
Nonoines collected 520 from pot
*** SUMMARY ***
Total pot 520 | No rake
Board: [Ac Qh Jd 6c As]
Seat 2: Nonoines (small blind) (button) showed [Tc Qd] and won 520 with Two pairs : Aces and Queens
Seat 3: _SKR (big blind) showed [Jc 7c] and lost with Two pairs : Aces and Jacks


Winamax Poker - Tournament "Expresso Nitro" buyIn: 1.86€ + 0.14€ level: 4 - HandId: #2696623602232459265-20-1675090604 - Holdem no limit (30/60) - 2023/01/30 14:56:44 UTC
Table: 'Expresso Nitro(627856609)#0' 3-max (real money) Seat #3 is the button
Seat 2: Nonoines (520)
Seat 3: _SKR (380)
*** ANTE/BLINDS ***
_SKR posts small blind 30
Nonoines posts big blind 60
Dealt to _SKR [8d Qs]
*** PRE-FLOP *** 
_SKR raises 320 to 380 and is all-in
Nonoines raises 140 to 520 and is all-in
*** FLOP *** [6s Kh 5c]
*** TURN *** [6s Kh 5c][Ks]
*** RIVER *** [6s Kh 5c Ks][Td]
*** SHOW DOWN ***
_SKR shows [8d Qs] (One pair : Kings)
Nonoines shows [Kc 5d] (Full of Kings and 5)
Nonoines collected 900 from pot
*** SUMMARY ***
Total pot 900 | No rake
Board: [6s Kh 5c Ks Td]
Seat 2: Nonoines (big blind) showed [Kc 5d] and won 900 with Full of Kings and 5
Seat 3: _SKR (small blind) (button) showed [8d Qs] and lost with One pair : Kings


