Winamax Poker - Tournament "Expresso Nitro" buyIn: 1.86€ + 0.14€ level: 1 - HandId: #2696824928824459265-1-1675099539 - Holdem no limit (10/20) - 2023/01/30 17:25:39 UTC
Table: 'Expresso Nitro(627903484)#0' 3-max (real money) Seat #2 is the button
Seat 1: GarethBayle (300)
Seat 2: K.URAHARA (300)
Seat 3: _SKR (300)
*** ANTE/BLINDS ***
_SKR posts small blind 10
GarethBayle posts big blind 20
Dealt to _SKR [5s 2s]
*** PRE-FLOP *** 
K.URAHARA raises 20 to 40
_SKR folds
GarethBayle folds
K.URAHARA collected 70 from pot
*** SUMMARY ***
Total pot 70 | No rake
Seat 2: K.URAHARA (button) won 70


Winamax Poker - Tournament "Expresso Nitro" buyIn: 1.86€ + 0.14€ level: 1 - HandId: #2696824928824459265-2-1675099545 - Holdem no limit (10/20) - 2023/01/30 17:25:45 UTC
Table: 'Expresso Nitro(627903484)#0' 3-max (real money) Seat #3 is the button
Seat 1: GarethBayle (280)
Seat 2: K.URAHARA (330)
Seat 3: _SKR (290)
*** ANTE/BLINDS ***
GarethBayle posts small blind 10
K.URAHARA posts big blind 20
Dealt to _SKR [Jc 4d]
*** PRE-FLOP *** 
_SKR folds
GarethBayle calls 10
K.URAHARA checks
*** FLOP *** [Qc 7s 7d]
GarethBayle checks
K.URAHARA checks
*** TURN *** [Qc 7s 7d][6s]
GarethBayle bets 26
K.URAHARA folds
GarethBayle collected 66 from pot
*** SUMMARY ***
Total pot 66 | No rake
Board: [Qc 7s 7d 6s]
Seat 1: GarethBayle (small blind) won 66


Winamax Poker - Tournament "Expresso Nitro" buyIn: 1.86€ + 0.14€ level: 1 - HandId: #2696824928824459265-3-1675099560 - Holdem no limit (10/20) - 2023/01/30 17:26:00 UTC
Table: 'Expresso Nitro(627903484)#0' 3-max (real money) Seat #1 is the button
Seat 1: GarethBayle (300)
Seat 2: K.URAHARA (310)
Seat 3: _SKR (290)
*** ANTE/BLINDS ***
K.URAHARA posts small blind 10
_SKR posts big blind 20
Dealt to _SKR [2s 9d]
*** PRE-FLOP *** 
GarethBayle folds
K.URAHARA raises 20 to 40
_SKR folds
K.URAHARA collected 60 from pot
*** SUMMARY ***
Total pot 60 | No rake
Seat 2: K.URAHARA (small blind) won 60


Winamax Poker - Tournament "Expresso Nitro" buyIn: 1.86€ + 0.14€ level: 1 - HandId: #2696824928824459265-4-1675099568 - Holdem no limit (10/20) - 2023/01/30 17:26:08 UTC
Table: 'Expresso Nitro(627903484)#0' 3-max (real money) Seat #2 is the button
Seat 1: GarethBayle (300)
Seat 2: K.URAHARA (330)
Seat 3: _SKR (270)
*** ANTE/BLINDS ***
_SKR posts small blind 10
GarethBayle posts big blind 20
Dealt to _SKR [9d Js]
*** PRE-FLOP *** 
K.URAHARA folds
_SKR calls 10
GarethBayle checks
*** FLOP *** [Ad 7h 6s]
_SKR bets 20
GarethBayle folds
_SKR collected 60 from pot
*** SUMMARY ***
Total pot 60 | No rake
Board: [Ad 7h 6s]
Seat 3: _SKR (small blind) won 60


Winamax Poker - Tournament "Expresso Nitro" buyIn: 1.86€ + 0.14€ level: 1 - HandId: #2696824928824459265-5-1675099577 - Holdem no limit (10/20) - 2023/01/30 17:26:17 UTC
Table: 'Expresso Nitro(627903484)#0' 3-max (real money) Seat #3 is the button
Seat 1: GarethBayle (280)
Seat 2: K.URAHARA (330)
Seat 3: _SKR (290)
*** ANTE/BLINDS ***
GarethBayle posts small blind 10
K.URAHARA posts big blind 20
Dealt to _SKR [Qd 2c]
*** PRE-FLOP *** 
_SKR folds
GarethBayle raises 20 to 40
K.URAHARA folds
GarethBayle collected 60 from pot
*** SUMMARY ***
Total pot 60 | No rake
Seat 1: GarethBayle (small blind) won 60


Winamax Poker - Tournament "Expresso Nitro" buyIn: 1.86€ + 0.14€ level: 1 - HandId: #2696824928824459265-6-1675099584 - Holdem no limit (10/20) - 2023/01/30 17:26:24 UTC
Table: 'Expresso Nitro(627903484)#0' 3-max (real money) Seat #1 is the button
Seat 1: GarethBayle (300)
Seat 2: K.URAHARA (310)
Seat 3: _SKR (290)
*** ANTE/BLINDS ***
K.URAHARA posts small blind 10
_SKR posts big blind 20
Dealt to _SKR [6d Jc]
*** PRE-FLOP *** 
GarethBayle folds
K.URAHARA folds
_SKR collected 30 from pot
*** SUMMARY ***
Total pot 30 | No rake
Seat 3: _SKR (big blind) won 30


Winamax Poker - Tournament "Expresso Nitro" buyIn: 1.86€ + 0.14€ level: 1 - HandId: #2696824928824459265-7-1675099588 - Holdem no limit (10/20) - 2023/01/30 17:26:28 UTC
Table: 'Expresso Nitro(627903484)#0' 3-max (real money) Seat #2 is the button
Seat 1: GarethBayle (300)
Seat 2: K.URAHARA (300)
Seat 3: _SKR (300)
*** ANTE/BLINDS ***
_SKR posts small blind 10
GarethBayle posts big blind 20
Dealt to _SKR [7c 9s]
*** PRE-FLOP *** 
K.URAHARA folds
_SKR folds
GarethBayle collected 30 from pot
*** SUMMARY ***
Total pot 30 | No rake
Seat 1: GarethBayle (big blind) won 30


Winamax Poker - Tournament "Expresso Nitro" buyIn: 1.86€ + 0.14€ level: 1 - HandId: #2696824928824459265-8-1675099593 - Holdem no limit (10/20) - 2023/01/30 17:26:33 UTC
Table: 'Expresso Nitro(627903484)#0' 3-max (real money) Seat #3 is the button
Seat 1: GarethBayle (310)
Seat 2: K.URAHARA (300)
Seat 3: _SKR (290)
*** ANTE/BLINDS ***
GarethBayle posts small blind 10
K.URAHARA posts big blind 20
Dealt to _SKR [Kc 3s]
*** PRE-FLOP *** 
_SKR folds
GarethBayle calls 10
K.URAHARA raises 30 to 50
GarethBayle folds
K.URAHARA collected 70 from pot
*** SUMMARY ***
Total pot 70 | No rake
Seat 2: K.URAHARA (big blind) won 70


Winamax Poker - Tournament "Expresso Nitro" buyIn: 1.86€ + 0.14€ level: 2 - HandId: #2696824928824459265-9-1675099605 - Holdem no limit (15/30) - 2023/01/30 17:26:45 UTC
Table: 'Expresso Nitro(627903484)#0' 3-max (real money) Seat #1 is the button
Seat 1: GarethBayle (290)
Seat 2: K.URAHARA (320)
Seat 3: _SKR (290)
*** ANTE/BLINDS ***
K.URAHARA posts small blind 15
_SKR posts big blind 30
Dealt to _SKR [7c 9s]
*** PRE-FLOP *** 
GarethBayle folds
K.URAHARA raises 30 to 60
_SKR folds
K.URAHARA collected 90 from pot
*** SUMMARY ***
Total pot 90 | No rake
Seat 2: K.URAHARA (small blind) won 90


Winamax Poker - Tournament "Expresso Nitro" buyIn: 1.86€ + 0.14€ level: 2 - HandId: #2696824928824459265-10-1675099616 - Holdem no limit (15/30) - 2023/01/30 17:26:56 UTC
Table: 'Expresso Nitro(627903484)#0' 3-max (real money) Seat #2 is the button
Seat 1: GarethBayle (290)
Seat 2: K.URAHARA (350)
Seat 3: _SKR (260)
*** ANTE/BLINDS ***
_SKR posts small blind 15
GarethBayle posts big blind 30
Dealt to _SKR [3s 5d]
*** PRE-FLOP *** 
K.URAHARA raises 30 to 60
_SKR folds
GarethBayle folds
K.URAHARA collected 105 from pot
*** SUMMARY ***
Total pot 105 | No rake
Seat 2: K.URAHARA (button) won 105


Winamax Poker - Tournament "Expresso Nitro" buyIn: 1.86€ + 0.14€ level: 2 - HandId: #2696824928824459265-11-1675099636 - Holdem no limit (15/30) - 2023/01/30 17:27:16 UTC
Table: 'Expresso Nitro(627903484)#0' 3-max (real money) Seat #3 is the button
Seat 1: GarethBayle (260)
Seat 2: K.URAHARA (395)
Seat 3: _SKR (245)
*** ANTE/BLINDS ***
GarethBayle posts small blind 15
K.URAHARA posts big blind 30
Dealt to _SKR [Kc 6s]
*** PRE-FLOP *** 
_SKR folds
GarethBayle raises 230 to 260 and is all-in
K.URAHARA folds
GarethBayle collected 290 from pot
*** SUMMARY ***
Total pot 290 | No rake
Seat 1: GarethBayle (small blind) won 290


Winamax Poker - Tournament "Expresso Nitro" buyIn: 1.86€ + 0.14€ level: 2 - HandId: #2696824928824459265-12-1675099649 - Holdem no limit (15/30) - 2023/01/30 17:27:29 UTC
Table: 'Expresso Nitro(627903484)#0' 3-max (real money) Seat #1 is the button
Seat 1: GarethBayle (290)
Seat 2: K.URAHARA (365)
Seat 3: _SKR (245)
*** ANTE/BLINDS ***
K.URAHARA posts small blind 15
_SKR posts big blind 30
Dealt to _SKR [8s 2s]
*** PRE-FLOP *** 
GarethBayle folds
K.URAHARA raises 30 to 60
_SKR folds
K.URAHARA collected 90 from pot
*** SUMMARY ***
Total pot 90 | No rake
Seat 2: K.URAHARA (small blind) won 90


Winamax Poker - Tournament "Expresso Nitro" buyIn: 1.86€ + 0.14€ level: 3 - HandId: #2696824928824459265-13-1675099659 - Holdem no limit (20/40) - 2023/01/30 17:27:39 UTC
Table: 'Expresso Nitro(627903484)#0' 3-max (real money) Seat #2 is the button
Seat 1: GarethBayle (290)
Seat 2: K.URAHARA (395)
Seat 3: _SKR (215)
*** ANTE/BLINDS ***
_SKR posts small blind 20
GarethBayle posts big blind 40
Dealt to _SKR [8s 8h]
*** PRE-FLOP *** 
K.URAHARA folds
_SKR raises 175 to 215 and is all-in
GarethBayle folds
_SKR collected 255 from pot
*** SUMMARY ***
Total pot 255 | No rake
Seat 3: _SKR (small blind) won 255


Winamax Poker - Tournament "Expresso Nitro" buyIn: 1.86€ + 0.14€ level: 3 - HandId: #2696824928824459265-14-1675099666 - Holdem no limit (20/40) - 2023/01/30 17:27:46 UTC
Table: 'Expresso Nitro(627903484)#0' 3-max (real money) Seat #3 is the button
Seat 1: GarethBayle (250)
Seat 2: K.URAHARA (395)
Seat 3: _SKR (255)
*** ANTE/BLINDS ***
GarethBayle posts small blind 20
K.URAHARA posts big blind 40
Dealt to _SKR [7d 9d]
*** PRE-FLOP *** 
_SKR folds
GarethBayle raises 210 to 250 and is all-in
K.URAHARA folds
GarethBayle collected 290 from pot
*** SUMMARY ***
Total pot 290 | No rake
Seat 1: GarethBayle (small blind) won 290


Winamax Poker - Tournament "Expresso Nitro" buyIn: 1.86€ + 0.14€ level: 3 - HandId: #2696824928824459265-15-1675099672 - Holdem no limit (20/40) - 2023/01/30 17:27:52 UTC
Table: 'Expresso Nitro(627903484)#0' 3-max (real money) Seat #1 is the button
Seat 1: GarethBayle (290)
Seat 2: K.URAHARA (355)
Seat 3: _SKR (255)
*** ANTE/BLINDS ***
K.URAHARA posts small blind 20
_SKR posts big blind 40
Dealt to _SKR [Qc 4c]
*** PRE-FLOP *** 
GarethBayle folds
K.URAHARA folds
_SKR collected 60 from pot
*** SUMMARY ***
Total pot 60 | No rake
Seat 3: _SKR (big blind) won 60


Winamax Poker - Tournament "Expresso Nitro" buyIn: 1.86€ + 0.14€ level: 3 - HandId: #2696824928824459265-16-1675099678 - Holdem no limit (20/40) - 2023/01/30 17:27:58 UTC
Table: 'Expresso Nitro(627903484)#0' 3-max (real money) Seat #2 is the button
Seat 1: GarethBayle (290)
Seat 2: K.URAHARA (335)
Seat 3: _SKR (275)
*** ANTE/BLINDS ***
_SKR posts small blind 20
GarethBayle posts big blind 40
Dealt to _SKR [9s 7s]
*** PRE-FLOP *** 
K.URAHARA raises 295 to 335 and is all-in
_SKR folds
GarethBayle folds
K.URAHARA collected 395 from pot
*** SUMMARY ***
Total pot 395 | No rake
Seat 2: K.URAHARA (button) won 395


Winamax Poker - Tournament "Expresso Nitro" buyIn: 1.86€ + 0.14€ level: 3 - HandId: #2696824928824459265-17-1675099684 - Holdem no limit (20/40) - 2023/01/30 17:28:04 UTC
Table: 'Expresso Nitro(627903484)#0' 3-max (real money) Seat #3 is the button
Seat 1: GarethBayle (250)
Seat 2: K.URAHARA (395)
Seat 3: _SKR (255)
*** ANTE/BLINDS ***
GarethBayle posts small blind 20
K.URAHARA posts big blind 40
Dealt to _SKR [2h 5d]
*** PRE-FLOP *** 
_SKR folds
GarethBayle raises 210 to 250 and is all-in
K.URAHARA folds
GarethBayle collected 290 from pot
*** SUMMARY ***
Total pot 290 | No rake
Seat 1: GarethBayle (small blind) won 290


Winamax Poker - Tournament "Expresso Nitro" buyIn: 1.86€ + 0.14€ level: 3 - HandId: #2696824928824459265-18-1675099692 - Holdem no limit (20/40) - 2023/01/30 17:28:12 UTC
Table: 'Expresso Nitro(627903484)#0' 3-max (real money) Seat #1 is the button
Seat 1: GarethBayle (290)
Seat 2: K.URAHARA (355)
Seat 3: _SKR (255)
*** ANTE/BLINDS ***
K.URAHARA posts small blind 20
_SKR posts big blind 40
Dealt to _SKR [Qs 7c]
*** PRE-FLOP *** 
GarethBayle raises 250 to 290 and is all-in
K.URAHARA raises 65 to 355 and is all-in
_SKR folds
*** FLOP *** [8c 6c Jc]
*** TURN *** [8c 6c Jc][2h]
*** RIVER *** [8c 6c Jc 2h][5s]
*** SHOW DOWN ***
GarethBayle shows [Th Ks] (High card : King)
K.URAHARA shows [Ad 9s] (High card : Ace)
K.URAHARA collected 685 from pot
*** SUMMARY ***
Total pot 685 | No rake
Board: [8c 6c Jc 2h 5s]
Seat 1: GarethBayle (button) showed [Th Ks] and lost with High card : King
Seat 2: K.URAHARA (small blind) showed [Ad 9s] and won 685 with High card : Ace


Winamax Poker - Tournament "Expresso Nitro" buyIn: 1.86€ + 0.14€ level: 3 - HandId: #2696824928824459265-19-1675099713 - Holdem no limit (20/40) - 2023/01/30 17:28:33 UTC
Table: 'Expresso Nitro(627903484)#0' 3-max (real money) Seat #3 is the button
Seat 2: K.URAHARA (685)
Seat 3: _SKR (215)
*** ANTE/BLINDS ***
_SKR posts small blind 20
K.URAHARA posts big blind 40
Dealt to _SKR [4c 4h]
*** PRE-FLOP *** 
_SKR raises 175 to 215 and is all-in
K.URAHARA calls 175
*** FLOP *** [5d 8c Jc]
*** TURN *** [5d 8c Jc][Ts]
*** RIVER *** [5d 8c Jc Ts][Qd]
*** SHOW DOWN ***
_SKR shows [4c 4h] (One pair : 4)
K.URAHARA shows [Js Ah] (One pair : Jacks)
K.URAHARA collected 430 from pot
*** SUMMARY ***
Total pot 430 | No rake
Board: [5d 8c Jc Ts Qd]
Seat 2: K.URAHARA (big blind) showed [Js Ah] and won 430 with One pair : Jacks
Seat 3: _SKR (small blind) (button) showed [4c 4h] and lost with One pair : 4


