Winamax Poker - Tournament "Expresso Nitro" buyIn: 1.86€ + 0.14€ level: 1 - HandId: #2698173814843375617-1-1675184084 - Holdem no limit (10/20) - 2023/01/31 16:54:44 UTC
Table: 'Expresso Nitro(628217546)#0' 3-max (real money) Seat #3 is the button
Seat 1: _SKR (300)
Seat 2: Emotional D. (300)
Seat 3: Annulaire (300)
*** ANTE/BLINDS ***
_SKR posts small blind 10
Emotional D. posts big blind 20
Dealt to _SKR [3s Td]
*** PRE-FLOP *** 
Annulaire folds
_SKR folds
Emotional D. collected 30 from pot
*** SUMMARY ***
Total pot 30 | No rake
Seat 2: Emotional D. (big blind) won 30


Winamax Poker - Tournament "Expresso Nitro" buyIn: 1.86€ + 0.14€ level: 1 - HandId: #2698173814843375617-2-1675184090 - Holdem no limit (10/20) - 2023/01/31 16:54:50 UTC
Table: 'Expresso Nitro(628217546)#0' 3-max (real money) Seat #1 is the button
Seat 1: _SKR (290)
Seat 2: Emotional D. (310)
Seat 3: Annulaire (300)
*** ANTE/BLINDS ***
Emotional D. posts small blind 10
Annulaire posts big blind 20
Dealt to _SKR [6h Qd]
*** PRE-FLOP *** 
_SKR folds
Emotional D. raises 40 to 60
Annulaire calls 40
*** FLOP *** [2c 5s Qh]
Emotional D. checks
Annulaire checks
*** TURN *** [2c 5s Qh][Ks]
Emotional D. bets 30
Annulaire raises 210 to 240 and is all-in
Emotional D. folds
Annulaire collected 390 from pot
*** SUMMARY ***
Total pot 390 | No rake
Board: [2c 5s Qh Ks]
Seat 3: Annulaire (big blind) won 390


Winamax Poker - Tournament "Expresso Nitro" buyIn: 1.86€ + 0.14€ level: 1 - HandId: #2698173814843375617-3-1675184109 - Holdem no limit (10/20) - 2023/01/31 16:55:09 UTC
Table: 'Expresso Nitro(628217546)#0' 3-max (real money) Seat #2 is the button
Seat 1: _SKR (290)
Seat 2: Emotional D. (220)
Seat 3: Annulaire (390)
*** ANTE/BLINDS ***
Annulaire posts small blind 10
_SKR posts big blind 20
Dealt to _SKR [9c 4d]
*** PRE-FLOP *** 
Emotional D. folds
Annulaire folds
_SKR collected 30 from pot
*** SUMMARY ***
Total pot 30 | No rake
Seat 1: _SKR (big blind) won 30


Winamax Poker - Tournament "Expresso Nitro" buyIn: 1.86€ + 0.14€ level: 1 - HandId: #2698173814843375617-4-1675184113 - Holdem no limit (10/20) - 2023/01/31 16:55:13 UTC
Table: 'Expresso Nitro(628217546)#0' 3-max (real money) Seat #3 is the button
Seat 1: _SKR (300)
Seat 2: Emotional D. (220)
Seat 3: Annulaire (380)
*** ANTE/BLINDS ***
_SKR posts small blind 10
Emotional D. posts big blind 20
Dealt to _SKR [Ts Qc]
*** PRE-FLOP *** 
Annulaire raises 360 to 380 and is all-in
_SKR folds
Emotional D. folds
Annulaire collected 410 from pot
*** SUMMARY ***
Total pot 410 | No rake
Seat 3: Annulaire (button) won 410


Winamax Poker - Tournament "Expresso Nitro" buyIn: 1.86€ + 0.14€ level: 1 - HandId: #2698173814843375617-5-1675184120 - Holdem no limit (10/20) - 2023/01/31 16:55:20 UTC
Table: 'Expresso Nitro(628217546)#0' 3-max (real money) Seat #1 is the button
Seat 1: _SKR (290)
Seat 2: Emotional D. (200)
Seat 3: Annulaire (410)
*** ANTE/BLINDS ***
Emotional D. posts small blind 10
Annulaire posts big blind 20
Dealt to _SKR [6s 6h]
*** PRE-FLOP *** 
_SKR raises 270 to 290 and is all-in
Emotional D. folds
Annulaire folds
_SKR collected 320 from pot
*** SUMMARY ***
Total pot 320 | No rake
Seat 1: _SKR (button) won 320


Winamax Poker - Tournament "Expresso Nitro" buyIn: 1.86€ + 0.14€ level: 1 - HandId: #2698173814843375617-6-1675184127 - Holdem no limit (10/20) - 2023/01/31 16:55:27 UTC
Table: 'Expresso Nitro(628217546)#0' 3-max (real money) Seat #2 is the button
Seat 1: _SKR (320)
Seat 2: Emotional D. (190)
Seat 3: Annulaire (390)
*** ANTE/BLINDS ***
Annulaire posts small blind 10
_SKR posts big blind 20
Dealt to _SKR [Js 8d]
*** PRE-FLOP *** 
Emotional D. folds
Annulaire folds
_SKR collected 30 from pot
*** SUMMARY ***
Total pot 30 | No rake
Seat 1: _SKR (big blind) won 30


Winamax Poker - Tournament "Expresso Nitro" buyIn: 1.86€ + 0.14€ level: 1 - HandId: #2698173814843375617-7-1675184132 - Holdem no limit (10/20) - 2023/01/31 16:55:32 UTC
Table: 'Expresso Nitro(628217546)#0' 3-max (real money) Seat #3 is the button
Seat 1: _SKR (330)
Seat 2: Emotional D. (190)
Seat 3: Annulaire (380)
*** ANTE/BLINDS ***
_SKR posts small blind 10
Emotional D. posts big blind 20
Dealt to _SKR [7h Ks]
*** PRE-FLOP *** 
Annulaire folds
_SKR raises 310 to 330 and is all-in
Emotional D. folds
_SKR collected 350 from pot
*** SUMMARY ***
Total pot 350 | No rake
Seat 1: _SKR (small blind) won 350


Winamax Poker - Tournament "Expresso Nitro" buyIn: 1.86€ + 0.14€ level: 2 - HandId: #2698173814843375617-8-1675184140 - Holdem no limit (15/30) - 2023/01/31 16:55:40 UTC
Table: 'Expresso Nitro(628217546)#0' 3-max (real money) Seat #1 is the button
Seat 1: _SKR (350)
Seat 2: Emotional D. (170)
Seat 3: Annulaire (380)
*** ANTE/BLINDS ***
Emotional D. posts small blind 15
Annulaire posts big blind 30
Dealt to _SKR [9c 2d]
*** PRE-FLOP *** 
_SKR folds
Emotional D. folds
Annulaire collected 45 from pot
*** SUMMARY ***
Total pot 45 | No rake
Seat 3: Annulaire (big blind) won 45


Winamax Poker - Tournament "Expresso Nitro" buyIn: 1.86€ + 0.14€ level: 2 - HandId: #2698173814843375617-9-1675184157 - Holdem no limit (15/30) - 2023/01/31 16:55:57 UTC
Table: 'Expresso Nitro(628217546)#0' 3-max (real money) Seat #2 is the button
Seat 1: _SKR (350)
Seat 2: Emotional D. (155)
Seat 3: Annulaire (395)
*** ANTE/BLINDS ***
Annulaire posts small blind 15
_SKR posts big blind 30
Dealt to _SKR [Qh 9h]
*** PRE-FLOP *** 
Emotional D. raises 125 to 155 and is all-in
Annulaire folds
_SKR calls 125
*** FLOP *** [2h Th Qs]
*** TURN *** [2h Th Qs][Jh]
*** RIVER *** [2h Th Qs Jh][2s]
*** SHOW DOWN ***
Emotional D. shows [Ac 6d] (One pair : 2)
_SKR shows [Qh 9h] (Flush Queen high)
_SKR collected 325 from pot
*** SUMMARY ***
Total pot 325 | No rake
Board: [2h Th Qs Jh 2s]
Seat 1: _SKR (big blind) showed [Qh 9h] and won 325 with Flush Queen high
Seat 2: Emotional D. (button) showed [Ac 6d] and lost with One pair : 2


Winamax Poker - Tournament "Expresso Nitro" buyIn: 1.86€ + 0.14€ level: 2 - HandId: #2698173814843375617-10-1675184175 - Holdem no limit (15/30) - 2023/01/31 16:56:15 UTC
Table: 'Expresso Nitro(628217546)#0' 3-max (real money) Seat #1 is the button
Seat 1: _SKR (520)
Seat 3: Annulaire (380)
*** ANTE/BLINDS ***
_SKR posts small blind 15
Annulaire posts big blind 30
Dealt to _SKR [8h Tc]
*** PRE-FLOP *** 
_SKR folds
Annulaire collected 45 from pot
*** SUMMARY ***
Total pot 45 | No rake
Seat 3: Annulaire (big blind) won 45


Winamax Poker - Tournament "Expresso Nitro" buyIn: 1.86€ + 0.14€ level: 2 - HandId: #2698173814843375617-11-1675184178 - Holdem no limit (15/30) - 2023/01/31 16:56:18 UTC
Table: 'Expresso Nitro(628217546)#0' 3-max (real money) Seat #3 is the button
Seat 1: _SKR (505)
Seat 3: Annulaire (395)
*** ANTE/BLINDS ***
Annulaire posts small blind 15
_SKR posts big blind 30
Dealt to _SKR [Qs Ts]
*** PRE-FLOP *** 
Annulaire raises 45 to 75
_SKR raises 430 to 505 and is all-in
Annulaire calls 320 and is all-in
*** FLOP *** [6c 4s 6d]
*** TURN *** [6c 4s 6d][4c]
*** RIVER *** [6c 4s 6d 4c][7c]
*** SHOW DOWN ***
_SKR shows [Qs Ts] (Two pairs : 6 and 4)
Annulaire shows [Ac Ah] (Two pairs : Aces and 6)
Annulaire collected 790 from main pot
_SKR collected 110 from side pot 1
*** SUMMARY ***
Total pot 900 | No rake
Board: [6c 4s 6d 4c 7c]
Seat 1: _SKR (big blind) showed [Qs Ts] and won 110 with Two pairs : 6 and 4
Seat 3: Annulaire (small blind) (button) showed [Ac Ah] and won 790 with Two pairs : Aces and 6


Winamax Poker - Tournament "Expresso Nitro" buyIn: 1.86€ + 0.14€ level: 2 - HandId: #2698173814843375617-12-1675184195 - Holdem no limit (15/30) - 2023/01/31 16:56:35 UTC
Table: 'Expresso Nitro(628217546)#0' 3-max (real money) Seat #1 is the button
Seat 1: _SKR (110)
Seat 3: Annulaire (790)
*** ANTE/BLINDS ***
_SKR posts small blind 15
Annulaire posts big blind 30
Dealt to _SKR [Ah 6s]
*** PRE-FLOP *** 
_SKR raises 80 to 110 and is all-in
Annulaire calls 80
*** FLOP *** [3c 5d Qh]
*** TURN *** [3c 5d Qh][8c]
*** RIVER *** [3c 5d Qh 8c][Qd]
*** SHOW DOWN ***
Annulaire shows [6h 7c] (One pair : Queens)
_SKR shows [Ah 6s] (One pair : Queens)
_SKR collected 220 from pot
*** SUMMARY ***
Total pot 220 | No rake
Board: [3c 5d Qh 8c Qd]
Seat 1: _SKR (small blind) (button) showed [Ah 6s] and won 220 with One pair : Queens
Seat 3: Annulaire (big blind) showed [6h 7c] and lost with One pair : Queens


Winamax Poker - Tournament "Expresso Nitro" buyIn: 1.86€ + 0.14€ level: 3 - HandId: #2698173814843375617-13-1675184210 - Holdem no limit (20/40) - 2023/01/31 16:56:50 UTC
Table: 'Expresso Nitro(628217546)#0' 3-max (real money) Seat #3 is the button
Seat 1: _SKR (220)
Seat 3: Annulaire (680)
*** ANTE/BLINDS ***
Annulaire posts small blind 20
_SKR posts big blind 40
Dealt to _SKR [Qd As]
*** PRE-FLOP *** 
Annulaire folds
_SKR collected 60 from pot
*** SUMMARY ***
Total pot 60 | No rake
Seat 1: _SKR (big blind) won 60


Winamax Poker - Tournament "Expresso Nitro" buyIn: 1.86€ + 0.14€ level: 3 - HandId: #2698173814843375617-14-1675184213 - Holdem no limit (20/40) - 2023/01/31 16:56:53 UTC
Table: 'Expresso Nitro(628217546)#0' 3-max (real money) Seat #1 is the button
Seat 1: _SKR (240)
Seat 3: Annulaire (660)
*** ANTE/BLINDS ***
_SKR posts small blind 20
Annulaire posts big blind 40
Dealt to _SKR [9d 7h]
*** PRE-FLOP *** 
_SKR folds
Annulaire collected 60 from pot
*** SUMMARY ***
Total pot 60 | No rake
Seat 3: Annulaire (big blind) won 60


Winamax Poker - Tournament "Expresso Nitro" buyIn: 1.86€ + 0.14€ level: 3 - HandId: #2698173814843375617-15-1675184216 - Holdem no limit (20/40) - 2023/01/31 16:56:56 UTC
Table: 'Expresso Nitro(628217546)#0' 3-max (real money) Seat #3 is the button
Seat 1: _SKR (220)
Seat 3: Annulaire (680)
*** ANTE/BLINDS ***
Annulaire posts small blind 20
_SKR posts big blind 40
Dealt to _SKR [7h Kd]
*** PRE-FLOP *** 
Annulaire raises 640 to 680 and is all-in
_SKR calls 180 and is all-in
*** FLOP *** [9s 6s 8c]
*** TURN *** [9s 6s 8c][7c]
*** RIVER *** [9s 6s 8c 7c][2s]
*** SHOW DOWN ***
_SKR shows [7h Kd] (One pair : 7)
Annulaire shows [Qc 9d] (One pair : 9)
Annulaire collected 900 from pot
*** SUMMARY ***
Total pot 900 | No rake
Board: [9s 6s 8c 7c 2s]
Seat 1: _SKR (big blind) showed [7h Kd] and lost with One pair : 7
Seat 3: Annulaire (small blind) (button) showed [Qc 9d] and won 900 with One pair : 9


