Winamax Poker - Tournament "Expresso Nitro" buyIn: 1.86€ + 0.14€ level: 1 - HandId: #2695160212385431553-1-1674997197 - Holdem no limit (10/20) - 2023/01/29 12:59:57 UTC
Table: 'Expresso Nitro(627515887)#0' 3-max (real money) Seat #1 is the button
Seat 1: bariskayseri (300)
Seat 2: _SKR (300)
Seat 3: FwBerws (300)
*** ANTE/BLINDS ***
_SKR posts small blind 10
FwBerws posts big blind 20
Dealt to _SKR [5c 9c]
*** PRE-FLOP *** 
bariskayseri raises 280 to 300 and is all-in
_SKR folds
FwBerws folds
bariskayseri collected 330 from pot
*** SUMMARY ***
Total pot 330 | No rake
Seat 1: bariskayseri (button) won 330


Winamax Poker - Tournament "Expresso Nitro" buyIn: 1.86€ + 0.14€ level: 1 - HandId: #2695160212385431553-2-1674997214 - Holdem no limit (10/20) - 2023/01/29 13:00:14 UTC
Table: 'Expresso Nitro(627515887)#0' 3-max (real money) Seat #2 is the button
Seat 1: bariskayseri (330)
Seat 2: _SKR (290)
Seat 3: FwBerws (280)
*** ANTE/BLINDS ***
FwBerws posts small blind 10
bariskayseri posts big blind 20
Dealt to _SKR [4d Jh]
*** PRE-FLOP *** 
_SKR folds
FwBerws raises 260 to 280 and is all-in
bariskayseri raises 50 to 330 and is all-in
*** FLOP *** [3d 6h 5s]
*** TURN *** [3d 6h 5s][Qh]
*** RIVER *** [3d 6h 5s Qh][4h]
*** SHOW DOWN ***
bariskayseri shows [As Jc] (High card : Ace)
FwBerws shows [Ac 3c] (One pair : 3)
FwBerws collected 560 from main pot
bariskayseri collected 50 from side pot 1
*** SUMMARY ***
Total pot 610 | No rake
Board: [3d 6h 5s Qh 4h]
Seat 1: bariskayseri (big blind) showed [As Jc] and won 50 with High card : Ace
Seat 3: FwBerws (small blind) showed [Ac 3c] and won 560 with One pair : 3


Winamax Poker - Tournament "Expresso Nitro" buyIn: 1.86€ + 0.14€ level: 1 - HandId: #2695160212385431553-3-1674997231 - Holdem no limit (10/20) - 2023/01/29 13:00:31 UTC
Table: 'Expresso Nitro(627515887)#0' 3-max (real money) Seat #3 is the button
Seat 1: bariskayseri (50)
Seat 2: _SKR (290)
Seat 3: FwBerws (560)
*** ANTE/BLINDS ***
bariskayseri posts small blind 10
_SKR posts big blind 20
Dealt to _SKR [As Kc]
*** PRE-FLOP *** 
FwBerws folds
bariskayseri raises 30 to 50 and is all-in
_SKR raises 30 to 80
*** FLOP *** [4h 8h 6h]
*** TURN *** [4h 8h 6h][Qc]
*** RIVER *** [4h 8h 6h Qc][Ad]
*** SHOW DOWN ***
bariskayseri shows [Kh 9d] (High card : Ace)
_SKR shows [As Kc] (One pair : Aces)
_SKR collected 130 from pot
*** SUMMARY ***
Total pot 130 | No rake
Board: [4h 8h 6h Qc Ad]
Seat 1: bariskayseri (small blind) showed [Kh 9d] and lost with High card : Ace
Seat 2: _SKR (big blind) showed [As Kc] and won 130 with One pair : Aces


Winamax Poker - Tournament "Expresso Nitro" buyIn: 1.86€ + 0.14€ level: 1 - HandId: #2695160212385431553-4-1674997250 - Holdem no limit (10/20) - 2023/01/29 13:00:50 UTC
Table: 'Expresso Nitro(627515887)#0' 3-max (real money) Seat #2 is the button
Seat 2: _SKR (340)
Seat 3: FwBerws (560)
*** ANTE/BLINDS ***
_SKR posts small blind 10
FwBerws posts big blind 20
Dealt to _SKR [5h Qd]
*** PRE-FLOP *** 
_SKR folds
FwBerws collected 30 from pot
*** SUMMARY ***
Total pot 30 | No rake
Seat 3: FwBerws (big blind) won 30


Winamax Poker - Tournament "Expresso Nitro" buyIn: 1.86€ + 0.14€ level: 2 - HandId: #2695160212385431553-5-1674997254 - Holdem no limit (15/30) - 2023/01/29 13:00:54 UTC
Table: 'Expresso Nitro(627515887)#0' 3-max (real money) Seat #3 is the button
Seat 2: _SKR (330)
Seat 3: FwBerws (570)
*** ANTE/BLINDS ***
FwBerws posts small blind 15
_SKR posts big blind 30
Dealt to _SKR [6d Th]
*** PRE-FLOP *** 
FwBerws folds
_SKR collected 45 from pot
*** SUMMARY ***
Total pot 45 | No rake
Seat 2: _SKR (big blind) won 45


Winamax Poker - Tournament "Expresso Nitro" buyIn: 1.86€ + 0.14€ level: 2 - HandId: #2695160212385431553-6-1674997260 - Holdem no limit (15/30) - 2023/01/29 13:01:00 UTC
Table: 'Expresso Nitro(627515887)#0' 3-max (real money) Seat #2 is the button
Seat 2: _SKR (345)
Seat 3: FwBerws (555)
*** ANTE/BLINDS ***
_SKR posts small blind 15
FwBerws posts big blind 30
Dealt to _SKR [4h As]
*** PRE-FLOP *** 
_SKR raises 315 to 345 and is all-in
FwBerws folds
_SKR collected 375 from pot
*** SUMMARY ***
Total pot 375 | No rake
Seat 2: _SKR (small blind) (button) won 375


Winamax Poker - Tournament "Expresso Nitro" buyIn: 1.86€ + 0.14€ level: 2 - HandId: #2695160212385431553-7-1674997266 - Holdem no limit (15/30) - 2023/01/29 13:01:06 UTC
Table: 'Expresso Nitro(627515887)#0' 3-max (real money) Seat #3 is the button
Seat 2: _SKR (375)
Seat 3: FwBerws (525)
*** ANTE/BLINDS ***
FwBerws posts small blind 15
_SKR posts big blind 30
Dealt to _SKR [Ah 2c]
*** PRE-FLOP *** 
FwBerws folds
_SKR collected 45 from pot
*** SUMMARY ***
Total pot 45 | No rake
Seat 2: _SKR (big blind) won 45


Winamax Poker - Tournament "Expresso Nitro" buyIn: 1.86€ + 0.14€ level: 2 - HandId: #2695160212385431553-8-1674997271 - Holdem no limit (15/30) - 2023/01/29 13:01:11 UTC
Table: 'Expresso Nitro(627515887)#0' 3-max (real money) Seat #2 is the button
Seat 2: _SKR (390)
Seat 3: FwBerws (510)
*** ANTE/BLINDS ***
_SKR posts small blind 15
FwBerws posts big blind 30
Dealt to _SKR [3d Jc]
*** PRE-FLOP *** 
_SKR folds
FwBerws collected 45 from pot
*** SUMMARY ***
Total pot 45 | No rake
Seat 3: FwBerws (big blind) won 45


Winamax Poker - Tournament "Expresso Nitro" buyIn: 1.86€ + 0.14€ level: 2 - HandId: #2695160212385431553-9-1674997274 - Holdem no limit (15/30) - 2023/01/29 13:01:14 UTC
Table: 'Expresso Nitro(627515887)#0' 3-max (real money) Seat #3 is the button
Seat 2: _SKR (375)
Seat 3: FwBerws (525)
*** ANTE/BLINDS ***
FwBerws posts small blind 15
_SKR posts big blind 30
Dealt to _SKR [Jh 5c]
*** PRE-FLOP *** 
FwBerws folds
_SKR collected 45 from pot
*** SUMMARY ***
Total pot 45 | No rake
Seat 2: _SKR (big blind) won 45


Winamax Poker - Tournament "Expresso Nitro" buyIn: 1.86€ + 0.14€ level: 2 - HandId: #2695160212385431553-10-1674997286 - Holdem no limit (15/30) - 2023/01/29 13:01:26 UTC
Table: 'Expresso Nitro(627515887)#0' 3-max (real money) Seat #2 is the button
Seat 2: _SKR (390)
Seat 3: FwBerws (510)
*** ANTE/BLINDS ***
_SKR posts small blind 15
FwBerws posts big blind 30
Dealt to _SKR [Jh Qd]
*** PRE-FLOP *** 
_SKR raises 360 to 390 and is all-in
FwBerws folds
_SKR collected 420 from pot
*** SUMMARY ***
Total pot 420 | No rake
Seat 2: _SKR (small blind) (button) won 420


Winamax Poker - Tournament "Expresso Nitro" buyIn: 1.86€ + 0.14€ level: 2 - HandId: #2695160212385431553-11-1674997293 - Holdem no limit (15/30) - 2023/01/29 13:01:33 UTC
Table: 'Expresso Nitro(627515887)#0' 3-max (real money) Seat #3 is the button
Seat 2: _SKR (420)
Seat 3: FwBerws (480)
*** ANTE/BLINDS ***
FwBerws posts small blind 15
_SKR posts big blind 30
Dealt to _SKR [Ac 8c]
*** PRE-FLOP *** 
FwBerws raises 450 to 480 and is all-in
_SKR calls 390 and is all-in
*** FLOP *** [Kh 3h Js]
*** TURN *** [Kh 3h Js][3d]
*** RIVER *** [Kh 3h Js 3d][7h]
*** SHOW DOWN ***
_SKR shows [Ac 8c] (One pair : 3)
FwBerws shows [Ks Qc] (Two pairs : Kings and 3)
FwBerws collected 900 from pot
*** SUMMARY ***
Total pot 900 | No rake
Board: [Kh 3h Js 3d 7h]
Seat 2: _SKR (big blind) showed [Ac 8c] and lost with One pair : 3
Seat 3: FwBerws (small blind) (button) showed [Ks Qc] and won 900 with Two pairs : Kings and 3


