Winamax Poker - Tournament "Expresso Nitro" buyIn: 1.86€ + 0.14€ level: 1 - HandId: #2698117189994545153-1-1675181442 - Holdem no limit (10/20) - 2023/01/31 16:10:42 UTC
Table: 'Expresso Nitro(628204362)#0' 3-max (real money) Seat #1 is the button
Seat 1: Gatoconbota (300)
Seat 2: MrJoyman (300)
Seat 3: _SKR (300)
*** ANTE/BLINDS ***
MrJoyman posts small blind 10
_SKR posts big blind 20
Dealt to _SKR [2c Ah]
*** PRE-FLOP *** 
Gatoconbota folds
MrJoyman raises 20 to 40
_SKR raises 260 to 300 and is all-in
MrJoyman folds
_SKR collected 340 from pot
*** SUMMARY ***
Total pot 340 | No rake
Seat 3: _SKR (big blind) won 340


Winamax Poker - Tournament "Expresso Nitro" buyIn: 1.86€ + 0.14€ level: 1 - HandId: #2698117189994545153-2-1675181462 - Holdem no limit (10/20) - 2023/01/31 16:11:02 UTC
Table: 'Expresso Nitro(628204362)#0' 3-max (real money) Seat #2 is the button
Seat 1: Gatoconbota (300)
Seat 2: MrJoyman (260)
Seat 3: _SKR (340)
*** ANTE/BLINDS ***
_SKR posts small blind 10
Gatoconbota posts big blind 20
Dealt to _SKR [3h 6s]
*** PRE-FLOP *** 
MrJoyman folds
_SKR folds
Gatoconbota collected 30 from pot
*** SUMMARY ***
Total pot 30 | No rake
Seat 1: Gatoconbota (big blind) won 30


Winamax Poker - Tournament "Expresso Nitro" buyIn: 1.86€ + 0.14€ level: 1 - HandId: #2698117189994545153-3-1675181467 - Holdem no limit (10/20) - 2023/01/31 16:11:07 UTC
Table: 'Expresso Nitro(628204362)#0' 3-max (real money) Seat #3 is the button
Seat 1: Gatoconbota (310)
Seat 2: MrJoyman (260)
Seat 3: _SKR (330)
*** ANTE/BLINDS ***
Gatoconbota posts small blind 10
MrJoyman posts big blind 20
Dealt to _SKR [4d Ts]
*** PRE-FLOP *** 
_SKR folds
Gatoconbota raises 30 to 50
MrJoyman calls 30
*** FLOP *** [3s Jc 2d]
Gatoconbota checks
MrJoyman bets 50
Gatoconbota folds
MrJoyman collected 150 from pot
*** SUMMARY ***
Total pot 150 | No rake
Board: [3s Jc 2d]
Seat 2: MrJoyman (big blind) won 150


Winamax Poker - Tournament "Expresso Nitro" buyIn: 1.86€ + 0.14€ level: 1 - HandId: #2698117189994545153-4-1675181489 - Holdem no limit (10/20) - 2023/01/31 16:11:29 UTC
Table: 'Expresso Nitro(628204362)#0' 3-max (real money) Seat #1 is the button
Seat 1: Gatoconbota (260)
Seat 2: MrJoyman (310)
Seat 3: _SKR (330)
*** ANTE/BLINDS ***
MrJoyman posts small blind 10
_SKR posts big blind 20
Dealt to _SKR [Js 8h]
*** PRE-FLOP *** 
Gatoconbota folds
MrJoyman raises 290 to 310 and is all-in
_SKR folds
MrJoyman collected 330 from pot
*** SUMMARY ***
Total pot 330 | No rake
Seat 2: MrJoyman (small blind) won 330


Winamax Poker - Tournament "Expresso Nitro" buyIn: 1.86€ + 0.14€ level: 1 - HandId: #2698117189994545153-5-1675181496 - Holdem no limit (10/20) - 2023/01/31 16:11:36 UTC
Table: 'Expresso Nitro(628204362)#0' 3-max (real money) Seat #2 is the button
Seat 1: Gatoconbota (260)
Seat 2: MrJoyman (330)
Seat 3: _SKR (310)
*** ANTE/BLINDS ***
_SKR posts small blind 10
Gatoconbota posts big blind 20
Dealt to _SKR [Ah 3c]
*** PRE-FLOP *** 
MrJoyman folds
_SKR raises 290 to 310 and is all-in
Gatoconbota folds
_SKR collected 330 from pot
*** SUMMARY ***
Total pot 330 | No rake
Seat 3: _SKR (small blind) won 330


Winamax Poker - Tournament "Expresso Nitro" buyIn: 1.86€ + 0.14€ level: 2 - HandId: #2698117189994545153-6-1675181515 - Holdem no limit (15/30) - 2023/01/31 16:11:55 UTC
Table: 'Expresso Nitro(628204362)#0' 3-max (real money) Seat #3 is the button
Seat 1: Gatoconbota (240)
Seat 2: MrJoyman (330)
Seat 3: _SKR (330)
*** ANTE/BLINDS ***
Gatoconbota posts small blind 15
MrJoyman posts big blind 30
Dealt to _SKR [8h 9h]
*** PRE-FLOP *** 
_SKR folds
Gatoconbota raises 38 to 68
MrJoyman raises 262 to 330 and is all-in
Gatoconbota calls 172 and is all-in
*** FLOP *** [4h 6d Th]
*** TURN *** [4h 6d Th][Qd]
*** RIVER *** [4h 6d Th Qd][Tc]
*** SHOW DOWN ***
Gatoconbota shows [3d Kd] (One pair : Tens)
MrJoyman shows [Jd Js] (Two pairs : Jacks and Tens)
MrJoyman collected 570 from pot
*** SUMMARY ***
Total pot 570 | No rake
Board: [4h 6d Th Qd Tc]
Seat 1: Gatoconbota (small blind) showed [3d Kd] and lost with One pair : Tens
Seat 2: MrJoyman (big blind) showed [Jd Js] and won 570 with Two pairs : Jacks and Tens


Winamax Poker - Tournament "Expresso Nitro" buyIn: 1.86€ + 0.14€ level: 2 - HandId: #2698117189994545153-7-1675181539 - Holdem no limit (15/30) - 2023/01/31 16:12:19 UTC
Table: 'Expresso Nitro(628204362)#0' 3-max (real money) Seat #2 is the button
Seat 2: MrJoyman (570)
Seat 3: _SKR (330)
*** ANTE/BLINDS ***
MrJoyman posts small blind 15
_SKR posts big blind 30
Dealt to _SKR [Ks Jd]
*** PRE-FLOP *** 
MrJoyman calls 15
_SKR raises 300 to 330 and is all-in
MrJoyman calls 300
*** FLOP *** [Qc 8s 2s]
*** TURN *** [Qc 8s 2s][Jh]
*** RIVER *** [Qc 8s 2s Jh][5d]
*** SHOW DOWN ***
MrJoyman shows [7d Ts] (High card : Queen)
_SKR shows [Ks Jd] (One pair : Jacks)
_SKR collected 660 from pot
*** SUMMARY ***
Total pot 660 | No rake
Board: [Qc 8s 2s Jh 5d]
Seat 2: MrJoyman (small blind) (button) showed [7d Ts] and lost with High card : Queen
Seat 3: _SKR (big blind) showed [Ks Jd] and won 660 with One pair : Jacks


Winamax Poker - Tournament "Expresso Nitro" buyIn: 1.86€ + 0.14€ level: 3 - HandId: #2698117189994545153-8-1675181561 - Holdem no limit (20/40) - 2023/01/31 16:12:41 UTC
Table: 'Expresso Nitro(628204362)#0' 3-max (real money) Seat #3 is the button
Seat 2: MrJoyman (240)
Seat 3: _SKR (660)
*** ANTE/BLINDS ***
_SKR posts small blind 20
MrJoyman posts big blind 40
Dealt to _SKR [3s Ts]
*** PRE-FLOP *** 
_SKR folds
MrJoyman collected 60 from pot
*** SUMMARY ***
Total pot 60 | No rake
Seat 2: MrJoyman (big blind) won 60


Winamax Poker - Tournament "Expresso Nitro" buyIn: 1.86€ + 0.14€ level: 3 - HandId: #2698117189994545153-9-1675181564 - Holdem no limit (20/40) - 2023/01/31 16:12:44 UTC
Table: 'Expresso Nitro(628204362)#0' 3-max (real money) Seat #2 is the button
Seat 2: MrJoyman (260)
Seat 3: _SKR (640)
*** ANTE/BLINDS ***
MrJoyman posts small blind 20
_SKR posts big blind 40
Dealt to _SKR [5c 2s]
*** PRE-FLOP *** 
MrJoyman calls 20
_SKR checks
*** FLOP *** [As 6s Td]
_SKR checks
MrJoyman bets 40
_SKR folds
MrJoyman collected 120 from pot
*** SUMMARY ***
Total pot 120 | No rake
Board: [As 6s Td]
Seat 2: MrJoyman (small blind) (button) won 120


Winamax Poker - Tournament "Expresso Nitro" buyIn: 1.86€ + 0.14€ level: 3 - HandId: #2698117189994545153-10-1675181581 - Holdem no limit (20/40) - 2023/01/31 16:13:01 UTC
Table: 'Expresso Nitro(628204362)#0' 3-max (real money) Seat #3 is the button
Seat 2: MrJoyman (300)
Seat 3: _SKR (600)
*** ANTE/BLINDS ***
_SKR posts small blind 20
MrJoyman posts big blind 40
Dealt to _SKR [Ac 7h]
*** PRE-FLOP *** 
_SKR raises 560 to 600 and is all-in
MrJoyman folds
_SKR collected 640 from pot
*** SUMMARY ***
Total pot 640 | No rake
Seat 3: _SKR (small blind) (button) won 640


Winamax Poker - Tournament "Expresso Nitro" buyIn: 1.86€ + 0.14€ level: 3 - HandId: #2698117189994545153-11-1675181591 - Holdem no limit (20/40) - 2023/01/31 16:13:11 UTC
Table: 'Expresso Nitro(628204362)#0' 3-max (real money) Seat #2 is the button
Seat 2: MrJoyman (260)
Seat 3: _SKR (640)
*** ANTE/BLINDS ***
MrJoyman posts small blind 20
_SKR posts big blind 40
Dealt to _SKR [8s 3d]
*** PRE-FLOP *** 
MrJoyman raises 220 to 260 and is all-in
_SKR folds
MrJoyman collected 300 from pot
*** SUMMARY ***
Total pot 300 | No rake
Seat 2: MrJoyman (small blind) (button) won 300


Winamax Poker - Tournament "Expresso Nitro" buyIn: 1.86€ + 0.14€ level: 3 - HandId: #2698117189994545153-12-1675181599 - Holdem no limit (20/40) - 2023/01/31 16:13:19 UTC
Table: 'Expresso Nitro(628204362)#0' 3-max (real money) Seat #3 is the button
Seat 2: MrJoyman (300)
Seat 3: _SKR (600)
*** ANTE/BLINDS ***
_SKR posts small blind 20
MrJoyman posts big blind 40
Dealt to _SKR [5d 8h]
*** PRE-FLOP *** 
_SKR folds
MrJoyman collected 60 from pot
*** SUMMARY ***
Total pot 60 | No rake
Seat 2: MrJoyman (big blind) won 60


Winamax Poker - Tournament "Expresso Nitro" buyIn: 1.86€ + 0.14€ level: 3 - HandId: #2698117189994545153-13-1675181603 - Holdem no limit (20/40) - 2023/01/31 16:13:23 UTC
Table: 'Expresso Nitro(628204362)#0' 3-max (real money) Seat #2 is the button
Seat 2: MrJoyman (320)
Seat 3: _SKR (580)
*** ANTE/BLINDS ***
MrJoyman posts small blind 20
_SKR posts big blind 40
Dealt to _SKR [Ac Ad]
*** PRE-FLOP *** 
MrJoyman raises 280 to 320 and is all-in
_SKR raises 260 to 580 and is all-in
*** FLOP *** [Js 2d 3h]
*** TURN *** [Js 2d 3h][3s]
*** RIVER *** [Js 2d 3h 3s][6c]
*** SHOW DOWN ***
MrJoyman shows [8h Kc] (One pair : 3)
_SKR shows [Ac Ad] (Two pairs : Aces and 3)
_SKR collected 900 from pot
*** SUMMARY ***
Total pot 900 | No rake
Board: [Js 2d 3h 3s 6c]
Seat 2: MrJoyman (small blind) (button) showed [8h Kc] and lost with One pair : 3
Seat 3: _SKR (big blind) showed [Ac Ad] and won 900 with Two pairs : Aces and 3


