Winamax Poker - Tournament "Expresso Nitro" buyIn: 0.93€ + 0.07€ level: 1 - HandId: #2718709144407244801-1-1676296596 - Holdem no limit (10/20) - 2023/02/13 13:56:36 UTC
Table: 'Expresso Nitro(632998800)#0' 3-max (real money) Seat #1 is the button
Seat 1: _SKR (300)
Seat 2: EddardStack (300)
Seat 3: NiKOuMOuK 54 (300)
*** ANTE/BLINDS ***
EddardStack posts small blind 10
NiKOuMOuK 54 posts big blind 20
Dealt to _SKR [4s 9s]
*** PRE-FLOP *** 
_SKR folds
EddardStack calls 10
NiKOuMOuK 54 checks
*** FLOP *** [3d 8c Th]
EddardStack checks
NiKOuMOuK 54 bets 20
EddardStack calls 20
*** TURN *** [3d 8c Th][8d]
EddardStack checks
NiKOuMOuK 54 checks
*** RIVER *** [3d 8c Th 8d][Ac]
EddardStack bets 50
NiKOuMOuK 54 folds
EddardStack collected 130 from pot
*** SUMMARY ***
Total pot 130 | No rake
Board: [3d 8c Th 8d Ac]
Seat 2: EddardStack (small blind) won 130


Winamax Poker - Tournament "Expresso Nitro" buyIn: 0.93€ + 0.07€ level: 1 - HandId: #2718709144407244801-2-1676296620 - Holdem no limit (10/20) - 2023/02/13 13:57:00 UTC
Table: 'Expresso Nitro(632998800)#0' 3-max (real money) Seat #2 is the button
Seat 1: _SKR (300)
Seat 2: EddardStack (340)
Seat 3: NiKOuMOuK 54 (260)
*** ANTE/BLINDS ***
NiKOuMOuK 54 posts small blind 10
_SKR posts big blind 20
Dealt to _SKR [8s 7h]
*** PRE-FLOP *** 
EddardStack raises 20 to 40
NiKOuMOuK 54 raises 220 to 260 and is all-in
_SKR folds
EddardStack folds
NiKOuMOuK 54 collected 320 from pot
*** SUMMARY ***
Total pot 320 | No rake
Seat 3: NiKOuMOuK 54 (small blind) won 320


Winamax Poker - Tournament "Expresso Nitro" buyIn: 0.93€ + 0.07€ level: 1 - HandId: #2718709144407244801-3-1676296629 - Holdem no limit (10/20) - 2023/02/13 13:57:09 UTC
Table: 'Expresso Nitro(632998800)#0' 3-max (real money) Seat #3 is the button
Seat 1: _SKR (280)
Seat 2: EddardStack (300)
Seat 3: NiKOuMOuK 54 (320)
*** ANTE/BLINDS ***
_SKR posts small blind 10
EddardStack posts big blind 20
Dealt to _SKR [Qc 2d]
*** PRE-FLOP *** 
NiKOuMOuK 54 folds
_SKR folds
EddardStack collected 30 from pot
*** SUMMARY ***
Total pot 30 | No rake
Seat 2: EddardStack (big blind) won 30


Winamax Poker - Tournament "Expresso Nitro" buyIn: 0.93€ + 0.07€ level: 1 - HandId: #2718709144407244801-4-1676296635 - Holdem no limit (10/20) - 2023/02/13 13:57:15 UTC
Table: 'Expresso Nitro(632998800)#0' 3-max (real money) Seat #1 is the button
Seat 1: _SKR (270)
Seat 2: EddardStack (310)
Seat 3: NiKOuMOuK 54 (320)
*** ANTE/BLINDS ***
EddardStack posts small blind 10
NiKOuMOuK 54 posts big blind 20
Dealt to _SKR [8h 4c]
*** PRE-FLOP *** 
_SKR folds
EddardStack raises 20 to 40
NiKOuMOuK 54 calls 20
*** FLOP *** [4h Js Jd]
EddardStack bets 40
NiKOuMOuK 54 calls 40
*** TURN *** [4h Js Jd][6s]
EddardStack checks
NiKOuMOuK 54 bets 104
EddardStack folds
NiKOuMOuK 54 collected 264 from pot
*** SUMMARY ***
Total pot 264 | No rake
Board: [4h Js Jd 6s]
Seat 3: NiKOuMOuK 54 (big blind) won 264


Winamax Poker - Tournament "Expresso Nitro" buyIn: 0.93€ + 0.07€ level: 2 - HandId: #2718709144407244801-5-1676296654 - Holdem no limit (15/30) - 2023/02/13 13:57:34 UTC
Table: 'Expresso Nitro(632998800)#0' 3-max (real money) Seat #2 is the button
Seat 1: _SKR (270)
Seat 2: EddardStack (230)
Seat 3: NiKOuMOuK 54 (400)
*** ANTE/BLINDS ***
NiKOuMOuK 54 posts small blind 15
_SKR posts big blind 30
Dealt to _SKR [3d 6d]
*** PRE-FLOP *** 
EddardStack raises 45 to 75
NiKOuMOuK 54 calls 60
_SKR folds
*** FLOP *** [Jd 4d Ah]
NiKOuMOuK 54 checks
EddardStack bets 155 and is all-in
NiKOuMOuK 54 folds
EddardStack collected 335 from pot
*** SUMMARY ***
Total pot 335 | No rake
Board: [Jd 4d Ah]
Seat 2: EddardStack (button) won 335


Winamax Poker - Tournament "Expresso Nitro" buyIn: 0.93€ + 0.07€ level: 2 - HandId: #2718709144407244801-6-1676296667 - Holdem no limit (15/30) - 2023/02/13 13:57:47 UTC
Table: 'Expresso Nitro(632998800)#0' 3-max (real money) Seat #3 is the button
Seat 1: _SKR (240)
Seat 2: EddardStack (335)
Seat 3: NiKOuMOuK 54 (325)
*** ANTE/BLINDS ***
_SKR posts small blind 15
EddardStack posts big blind 30
Dealt to _SKR [9c Jc]
*** PRE-FLOP *** 
NiKOuMOuK 54 calls 30
_SKR raises 210 to 240 and is all-in
EddardStack raises 95 to 335 and is all-in
NiKOuMOuK 54 folds
*** FLOP *** [Qd Ad 8c]
*** TURN *** [Qd Ad 8c][7s]
*** RIVER *** [Qd Ad 8c 7s][Jh]
*** SHOW DOWN ***
_SKR shows [9c Jc] (One pair : Jacks)
EddardStack shows [4d 4h] (One pair : 4)
EddardStack collected 95 from side pot 1
_SKR collected 510 from main pot
*** SUMMARY ***
Total pot 605 | No rake
Board: [Qd Ad 8c 7s Jh]
Seat 1: _SKR (small blind) showed [9c Jc] and won 510 with One pair : Jacks
Seat 2: EddardStack (big blind) showed [4d 4h] and won 95 with One pair : 4


Winamax Poker - Tournament "Expresso Nitro" buyIn: 0.93€ + 0.07€ level: 2 - HandId: #2718709144407244801-7-1676296684 - Holdem no limit (15/30) - 2023/02/13 13:58:04 UTC
Table: 'Expresso Nitro(632998800)#0' 3-max (real money) Seat #1 is the button
Seat 1: _SKR (510)
Seat 2: EddardStack (95)
Seat 3: NiKOuMOuK 54 (295)
*** ANTE/BLINDS ***
EddardStack posts small blind 15
NiKOuMOuK 54 posts big blind 30
Dealt to _SKR [7h 2s]
*** PRE-FLOP *** 
_SKR folds
EddardStack raises 65 to 95 and is all-in
NiKOuMOuK 54 calls 65
*** FLOP *** [9h As 4c]
*** TURN *** [9h As 4c][Kd]
*** RIVER *** [9h As 4c Kd][2c]
*** SHOW DOWN ***
NiKOuMOuK 54 shows [8c Qc] (High card : Ace)
EddardStack shows [6c 9d] (One pair : 9)
EddardStack collected 190 from pot
*** SUMMARY ***
Total pot 190 | No rake
Board: [9h As 4c Kd 2c]
Seat 2: EddardStack (small blind) showed [6c 9d] and won 190 with One pair : 9
Seat 3: NiKOuMOuK 54 (big blind) showed [8c Qc] and lost with High card : Ace


Winamax Poker - Tournament "Expresso Nitro" buyIn: 0.93€ + 0.07€ level: 2 - HandId: #2718709144407244801-8-1676296698 - Holdem no limit (15/30) - 2023/02/13 13:58:18 UTC
Table: 'Expresso Nitro(632998800)#0' 3-max (real money) Seat #2 is the button
Seat 1: _SKR (510)
Seat 2: EddardStack (190)
Seat 3: NiKOuMOuK 54 (200)
*** ANTE/BLINDS ***
NiKOuMOuK 54 posts small blind 15
_SKR posts big blind 30
Dealt to _SKR [Ad Ah]
*** PRE-FLOP *** 
EddardStack folds
NiKOuMOuK 54 calls 15
_SKR raises 38 to 68
NiKOuMOuK 54 folds
_SKR collected 98 from pot
*** SUMMARY ***
Total pot 98 | No rake
Seat 1: _SKR (big blind) won 98


Winamax Poker - Tournament "Expresso Nitro" buyIn: 0.93€ + 0.07€ level: 2 - HandId: #2718709144407244801-9-1676296706 - Holdem no limit (15/30) - 2023/02/13 13:58:26 UTC
Table: 'Expresso Nitro(632998800)#0' 3-max (real money) Seat #3 is the button
Seat 1: _SKR (540)
Seat 2: EddardStack (190)
Seat 3: NiKOuMOuK 54 (170)
*** ANTE/BLINDS ***
_SKR posts small blind 15
EddardStack posts big blind 30
Dealt to _SKR [5h 9s]
*** PRE-FLOP *** 
NiKOuMOuK 54 raises 140 to 170 and is all-in
_SKR folds
EddardStack calls 140
*** FLOP *** [9d 2h 8d]
*** TURN *** [9d 2h 8d][Ah]
*** RIVER *** [9d 2h 8d Ah][5c]
*** SHOW DOWN ***
NiKOuMOuK 54 shows [Qd 7d] (High card : Ace)
EddardStack shows [3c As] (One pair : Aces)
EddardStack collected 355 from pot
*** SUMMARY ***
Total pot 355 | No rake
Board: [9d 2h 8d Ah 5c]
Seat 2: EddardStack (big blind) showed [3c As] and won 355 with One pair : Aces
Seat 3: NiKOuMOuK 54 (button) showed [Qd 7d] and lost with High card : Ace


Winamax Poker - Tournament "Expresso Nitro" buyIn: 0.93€ + 0.07€ level: 3 - HandId: #2718709144407244801-10-1676296725 - Holdem no limit (20/40) - 2023/02/13 13:58:45 UTC
Table: 'Expresso Nitro(632998800)#0' 3-max (real money) Seat #2 is the button
Seat 1: _SKR (525)
Seat 2: EddardStack (375)
*** ANTE/BLINDS ***
EddardStack posts small blind 20
_SKR posts big blind 40
Dealt to _SKR [2d 9h]
*** PRE-FLOP *** 
EddardStack raises 40 to 80
_SKR folds
EddardStack collected 120 from pot
*** SUMMARY ***
Total pot 120 | No rake
Seat 2: EddardStack (small blind) (button) won 120


Winamax Poker - Tournament "Expresso Nitro" buyIn: 0.93€ + 0.07€ level: 3 - HandId: #2718709144407244801-11-1676296733 - Holdem no limit (20/40) - 2023/02/13 13:58:53 UTC
Table: 'Expresso Nitro(632998800)#0' 3-max (real money) Seat #1 is the button
Seat 1: _SKR (485)
Seat 2: EddardStack (415)
*** ANTE/BLINDS ***
_SKR posts small blind 20
EddardStack posts big blind 40
Dealt to _SKR [8d Kd]
*** PRE-FLOP *** 
_SKR raises 445 to 485 and is all-in
EddardStack folds
_SKR collected 525 from pot
*** SUMMARY ***
Total pot 525 | No rake
Seat 1: _SKR (small blind) (button) won 525


Winamax Poker - Tournament "Expresso Nitro" buyIn: 0.93€ + 0.07€ level: 3 - HandId: #2718709144407244801-12-1676296739 - Holdem no limit (20/40) - 2023/02/13 13:58:59 UTC
Table: 'Expresso Nitro(632998800)#0' 3-max (real money) Seat #2 is the button
Seat 1: _SKR (525)
Seat 2: EddardStack (375)
*** ANTE/BLINDS ***
EddardStack posts small blind 20
_SKR posts big blind 40
Dealt to _SKR [Qh 6c]
*** PRE-FLOP *** 
EddardStack calls 20
_SKR checks
*** FLOP *** [9h 7s 3s]
_SKR checks
EddardStack bets 40
_SKR folds
EddardStack collected 120 from pot
*** SUMMARY ***
Total pot 120 | No rake
Board: [9h 7s 3s]
Seat 2: EddardStack (small blind) (button) won 120


Winamax Poker - Tournament "Expresso Nitro" buyIn: 0.93€ + 0.07€ level: 3 - HandId: #2718709144407244801-13-1676296767 - Holdem no limit (20/40) - 2023/02/13 13:59:27 UTC
Table: 'Expresso Nitro(632998800)#0' 3-max (real money) Seat #1 is the button
Seat 1: _SKR (485)
Seat 2: EddardStack (415)
*** ANTE/BLINDS ***
_SKR posts small blind 20
EddardStack posts big blind 40
Dealt to _SKR [4s Tc]
*** PRE-FLOP *** 
_SKR folds
EddardStack collected 60 from pot
*** SUMMARY ***
Total pot 60 | No rake
Seat 2: EddardStack (big blind) won 60


Winamax Poker - Tournament "Expresso Nitro" buyIn: 0.93€ + 0.07€ level: 3 - HandId: #2718709144407244801-14-1676296771 - Holdem no limit (20/40) - 2023/02/13 13:59:31 UTC
Table: 'Expresso Nitro(632998800)#0' 3-max (real money) Seat #2 is the button
Seat 1: _SKR (465)
Seat 2: EddardStack (435)
*** ANTE/BLINDS ***
EddardStack posts small blind 20
_SKR posts big blind 40
Dealt to _SKR [5s 2c]
*** PRE-FLOP *** 
EddardStack raises 40 to 80
_SKR folds
EddardStack collected 120 from pot
*** SUMMARY ***
Total pot 120 | No rake
Seat 2: EddardStack (small blind) (button) won 120


Winamax Poker - Tournament "Expresso Nitro" buyIn: 0.93€ + 0.07€ level: 4 - HandId: #2718709144407244801-15-1676296777 - Holdem no limit (30/60) - 2023/02/13 13:59:37 UTC
Table: 'Expresso Nitro(632998800)#0' 3-max (real money) Seat #1 is the button
Seat 1: _SKR (425)
Seat 2: EddardStack (475)
*** ANTE/BLINDS ***
_SKR posts small blind 30
EddardStack posts big blind 60
Dealt to _SKR [Jc 7c]
*** PRE-FLOP *** 
_SKR raises 365 to 425 and is all-in
EddardStack calls 365
*** FLOP *** [5c 5s Qd]
*** TURN *** [5c 5s Qd][Qc]
*** RIVER *** [5c 5s Qd Qc][3h]
*** SHOW DOWN ***
_SKR shows [Jc 7c] (Two pairs : Queens and 5)
EddardStack shows [Ks Kc] (Two pairs : Kings and Queens)
EddardStack collected 850 from pot
*** SUMMARY ***
Total pot 850 | No rake
Board: [5c 5s Qd Qc 3h]
Seat 1: _SKR (small blind) (button) showed [Jc 7c] and lost with Two pairs : Queens and 5
Seat 2: EddardStack (big blind) showed [Ks Kc] and won 850 with Two pairs : Kings and Queens


