Winamax Poker - Tournament "Expresso Nitro" buyIn: 0.93€ + 0.07€ level: 1 - HandId: #2690590843923857409-1-1674687074 - Holdem no limit (10/20) - 2023/01/25 22:51:14 UTC
Table: 'Expresso Nitro(626451998)#0' 3-max (real money) Seat #3 is the button
Seat 1: _SKR (300)
Seat 2: k-libre1 (300)
Seat 3: n.crtrr (300)
*** ANTE/BLINDS ***
_SKR posts small blind 10
k-libre1 posts big blind 20
Dealt to _SKR [3h Ks]
*** PRE-FLOP *** 
n.crtrr folds
_SKR folds
k-libre1 collected 30 from pot
*** SUMMARY ***
Total pot 30 | No rake
Seat 2: k-libre1 (big blind) won 30


Winamax Poker - Tournament "Expresso Nitro" buyIn: 0.93€ + 0.07€ level: 1 - HandId: #2690590843923857409-2-1674687083 - Holdem no limit (10/20) - 2023/01/25 22:51:23 UTC
Table: 'Expresso Nitro(626451998)#0' 3-max (real money) Seat #1 is the button
Seat 1: _SKR (290)
Seat 2: k-libre1 (310)
Seat 3: n.crtrr (300)
*** ANTE/BLINDS ***
k-libre1 posts small blind 10
n.crtrr posts big blind 20
Dealt to _SKR [6c 9c]
*** PRE-FLOP *** 
_SKR folds
k-libre1 calls 10
n.crtrr checks
*** FLOP *** [9d 3c 3s]
k-libre1 checks
n.crtrr checks
*** TURN *** [9d 3c 3s][5s]
k-libre1 checks
n.crtrr checks
*** RIVER *** [9d 3c 3s 5s][Jh]
k-libre1 bets 40
n.crtrr calls 40
*** SHOW DOWN ***
n.crtrr shows [2c 5d] (Two pairs : 5 and 3)
k-libre1 shows [Kd 3d] (Trips of 3)
k-libre1 collected 120 from pot
*** SUMMARY ***
Total pot 120 | No rake
Board: [9d 3c 3s 5s Jh]
Seat 2: k-libre1 (small blind) showed [Kd 3d] and won 120 with Trips of 3
Seat 3: n.crtrr (big blind) showed [2c 5d] and lost with Two pairs : 5 and 3


Winamax Poker - Tournament "Expresso Nitro" buyIn: 0.93€ + 0.07€ level: 1 - HandId: #2690590843923857409-3-1674687119 - Holdem no limit (10/20) - 2023/01/25 22:51:59 UTC
Table: 'Expresso Nitro(626451998)#0' 3-max (real money) Seat #2 is the button
Seat 1: _SKR (290)
Seat 2: k-libre1 (370)
Seat 3: n.crtrr (240)
*** ANTE/BLINDS ***
n.crtrr posts small blind 10
_SKR posts big blind 20
Dealt to _SKR [6d Js]
*** PRE-FLOP *** 
k-libre1 folds
n.crtrr folds
_SKR collected 30 from pot
*** SUMMARY ***
Total pot 30 | No rake
Seat 1: _SKR (big blind) won 30


Winamax Poker - Tournament "Expresso Nitro" buyIn: 0.93€ + 0.07€ level: 1 - HandId: #2690590843923857409-4-1674687127 - Holdem no limit (10/20) - 2023/01/25 22:52:07 UTC
Table: 'Expresso Nitro(626451998)#0' 3-max (real money) Seat #3 is the button
Seat 1: _SKR (300)
Seat 2: k-libre1 (370)
Seat 3: n.crtrr (230)
*** ANTE/BLINDS ***
_SKR posts small blind 10
k-libre1 posts big blind 20
Dealt to _SKR [Tc 4d]
*** PRE-FLOP *** 
n.crtrr folds
_SKR folds
k-libre1 collected 30 from pot
*** SUMMARY ***
Total pot 30 | No rake
Seat 2: k-libre1 (big blind) won 30


Winamax Poker - Tournament "Expresso Nitro" buyIn: 0.93€ + 0.07€ level: 2 - HandId: #2690590843923857409-5-1674687137 - Holdem no limit (15/30) - 2023/01/25 22:52:17 UTC
Table: 'Expresso Nitro(626451998)#0' 3-max (real money) Seat #1 is the button
Seat 1: _SKR (290)
Seat 2: k-libre1 (380)
Seat 3: n.crtrr (230)
*** ANTE/BLINDS ***
k-libre1 posts small blind 15
n.crtrr posts big blind 30
Dealt to _SKR [Kh Ah]
*** PRE-FLOP *** 
_SKR raises 30 to 60
k-libre1 folds
n.crtrr calls 30
*** FLOP *** [5s Tc Jd]
n.crtrr bets 170 and is all-in
_SKR folds
n.crtrr collected 305 from pot
*** SUMMARY ***
Total pot 305 | No rake
Board: [5s Tc Jd]
Seat 3: n.crtrr (big blind) won 305


Winamax Poker - Tournament "Expresso Nitro" buyIn: 0.93€ + 0.07€ level: 2 - HandId: #2690590843923857409-6-1674687168 - Holdem no limit (15/30) - 2023/01/25 22:52:48 UTC
Table: 'Expresso Nitro(626451998)#0' 3-max (real money) Seat #2 is the button
Seat 1: _SKR (230)
Seat 2: k-libre1 (365)
Seat 3: n.crtrr (305)
*** ANTE/BLINDS ***
n.crtrr posts small blind 15
_SKR posts big blind 30
Dealt to _SKR [9d 4h]
*** PRE-FLOP *** 
k-libre1 folds
n.crtrr folds
_SKR collected 45 from pot
*** SUMMARY ***
Total pot 45 | No rake
Seat 1: _SKR (big blind) won 45


Winamax Poker - Tournament "Expresso Nitro" buyIn: 0.93€ + 0.07€ level: 2 - HandId: #2690590843923857409-7-1674687179 - Holdem no limit (15/30) - 2023/01/25 22:52:59 UTC
Table: 'Expresso Nitro(626451998)#0' 3-max (real money) Seat #3 is the button
Seat 1: _SKR (245)
Seat 2: k-libre1 (365)
Seat 3: n.crtrr (290)
*** ANTE/BLINDS ***
_SKR posts small blind 15
k-libre1 posts big blind 30
Dealt to _SKR [Th 8h]
*** PRE-FLOP *** 
n.crtrr folds
_SKR raises 215 to 245 and is all-in
k-libre1 calls 215
*** FLOP *** [Ac Ah 2c]
*** TURN *** [Ac Ah 2c][Jc]
*** RIVER *** [Ac Ah 2c Jc][Jh]
*** SHOW DOWN ***
k-libre1 shows [8s 8c] (Two pairs : Aces and Jacks)
_SKR shows [Th 8h] (Two pairs : Aces and Jacks)
_SKR collected 490 from pot
*** SUMMARY ***
Total pot 490 | No rake
Board: [Ac Ah 2c Jc Jh]
Seat 1: _SKR (small blind) showed [Th 8h] and won 490 with Two pairs : Aces and Jacks
Seat 2: k-libre1 (big blind) showed [8s 8c] and lost with Two pairs : Aces and Jacks


Winamax Poker - Tournament "Expresso Nitro" buyIn: 0.93€ + 0.07€ level: 3 - HandId: #2690590843923857409-8-1674687202 - Holdem no limit (20/40) - 2023/01/25 22:53:22 UTC
Table: 'Expresso Nitro(626451998)#0' 3-max (real money) Seat #1 is the button
Seat 1: _SKR (490)
Seat 2: k-libre1 (120)
Seat 3: n.crtrr (290)
*** ANTE/BLINDS ***
k-libre1 posts small blind 20
n.crtrr posts big blind 40
Dealt to _SKR [9c Js]
*** PRE-FLOP *** 
_SKR folds
k-libre1 folds
n.crtrr collected 60 from pot
*** SUMMARY ***
Total pot 60 | No rake
Seat 3: n.crtrr (big blind) won 60


Winamax Poker - Tournament "Expresso Nitro" buyIn: 0.93€ + 0.07€ level: 3 - HandId: #2690590843923857409-9-1674687208 - Holdem no limit (20/40) - 2023/01/25 22:53:28 UTC
Table: 'Expresso Nitro(626451998)#0' 3-max (real money) Seat #2 is the button
Seat 1: _SKR (490)
Seat 2: k-libre1 (100)
Seat 3: n.crtrr (310)
*** ANTE/BLINDS ***
n.crtrr posts small blind 20
_SKR posts big blind 40
Dealt to _SKR [9h 2s]
*** PRE-FLOP *** 
k-libre1 raises 60 to 100 and is all-in
n.crtrr folds
_SKR folds
k-libre1 collected 160 from pot
*** SUMMARY ***
Total pot 160 | No rake
Seat 2: k-libre1 (button) won 160


Winamax Poker - Tournament "Expresso Nitro" buyIn: 0.93€ + 0.07€ level: 3 - HandId: #2690590843923857409-10-1674687217 - Holdem no limit (20/40) - 2023/01/25 22:53:37 UTC
Table: 'Expresso Nitro(626451998)#0' 3-max (real money) Seat #3 is the button
Seat 1: _SKR (450)
Seat 2: k-libre1 (160)
Seat 3: n.crtrr (290)
*** ANTE/BLINDS ***
_SKR posts small blind 20
k-libre1 posts big blind 40
Dealt to _SKR [Js Kd]
*** PRE-FLOP *** 
n.crtrr folds
_SKR raises 410 to 450 and is all-in
k-libre1 folds
_SKR collected 490 from pot
*** SUMMARY ***
Total pot 490 | No rake
Seat 1: _SKR (small blind) won 490


Winamax Poker - Tournament "Expresso Nitro" buyIn: 0.93€ + 0.07€ level: 3 - HandId: #2690590843923857409-11-1674687229 - Holdem no limit (20/40) - 2023/01/25 22:53:49 UTC
Table: 'Expresso Nitro(626451998)#0' 3-max (real money) Seat #1 is the button
Seat 1: _SKR (490)
Seat 2: k-libre1 (120)
Seat 3: n.crtrr (290)
*** ANTE/BLINDS ***
k-libre1 posts small blind 20
n.crtrr posts big blind 40
Dealt to _SKR [Qc Ad]
*** PRE-FLOP *** 
_SKR raises 450 to 490 and is all-in
k-libre1 folds
n.crtrr folds
_SKR collected 550 from pot
*** SUMMARY ***
Total pot 550 | No rake
Seat 1: _SKR (button) won 550


Winamax Poker - Tournament "Expresso Nitro" buyIn: 0.93€ + 0.07€ level: 3 - HandId: #2690590843923857409-12-1674687240 - Holdem no limit (20/40) - 2023/01/25 22:54:00 UTC
Table: 'Expresso Nitro(626451998)#0' 3-max (real money) Seat #2 is the button
Seat 1: _SKR (550)
Seat 2: k-libre1 (100)
Seat 3: n.crtrr (250)
*** ANTE/BLINDS ***
n.crtrr posts small blind 20
_SKR posts big blind 40
Dealt to _SKR [6c Qs]
*** PRE-FLOP *** 
k-libre1 folds
n.crtrr folds
_SKR collected 60 from pot
*** SUMMARY ***
Total pot 60 | No rake
Seat 1: _SKR (big blind) won 60


Winamax Poker - Tournament "Expresso Nitro" buyIn: 0.93€ + 0.07€ level: 3 - HandId: #2690590843923857409-13-1674687248 - Holdem no limit (20/40) - 2023/01/25 22:54:08 UTC
Table: 'Expresso Nitro(626451998)#0' 3-max (real money) Seat #3 is the button
Seat 1: _SKR (570)
Seat 2: k-libre1 (100)
Seat 3: n.crtrr (230)
*** ANTE/BLINDS ***
_SKR posts small blind 20
k-libre1 posts big blind 40
Dealt to _SKR [Kh 4h]
*** PRE-FLOP *** 
n.crtrr folds
_SKR raises 530 to 570 and is all-in
k-libre1 calls 60 and is all-in
*** FLOP *** [6s Ad Qc]
*** TURN *** [6s Ad Qc][6h]
*** RIVER *** [6s Ad Qc 6h][Jh]
*** SHOW DOWN ***
_SKR shows [Kh 4h] (One pair : 6)
k-libre1 shows [2c Qd] (Two pairs : Queens and 6)
k-libre1 collected 200 from main pot
_SKR collected 470 from side pot 1
*** SUMMARY ***
Total pot 670 | No rake
Board: [6s Ad Qc 6h Jh]
Seat 1: _SKR (small blind) showed [Kh 4h] and won 470 with One pair : 6
Seat 2: k-libre1 (big blind) showed [2c Qd] and won 200 with Two pairs : Queens and 6


Winamax Poker - Tournament "Expresso Nitro" buyIn: 0.93€ + 0.07€ level: 4 - HandId: #2690590843923857409-14-1674687263 - Holdem no limit (30/60) - 2023/01/25 22:54:23 UTC
Table: 'Expresso Nitro(626451998)#0' 3-max (real money) Seat #1 is the button
Seat 1: _SKR (470)
Seat 2: k-libre1 (200)
Seat 3: n.crtrr (230)
*** ANTE/BLINDS ***
k-libre1 posts small blind 30
n.crtrr posts big blind 60
Dealt to _SKR [6s 3s]
*** PRE-FLOP *** 
_SKR folds
k-libre1 raises 140 to 200 and is all-in
n.crtrr raises 30 to 230 and is all-in
*** FLOP *** [7h Kh 6h]
*** TURN *** [7h Kh 6h][5s]
*** RIVER *** [7h Kh 6h 5s][Jd]
*** SHOW DOWN ***
k-libre1 shows [7d 8c] (One pair : 7)
n.crtrr shows [9c As] (High card : Ace)
n.crtrr collected 30 from side pot 1
k-libre1 collected 400 from main pot
*** SUMMARY ***
Total pot 430 | No rake
Board: [7h Kh 6h 5s Jd]
Seat 2: k-libre1 (small blind) showed [7d 8c] and won 400 with One pair : 7
Seat 3: n.crtrr (big blind) showed [9c As] and won 30 with High card : Ace


Winamax Poker - Tournament "Expresso Nitro" buyIn: 0.93€ + 0.07€ level: 4 - HandId: #2690590843923857409-15-1674687277 - Holdem no limit (30/60) - 2023/01/25 22:54:37 UTC
Table: 'Expresso Nitro(626451998)#0' 3-max (real money) Seat #2 is the button
Seat 1: _SKR (470)
Seat 2: k-libre1 (400)
Seat 3: n.crtrr (30)
*** ANTE/BLINDS ***
n.crtrr posts small blind 30 and is all-in
_SKR posts big blind 60
Dealt to _SKR [8c 2s]
*** PRE-FLOP *** 
k-libre1 raises 340 to 400 and is all-in
_SKR folds
*** FLOP *** [5d Ah 8s]
*** TURN *** [5d Ah 8s][6s]
*** RIVER *** [5d Ah 8s 6s][Td]
*** SHOW DOWN ***
k-libre1 shows [Th 9s] (One pair : Tens)
n.crtrr shows [4s Ad] (One pair : Aces)
n.crtrr collected 90 from main pot
k-libre1 collected 400 from side pot 1
*** SUMMARY ***
Total pot 490 | No rake
Board: [5d Ah 8s 6s Td]
Seat 2: k-libre1 (button) showed [Th 9s] and won 400 with One pair : Tens
Seat 3: n.crtrr (small blind) showed [4s Ad] and won 90 with One pair : Aces


Winamax Poker - Tournament "Expresso Nitro" buyIn: 0.93€ + 0.07€ level: 4 - HandId: #2690590843923857409-16-1674687290 - Holdem no limit (30/60) - 2023/01/25 22:54:50 UTC
Table: 'Expresso Nitro(626451998)#0' 3-max (real money) Seat #3 is the button
Seat 1: _SKR (410)
Seat 2: k-libre1 (400)
Seat 3: n.crtrr (90)
*** ANTE/BLINDS ***
_SKR posts small blind 30
k-libre1 posts big blind 60
Dealt to _SKR [2h 7c]
*** PRE-FLOP *** 
n.crtrr folds
_SKR folds
k-libre1 collected 90 from pot
*** SUMMARY ***
Total pot 90 | No rake
Seat 2: k-libre1 (big blind) won 90


Winamax Poker - Tournament "Expresso Nitro" buyIn: 0.93€ + 0.07€ level: 4 - HandId: #2690590843923857409-17-1674687298 - Holdem no limit (30/60) - 2023/01/25 22:54:58 UTC
Table: 'Expresso Nitro(626451998)#0' 3-max (real money) Seat #1 is the button
Seat 1: _SKR (380)
Seat 2: k-libre1 (430)
Seat 3: n.crtrr (90)
*** ANTE/BLINDS ***
k-libre1 posts small blind 30
n.crtrr posts big blind 60
Dealt to _SKR [Ts 2h]
*** PRE-FLOP *** 
_SKR folds
k-libre1 raises 370 to 430 and is all-in
n.crtrr calls 30 and is all-in
*** FLOP *** [7d Jc 4s]
*** TURN *** [7d Jc 4s][Ah]
*** RIVER *** [7d Jc 4s Ah][5d]
*** SHOW DOWN ***
k-libre1 shows [8s Qd] (High card : Ace)
n.crtrr shows [7s 8d] (One pair : 7)
n.crtrr collected 180 from main pot
k-libre1 collected 340 from side pot 1
*** SUMMARY ***
Total pot 520 | No rake
Board: [7d Jc 4s Ah 5d]
Seat 2: k-libre1 (small blind) showed [8s Qd] and won 340 with High card : Ace
Seat 3: n.crtrr (big blind) showed [7s 8d] and won 180 with One pair : 7


Winamax Poker - Tournament "Expresso Nitro" buyIn: 0.93€ + 0.07€ level: 5 - HandId: #2690590843923857409-18-1674687315 - Holdem no limit (40/80) - 2023/01/25 22:55:15 UTC
Table: 'Expresso Nitro(626451998)#0' 3-max (real money) Seat #2 is the button
Seat 1: _SKR (380)
Seat 2: k-libre1 (340)
Seat 3: n.crtrr (180)
*** ANTE/BLINDS ***
n.crtrr posts small blind 40
_SKR posts big blind 80
Dealt to _SKR [Ad Jc]
*** PRE-FLOP *** 
k-libre1 folds
n.crtrr raises 100 to 180 and is all-in
_SKR calls 100
*** FLOP *** [4s Td Ts]
*** TURN *** [4s Td Ts][7c]
*** RIVER *** [4s Td Ts 7c][Ks]
*** SHOW DOWN ***
_SKR shows [Ad Jc] (One pair : Tens)
n.crtrr shows [6h 6d] (Two pairs : Tens and 6)
n.crtrr collected 360 from pot
*** SUMMARY ***
Total pot 360 | No rake
Board: [4s Td Ts 7c Ks]
Seat 1: _SKR (big blind) showed [Ad Jc] and lost with One pair : Tens
Seat 3: n.crtrr (small blind) showed [6h 6d] and won 360 with Two pairs : Tens and 6


Winamax Poker - Tournament "Expresso Nitro" buyIn: 0.93€ + 0.07€ level: 5 - HandId: #2690590843923857409-19-1674687332 - Holdem no limit (40/80) - 2023/01/25 22:55:32 UTC
Table: 'Expresso Nitro(626451998)#0' 3-max (real money) Seat #3 is the button
Seat 1: _SKR (200)
Seat 2: k-libre1 (340)
Seat 3: n.crtrr (360)
*** ANTE/BLINDS ***
_SKR posts small blind 40
k-libre1 posts big blind 80
Dealt to _SKR [4d Kc]
*** PRE-FLOP *** 
n.crtrr folds
_SKR raises 120 to 200 and is all-in
k-libre1 folds
_SKR collected 280 from pot
*** SUMMARY ***
Total pot 280 | No rake
Seat 1: _SKR (small blind) won 280


Winamax Poker - Tournament "Expresso Nitro" buyIn: 0.93€ + 0.07€ level: 5 - HandId: #2690590843923857409-20-1674687341 - Holdem no limit (40/80) - 2023/01/25 22:55:41 UTC
Table: 'Expresso Nitro(626451998)#0' 3-max (real money) Seat #1 is the button
Seat 1: _SKR (280)
Seat 2: k-libre1 (260)
Seat 3: n.crtrr (360)
*** ANTE/BLINDS ***
k-libre1 posts small blind 40
n.crtrr posts big blind 80
Dealt to _SKR [Qd Ad]
*** PRE-FLOP *** 
_SKR raises 200 to 280 and is all-in
k-libre1 calls 220 and is all-in
n.crtrr folds
*** FLOP *** [2d 4h 7d]
*** TURN *** [2d 4h 7d][7c]
*** RIVER *** [2d 4h 7d 7c][5s]
*** SHOW DOWN ***
k-libre1 shows [Ts 9s] (One pair : 7)
_SKR shows [Qd Ad] (One pair : 7)
_SKR collected 620 from pot
*** SUMMARY ***
Total pot 620 | No rake
Board: [2d 4h 7d 7c 5s]
Seat 1: _SKR (button) showed [Qd Ad] and won 620 with One pair : 7
Seat 2: k-libre1 (small blind) showed [Ts 9s] and lost with One pair : 7


Winamax Poker - Tournament "Expresso Nitro" buyIn: 0.93€ + 0.07€ level: 5 - HandId: #2690590843923857409-21-1674687363 - Holdem no limit (40/80) - 2023/01/25 22:56:03 UTC
Table: 'Expresso Nitro(626451998)#0' 3-max (real money) Seat #3 is the button
Seat 1: _SKR (620)
Seat 3: n.crtrr (280)
*** ANTE/BLINDS ***
n.crtrr posts small blind 40
_SKR posts big blind 80
Dealt to _SKR [6s 6d]
*** PRE-FLOP *** 
n.crtrr raises 200 to 280 and is all-in
_SKR calls 200
*** FLOP *** [Kc 3s Kd]
*** TURN *** [Kc 3s Kd][Jh]
*** RIVER *** [Kc 3s Kd Jh][9d]
*** SHOW DOWN ***
_SKR shows [6s 6d] (Two pairs : Kings and 6)
n.crtrr shows [4c Kh] (Trips of Kings)
n.crtrr collected 560 from pot
*** SUMMARY ***
Total pot 560 | No rake
Board: [Kc 3s Kd Jh 9d]
Seat 1: _SKR (big blind) showed [6s 6d] and lost with Two pairs : Kings and 6
Seat 3: n.crtrr (small blind) (button) showed [4c Kh] and won 560 with Trips of Kings


Winamax Poker - Tournament "Expresso Nitro" buyIn: 0.93€ + 0.07€ level: 6 - HandId: #2690590843923857409-22-1674687375 - Holdem no limit (50/100) - 2023/01/25 22:56:15 UTC
Table: 'Expresso Nitro(626451998)#0' 3-max (real money) Seat #1 is the button
Seat 1: _SKR (340)
Seat 3: n.crtrr (560)
*** ANTE/BLINDS ***
_SKR posts small blind 50
n.crtrr posts big blind 100
Dealt to _SKR [Ah Jc]
*** PRE-FLOP *** 
_SKR raises 240 to 340 and is all-in
n.crtrr raises 220 to 560 and is all-in
*** FLOP *** [8c 7s 8h]
*** TURN *** [8c 7s 8h][Qh]
*** RIVER *** [8c 7s 8h Qh][Kd]
*** SHOW DOWN ***
_SKR shows [Ah Jc] (One pair : 8)
n.crtrr shows [As Ac] (Two pairs : Aces and 8)
n.crtrr collected 900 from pot
*** SUMMARY ***
Total pot 900 | No rake
Board: [8c 7s 8h Qh Kd]
Seat 1: _SKR (small blind) (button) showed [Ah Jc] and lost with One pair : 8
Seat 3: n.crtrr (big blind) showed [As Ac] and won 900 with Two pairs : Aces and 8


