Winamax Poker - Tournament "Expresso Nitro" buyIn: 0.93€ + 0.07€ level: 1 - HandId: #2734182090508599297-1-1677187172 - Holdem no limit (10/20) - 2023/02/23 21:19:32 UTC
Table: 'Expresso Nitro(636601376)#0' 3-max (real money) Seat #1 is the button
Seat 1: jerome01500 (300)
Seat 2: _SKR (300)
Seat 3: bensun76 (300)
*** ANTE/BLINDS ***
_SKR posts small blind 10
bensun76 posts big blind 20
Dealt to _SKR [7d Jd]
*** PRE-FLOP *** 
jerome01500 calls 20
_SKR folds
bensun76 checks
*** FLOP *** [6s 9s 6d]
bensun76 bets 50
jerome01500 folds
bensun76 collected 100 from pot
*** SUMMARY ***
Total pot 100 | No rake
Board: [6s 9s 6d]
Seat 3: bensun76 (big blind) won 100


Winamax Poker - Tournament "Expresso Nitro" buyIn: 0.93€ + 0.07€ level: 1 - HandId: #2734182090508599297-2-1677187191 - Holdem no limit (10/20) - 2023/02/23 21:19:51 UTC
Table: 'Expresso Nitro(636601376)#0' 3-max (real money) Seat #2 is the button
Seat 1: jerome01500 (280)
Seat 2: _SKR (290)
Seat 3: bensun76 (330)
*** ANTE/BLINDS ***
bensun76 posts small blind 10
jerome01500 posts big blind 20
Dealt to _SKR [3h 5s]
*** PRE-FLOP *** 
_SKR folds
bensun76 raises 40 to 60
jerome01500 calls 40
*** FLOP *** [4d Qd As]
bensun76 bets 270 and is all-in
jerome01500 calls 220 and is all-in
*** TURN *** [4d Qd As][Ks]
*** RIVER *** [4d Qd As Ks][Td]
*** SHOW DOWN ***
jerome01500 shows [Ad 2c] (One pair : Aces)
bensun76 shows [Th Jh] (Straight Ace high)
bensun76 collected 610 from pot
*** SUMMARY ***
Total pot 610 | No rake
Board: [4d Qd As Ks Td]
Seat 1: jerome01500 (big blind) showed [Ad 2c] and lost with One pair : Aces
Seat 3: bensun76 (small blind) showed [Th Jh] and won 610 with Straight Ace high


Winamax Poker - Tournament "Expresso Nitro" buyIn: 0.93€ + 0.07€ level: 1 - HandId: #2734182090508599297-3-1677187210 - Holdem no limit (10/20) - 2023/02/23 21:20:10 UTC
Table: 'Expresso Nitro(636601376)#0' 3-max (real money) Seat #2 is the button
Seat 2: _SKR (290)
Seat 3: bensun76 (610)
*** ANTE/BLINDS ***
_SKR posts small blind 10
bensun76 posts big blind 20
Dealt to _SKR [6c 8d]
*** PRE-FLOP *** 
_SKR folds
bensun76 collected 30 from pot
*** SUMMARY ***
Total pot 30 | No rake
Seat 3: bensun76 (big blind) won 30


Winamax Poker - Tournament "Expresso Nitro" buyIn: 0.93€ + 0.07€ level: 1 - HandId: #2734182090508599297-4-1677187217 - Holdem no limit (10/20) - 2023/02/23 21:20:17 UTC
Table: 'Expresso Nitro(636601376)#0' 3-max (real money) Seat #3 is the button
Seat 2: _SKR (280)
Seat 3: bensun76 (620)
*** ANTE/BLINDS ***
bensun76 posts small blind 10
_SKR posts big blind 20
Dealt to _SKR [2c 2d]
*** PRE-FLOP *** 
bensun76 raises 600 to 620 and is all-in
_SKR folds
bensun76 collected 640 from pot
*** SUMMARY ***
Total pot 640 | No rake
Seat 3: bensun76 (small blind) (button) won 640


Winamax Poker - Tournament "Expresso Nitro" buyIn: 0.93€ + 0.07€ level: 1 - HandId: #2734182090508599297-5-1677187222 - Holdem no limit (10/20) - 2023/02/23 21:20:22 UTC
Table: 'Expresso Nitro(636601376)#0' 3-max (real money) Seat #2 is the button
Seat 2: _SKR (260)
Seat 3: bensun76 (640)
*** ANTE/BLINDS ***
_SKR posts small blind 10
bensun76 posts big blind 20
Dealt to _SKR [5s Kc]
*** PRE-FLOP *** 
_SKR calls 10
bensun76 checks
*** FLOP *** [4c 3c Th]
bensun76 checks
_SKR checks
*** TURN *** [4c 3c Th][Kd]
bensun76 checks
_SKR bets 20
bensun76 calls 20
*** RIVER *** [4c 3c Th Kd][5h]
bensun76 checks
_SKR checks
*** SHOW DOWN ***
bensun76 shows [3h Qs] (One pair : 3)
_SKR shows [5s Kc] (Two pairs : Kings and 5)
_SKR collected 80 from pot
*** SUMMARY ***
Total pot 80 | No rake
Board: [4c 3c Th Kd 5h]
Seat 2: _SKR (small blind) (button) showed [5s Kc] and won 80 with Two pairs : Kings and 5
Seat 3: bensun76 (big blind) showed [3h Qs] and lost with One pair : 3


Winamax Poker - Tournament "Expresso Nitro" buyIn: 0.93€ + 0.07€ level: 2 - HandId: #2734182090508599297-6-1677187260 - Holdem no limit (15/30) - 2023/02/23 21:21:00 UTC
Table: 'Expresso Nitro(636601376)#0' 3-max (real money) Seat #3 is the button
Seat 2: _SKR (300)
Seat 3: bensun76 (600)
*** ANTE/BLINDS ***
bensun76 posts small blind 15
_SKR posts big blind 30
Dealt to _SKR [Jc 3d]
*** PRE-FLOP *** 
bensun76 folds
_SKR collected 45 from pot
*** SUMMARY ***
Total pot 45 | No rake
Seat 2: _SKR (big blind) won 45


Winamax Poker - Tournament "Expresso Nitro" buyIn: 0.93€ + 0.07€ level: 2 - HandId: #2734182090508599297-7-1677187264 - Holdem no limit (15/30) - 2023/02/23 21:21:04 UTC
Table: 'Expresso Nitro(636601376)#0' 3-max (real money) Seat #2 is the button
Seat 2: _SKR (315)
Seat 3: bensun76 (585)
*** ANTE/BLINDS ***
_SKR posts small blind 15
bensun76 posts big blind 30
Dealt to _SKR [5c Qd]
*** PRE-FLOP *** 
_SKR folds
bensun76 collected 45 from pot
*** SUMMARY ***
Total pot 45 | No rake
Seat 3: bensun76 (big blind) won 45


Winamax Poker - Tournament "Expresso Nitro" buyIn: 0.93€ + 0.07€ level: 2 - HandId: #2734182090508599297-8-1677187273 - Holdem no limit (15/30) - 2023/02/23 21:21:13 UTC
Table: 'Expresso Nitro(636601376)#0' 3-max (real money) Seat #3 is the button
Seat 2: _SKR (300)
Seat 3: bensun76 (600)
*** ANTE/BLINDS ***
bensun76 posts small blind 15
_SKR posts big blind 30
Dealt to _SKR [Jh Tc]
*** PRE-FLOP *** 
bensun76 folds
_SKR collected 45 from pot
*** SUMMARY ***
Total pot 45 | No rake
Seat 2: _SKR (big blind) won 45


Winamax Poker - Tournament "Expresso Nitro" buyIn: 0.93€ + 0.07€ level: 2 - HandId: #2734182090508599297-9-1677187277 - Holdem no limit (15/30) - 2023/02/23 21:21:17 UTC
Table: 'Expresso Nitro(636601376)#0' 3-max (real money) Seat #2 is the button
Seat 2: _SKR (315)
Seat 3: bensun76 (585)
*** ANTE/BLINDS ***
_SKR posts small blind 15
bensun76 posts big blind 30
Dealt to _SKR [9h Tc]
*** PRE-FLOP *** 
_SKR raises 30 to 60
bensun76 raises 525 to 585 and is all-in
_SKR folds
bensun76 collected 645 from pot
*** SUMMARY ***
Total pot 645 | No rake
Seat 3: bensun76 (big blind) won 645


Winamax Poker - Tournament "Expresso Nitro" buyIn: 0.93€ + 0.07€ level: 3 - HandId: #2734182090508599297-10-1677187302 - Holdem no limit (20/40) - 2023/02/23 21:21:42 UTC
Table: 'Expresso Nitro(636601376)#0' 3-max (real money) Seat #3 is the button
Seat 2: _SKR (255)
Seat 3: bensun76 (645)
*** ANTE/BLINDS ***
bensun76 posts small blind 20
_SKR posts big blind 40
Dealt to _SKR [Js Ad]
*** PRE-FLOP *** 
bensun76 calls 20
_SKR raises 215 to 255 and is all-in
bensun76 folds
_SKR collected 295 from pot
*** SUMMARY ***
Total pot 295 | No rake
Seat 2: _SKR (big blind) won 295


Winamax Poker - Tournament "Expresso Nitro" buyIn: 0.93€ + 0.07€ level: 3 - HandId: #2734182090508599297-11-1677187313 - Holdem no limit (20/40) - 2023/02/23 21:21:53 UTC
Table: 'Expresso Nitro(636601376)#0' 3-max (real money) Seat #2 is the button
Seat 2: _SKR (295)
Seat 3: bensun76 (605)
*** ANTE/BLINDS ***
_SKR posts small blind 20
bensun76 posts big blind 40
Dealt to _SKR [5s Ts]
*** PRE-FLOP *** 
_SKR folds
bensun76 collected 60 from pot
*** SUMMARY ***
Total pot 60 | No rake
Seat 3: bensun76 (big blind) won 60


Winamax Poker - Tournament "Expresso Nitro" buyIn: 0.93€ + 0.07€ level: 3 - HandId: #2734182090508599297-12-1677187319 - Holdem no limit (20/40) - 2023/02/23 21:21:59 UTC
Table: 'Expresso Nitro(636601376)#0' 3-max (real money) Seat #3 is the button
Seat 2: _SKR (275)
Seat 3: bensun76 (625)
*** ANTE/BLINDS ***
bensun76 posts small blind 20
_SKR posts big blind 40
Dealt to _SKR [Kd 3h]
*** PRE-FLOP *** 
bensun76 folds
_SKR collected 60 from pot
*** SUMMARY ***
Total pot 60 | No rake
Seat 2: _SKR (big blind) won 60


Winamax Poker - Tournament "Expresso Nitro" buyIn: 0.93€ + 0.07€ level: 3 - HandId: #2734182090508599297-13-1677187323 - Holdem no limit (20/40) - 2023/02/23 21:22:03 UTC
Table: 'Expresso Nitro(636601376)#0' 3-max (real money) Seat #2 is the button
Seat 2: _SKR (295)
Seat 3: bensun76 (605)
*** ANTE/BLINDS ***
_SKR posts small blind 20
bensun76 posts big blind 40
Dealt to _SKR [Jh 5c]
*** PRE-FLOP *** 
_SKR folds
bensun76 collected 60 from pot
*** SUMMARY ***
Total pot 60 | No rake
Seat 3: bensun76 (big blind) won 60


Winamax Poker - Tournament "Expresso Nitro" buyIn: 0.93€ + 0.07€ level: 3 - HandId: #2734182090508599297-14-1677187328 - Holdem no limit (20/40) - 2023/02/23 21:22:08 UTC
Table: 'Expresso Nitro(636601376)#0' 3-max (real money) Seat #3 is the button
Seat 2: _SKR (275)
Seat 3: bensun76 (625)
*** ANTE/BLINDS ***
bensun76 posts small blind 20
_SKR posts big blind 40
Dealt to _SKR [8s 7d]
*** PRE-FLOP *** 
bensun76 raises 585 to 625 and is all-in
_SKR folds
bensun76 collected 665 from pot
*** SUMMARY ***
Total pot 665 | No rake
Seat 3: bensun76 (small blind) (button) won 665


Winamax Poker - Tournament "Expresso Nitro" buyIn: 0.93€ + 0.07€ level: 3 - HandId: #2734182090508599297-15-1677187337 - Holdem no limit (20/40) - 2023/02/23 21:22:17 UTC
Table: 'Expresso Nitro(636601376)#0' 3-max (real money) Seat #2 is the button
Seat 2: _SKR (235)
Seat 3: bensun76 (665)
*** ANTE/BLINDS ***
_SKR posts small blind 20
bensun76 posts big blind 40
Dealt to _SKR [9d Ah]
*** PRE-FLOP *** 
_SKR raises 195 to 235 and is all-in
bensun76 calls 195
*** FLOP *** [Qh Jc 3d]
*** TURN *** [Qh Jc 3d][6h]
*** RIVER *** [Qh Jc 3d 6h][4c]
*** SHOW DOWN ***
_SKR shows [9d Ah] (High card : Ace)
bensun76 shows [5s 3s] (One pair : 3)
bensun76 collected 470 from pot
*** SUMMARY ***
Total pot 470 | No rake
Board: [Qh Jc 3d 6h 4c]
Seat 2: _SKR (small blind) (button) showed [9d Ah] and lost with High card : Ace
Seat 3: bensun76 (big blind) showed [5s 3s] and won 470 with One pair : 3


