Winamax Poker - Tournament "Expresso Nitro" buyIn: 0.93€ + 0.07€ level: 1 - HandId: #2717299682169585665-1-1676216415 - Holdem no limit (10/20) - 2023/02/12 15:40:15 UTC
Table: 'Expresso Nitro(632670634)#0' 3-max (real money) Seat #1 is the button
Seat 1: Lal badshah (300)
Seat 2: Fidouchhe (300)
Seat 3: _SKR (300)
*** ANTE/BLINDS ***
Fidouchhe posts small blind 10
_SKR posts big blind 20
Dealt to _SKR [2d 2h]
*** PRE-FLOP *** 
Lal badshah raises 20 to 40
Fidouchhe folds
_SKR raises 260 to 300 and is all-in
Lal badshah calls 260 and is all-in
*** FLOP *** [Th 9d Ts]
*** TURN *** [Th 9d Ts][7c]
*** RIVER *** [Th 9d Ts 7c][2c]
*** SHOW DOWN ***
Lal badshah shows [Qh 9h] (Two pairs : Tens and 9)
_SKR shows [2d 2h] (Full of 2 and Tens)
_SKR collected 610 from pot
*** SUMMARY ***
Total pot 610 | No rake
Board: [Th 9d Ts 7c 2c]
Seat 1: Lal badshah (button) showed [Qh 9h] and lost with Two pairs : Tens and 9
Seat 3: _SKR (big blind) showed [2d 2h] and won 610 with Full of 2 and Tens


Winamax Poker - Tournament "Expresso Nitro" buyIn: 0.93€ + 0.07€ level: 1 - HandId: #2717299682169585665-2-1676216439 - Holdem no limit (10/20) - 2023/02/12 15:40:39 UTC
Table: 'Expresso Nitro(632670634)#0' 3-max (real money) Seat #3 is the button
Seat 2: Fidouchhe (290)
Seat 3: _SKR (610)
*** ANTE/BLINDS ***
_SKR posts small blind 10
Fidouchhe posts big blind 20
Dealt to _SKR [8c 5h]
*** PRE-FLOP *** 
_SKR folds
Fidouchhe collected 30 from pot
*** SUMMARY ***
Total pot 30 | No rake
Seat 2: Fidouchhe (big blind) won 30


Winamax Poker - Tournament "Expresso Nitro" buyIn: 0.93€ + 0.07€ level: 1 - HandId: #2717299682169585665-3-1676216442 - Holdem no limit (10/20) - 2023/02/12 15:40:42 UTC
Table: 'Expresso Nitro(632670634)#0' 3-max (real money) Seat #2 is the button
Seat 2: Fidouchhe (300)
Seat 3: _SKR (600)
*** ANTE/BLINDS ***
Fidouchhe posts small blind 10
_SKR posts big blind 20
Dealt to _SKR [8c Qc]
*** PRE-FLOP *** 
Fidouchhe raises 40 to 60
_SKR calls 40
*** FLOP *** [9h 5s 7h]
_SKR checks
Fidouchhe bets 20
_SKR folds
Fidouchhe collected 140 from pot
*** SUMMARY ***
Total pot 140 | No rake
Board: [9h 5s 7h]
Seat 2: Fidouchhe (small blind) (button) won 140


Winamax Poker - Tournament "Expresso Nitro" buyIn: 0.93€ + 0.07€ level: 1 - HandId: #2717299682169585665-4-1676216456 - Holdem no limit (10/20) - 2023/02/12 15:40:56 UTC
Table: 'Expresso Nitro(632670634)#0' 3-max (real money) Seat #3 is the button
Seat 2: Fidouchhe (360)
Seat 3: _SKR (540)
*** ANTE/BLINDS ***
_SKR posts small blind 10
Fidouchhe posts big blind 20
Dealt to _SKR [Kd 3d]
*** PRE-FLOP *** 
_SKR raises 20 to 40
Fidouchhe folds
_SKR collected 60 from pot
*** SUMMARY ***
Total pot 60 | No rake
Seat 3: _SKR (small blind) (button) won 60


Winamax Poker - Tournament "Expresso Nitro" buyIn: 0.93€ + 0.07€ level: 1 - HandId: #2717299682169585665-5-1676216464 - Holdem no limit (10/20) - 2023/02/12 15:41:04 UTC
Table: 'Expresso Nitro(632670634)#0' 3-max (real money) Seat #2 is the button
Seat 2: Fidouchhe (340)
Seat 3: _SKR (560)
*** ANTE/BLINDS ***
Fidouchhe posts small blind 10
_SKR posts big blind 20
Dealt to _SKR [2d 9c]
*** PRE-FLOP *** 
Fidouchhe raises 320 to 340 and is all-in
_SKR folds
Fidouchhe collected 360 from pot
*** SUMMARY ***
Total pot 360 | No rake
Seat 2: Fidouchhe (small blind) (button) won 360


Winamax Poker - Tournament "Expresso Nitro" buyIn: 0.93€ + 0.07€ level: 2 - HandId: #2717299682169585665-6-1676216472 - Holdem no limit (15/30) - 2023/02/12 15:41:12 UTC
Table: 'Expresso Nitro(632670634)#0' 3-max (real money) Seat #3 is the button
Seat 2: Fidouchhe (360)
Seat 3: _SKR (540)
*** ANTE/BLINDS ***
_SKR posts small blind 15
Fidouchhe posts big blind 30
Dealt to _SKR [Jc 5c]
*** PRE-FLOP *** 
_SKR folds
Fidouchhe collected 45 from pot
*** SUMMARY ***
Total pot 45 | No rake
Seat 2: Fidouchhe (big blind) won 45


Winamax Poker - Tournament "Expresso Nitro" buyIn: 0.93€ + 0.07€ level: 2 - HandId: #2717299682169585665-7-1676216476 - Holdem no limit (15/30) - 2023/02/12 15:41:16 UTC
Table: 'Expresso Nitro(632670634)#0' 3-max (real money) Seat #2 is the button
Seat 2: Fidouchhe (375)
Seat 3: _SKR (525)
*** ANTE/BLINDS ***
Fidouchhe posts small blind 15
_SKR posts big blind 30
Dealt to _SKR [5h 4h]
*** PRE-FLOP *** 
Fidouchhe folds
_SKR collected 45 from pot
*** SUMMARY ***
Total pot 45 | No rake
Seat 3: _SKR (big blind) won 45


Winamax Poker - Tournament "Expresso Nitro" buyIn: 0.93€ + 0.07€ level: 2 - HandId: #2717299682169585665-8-1676216479 - Holdem no limit (15/30) - 2023/02/12 15:41:19 UTC
Table: 'Expresso Nitro(632670634)#0' 3-max (real money) Seat #3 is the button
Seat 2: Fidouchhe (360)
Seat 3: _SKR (540)
*** ANTE/BLINDS ***
_SKR posts small blind 15
Fidouchhe posts big blind 30
Dealt to _SKR [Qs Ac]
*** PRE-FLOP *** 
_SKR raises 510 to 540 and is all-in
Fidouchhe calls 330 and is all-in
*** FLOP *** [9d 5d 6c]
*** TURN *** [9d 5d 6c][2h]
*** RIVER *** [9d 5d 6c 2h][4d]
*** SHOW DOWN ***
Fidouchhe shows [7d 6s] (One pair : 6)
_SKR shows [Qs Ac] (High card : Ace)
_SKR collected 180 from side pot 1
Fidouchhe collected 720 from main pot
*** SUMMARY ***
Total pot 900 | No rake
Board: [9d 5d 6c 2h 4d]
Seat 2: Fidouchhe (big blind) showed [7d 6s] and won 720 with One pair : 6
Seat 3: _SKR (small blind) (button) showed [Qs Ac] and won 180 with High card : Ace


Winamax Poker - Tournament "Expresso Nitro" buyIn: 0.93€ + 0.07€ level: 2 - HandId: #2717299682169585665-9-1676216495 - Holdem no limit (15/30) - 2023/02/12 15:41:35 UTC
Table: 'Expresso Nitro(632670634)#0' 3-max (real money) Seat #2 is the button
Seat 2: Fidouchhe (720)
Seat 3: _SKR (180)
*** ANTE/BLINDS ***
Fidouchhe posts small blind 15
_SKR posts big blind 30
Dealt to _SKR [9h Js]
*** PRE-FLOP *** 
Fidouchhe raises 690 to 720 and is all-in
_SKR calls 150 and is all-in
*** FLOP *** [Ad 6s Kh]
*** TURN *** [Ad 6s Kh][9c]
*** RIVER *** [Ad 6s Kh 9c][9d]
*** SHOW DOWN ***
Fidouchhe shows [6h 7h] (Two pairs : 9 and 6)
_SKR shows [9h Js] (Trips of 9)
_SKR collected 360 from main pot
Fidouchhe collected 540 from side pot 1
*** SUMMARY ***
Total pot 900 | No rake
Board: [Ad 6s Kh 9c 9d]
Seat 2: Fidouchhe (small blind) (button) showed [6h 7h] and won 540 with Two pairs : 9 and 6
Seat 3: _SKR (big blind) showed [9h Js] and won 360 with Trips of 9


Winamax Poker - Tournament "Expresso Nitro" buyIn: 0.93€ + 0.07€ level: 2 - HandId: #2717299682169585665-10-1676216510 - Holdem no limit (15/30) - 2023/02/12 15:41:50 UTC
Table: 'Expresso Nitro(632670634)#0' 3-max (real money) Seat #3 is the button
Seat 2: Fidouchhe (540)
Seat 3: _SKR (360)
*** ANTE/BLINDS ***
_SKR posts small blind 15
Fidouchhe posts big blind 30
Dealt to _SKR [7d Qs]
*** PRE-FLOP *** 
_SKR folds
Fidouchhe collected 45 from pot
*** SUMMARY ***
Total pot 45 | No rake
Seat 2: Fidouchhe (big blind) won 45


Winamax Poker - Tournament "Expresso Nitro" buyIn: 0.93€ + 0.07€ level: 2 - HandId: #2717299682169585665-11-1676216515 - Holdem no limit (15/30) - 2023/02/12 15:41:55 UTC
Table: 'Expresso Nitro(632670634)#0' 3-max (real money) Seat #2 is the button
Seat 2: Fidouchhe (555)
Seat 3: _SKR (345)
*** ANTE/BLINDS ***
Fidouchhe posts small blind 15
_SKR posts big blind 30
Dealt to _SKR [2h Td]
*** PRE-FLOP *** 
Fidouchhe folds
_SKR collected 45 from pot
*** SUMMARY ***
Total pot 45 | No rake
Seat 3: _SKR (big blind) won 45


Winamax Poker - Tournament "Expresso Nitro" buyIn: 0.93€ + 0.07€ level: 2 - HandId: #2717299682169585665-12-1676216519 - Holdem no limit (15/30) - 2023/02/12 15:41:59 UTC
Table: 'Expresso Nitro(632670634)#0' 3-max (real money) Seat #3 is the button
Seat 2: Fidouchhe (540)
Seat 3: _SKR (360)
*** ANTE/BLINDS ***
_SKR posts small blind 15
Fidouchhe posts big blind 30
Dealt to _SKR [Jd 3c]
*** PRE-FLOP *** 
_SKR folds
Fidouchhe collected 45 from pot
*** SUMMARY ***
Total pot 45 | No rake
Seat 2: Fidouchhe (big blind) won 45


Winamax Poker - Tournament "Expresso Nitro" buyIn: 0.93€ + 0.07€ level: 2 - HandId: #2717299682169585665-13-1676216522 - Holdem no limit (15/30) - 2023/02/12 15:42:02 UTC
Table: 'Expresso Nitro(632670634)#0' 3-max (real money) Seat #2 is the button
Seat 2: Fidouchhe (555)
Seat 3: _SKR (345)
*** ANTE/BLINDS ***
Fidouchhe posts small blind 15
_SKR posts big blind 30
Dealt to _SKR [Js 7h]
*** PRE-FLOP *** 
Fidouchhe raises 525 to 555 and is all-in
_SKR folds
Fidouchhe collected 585 from pot
*** SUMMARY ***
Total pot 585 | No rake
Seat 2: Fidouchhe (small blind) (button) won 585


Winamax Poker - Tournament "Expresso Nitro" buyIn: 0.93€ + 0.07€ level: 2 - HandId: #2717299682169585665-14-1676216530 - Holdem no limit (15/30) - 2023/02/12 15:42:10 UTC
Table: 'Expresso Nitro(632670634)#0' 3-max (real money) Seat #3 is the button
Seat 2: Fidouchhe (585)
Seat 3: _SKR (315)
*** ANTE/BLINDS ***
_SKR posts small blind 15
Fidouchhe posts big blind 30
Dealt to _SKR [6h 3h]
*** PRE-FLOP *** 
_SKR folds
Fidouchhe collected 45 from pot
*** SUMMARY ***
Total pot 45 | No rake
Seat 2: Fidouchhe (big blind) won 45


Winamax Poker - Tournament "Expresso Nitro" buyIn: 0.93€ + 0.07€ level: 3 - HandId: #2717299682169585665-15-1676216534 - Holdem no limit (20/40) - 2023/02/12 15:42:14 UTC
Table: 'Expresso Nitro(632670634)#0' 3-max (real money) Seat #2 is the button
Seat 2: Fidouchhe (600)
Seat 3: _SKR (300)
*** ANTE/BLINDS ***
Fidouchhe posts small blind 20
_SKR posts big blind 40
Dealt to _SKR [As 3c]
*** PRE-FLOP *** 
Fidouchhe folds
_SKR collected 60 from pot
*** SUMMARY ***
Total pot 60 | No rake
Seat 3: _SKR (big blind) won 60


Winamax Poker - Tournament "Expresso Nitro" buyIn: 0.93€ + 0.07€ level: 3 - HandId: #2717299682169585665-16-1676216546 - Holdem no limit (20/40) - 2023/02/12 15:42:26 UTC
Table: 'Expresso Nitro(632670634)#0' 3-max (real money) Seat #3 is the button
Seat 2: Fidouchhe (580)
Seat 3: _SKR (320)
*** ANTE/BLINDS ***
_SKR posts small blind 20
Fidouchhe posts big blind 40
Dealt to _SKR [8c 6d]
*** PRE-FLOP *** 
_SKR folds
Fidouchhe collected 60 from pot
*** SUMMARY ***
Total pot 60 | No rake
Seat 2: Fidouchhe (big blind) won 60


Winamax Poker - Tournament "Expresso Nitro" buyIn: 0.93€ + 0.07€ level: 3 - HandId: #2717299682169585665-17-1676216550 - Holdem no limit (20/40) - 2023/02/12 15:42:30 UTC
Table: 'Expresso Nitro(632670634)#0' 3-max (real money) Seat #2 is the button
Seat 2: Fidouchhe (600)
Seat 3: _SKR (300)
*** ANTE/BLINDS ***
Fidouchhe posts small blind 20
_SKR posts big blind 40
Dealt to _SKR [6c Kh]
*** PRE-FLOP *** 
Fidouchhe raises 560 to 600 and is all-in
_SKR calls 260 and is all-in
*** FLOP *** [6d Ac 3h]
*** TURN *** [6d Ac 3h][2d]
*** RIVER *** [6d Ac 3h 2d][8d]
*** SHOW DOWN ***
Fidouchhe shows [9c Td] (High card : Ace)
_SKR shows [6c Kh] (One pair : 6)
_SKR collected 600 from main pot
Fidouchhe collected 300 from side pot 1
*** SUMMARY ***
Total pot 900 | No rake
Board: [6d Ac 3h 2d 8d]
Seat 2: Fidouchhe (small blind) (button) showed [9c Td] and won 300 with High card : Ace
Seat 3: _SKR (big blind) showed [6c Kh] and won 600 with One pair : 6


Winamax Poker - Tournament "Expresso Nitro" buyIn: 0.93€ + 0.07€ level: 3 - HandId: #2717299682169585665-18-1676216575 - Holdem no limit (20/40) - 2023/02/12 15:42:55 UTC
Table: 'Expresso Nitro(632670634)#0' 3-max (real money) Seat #3 is the button
Seat 2: Fidouchhe (300)
Seat 3: _SKR (600)
*** ANTE/BLINDS ***
_SKR posts small blind 20
Fidouchhe posts big blind 40
Dealt to _SKR [9s Jh]
*** PRE-FLOP *** 
_SKR raises 560 to 600 and is all-in
Fidouchhe folds
_SKR collected 640 from pot
*** SUMMARY ***
Total pot 640 | No rake
Seat 3: _SKR (small blind) (button) won 640


Winamax Poker - Tournament "Expresso Nitro" buyIn: 0.93€ + 0.07€ level: 3 - HandId: #2717299682169585665-19-1676216581 - Holdem no limit (20/40) - 2023/02/12 15:43:01 UTC
Table: 'Expresso Nitro(632670634)#0' 3-max (real money) Seat #2 is the button
Seat 2: Fidouchhe (260)
Seat 3: _SKR (640)
*** ANTE/BLINDS ***
Fidouchhe posts small blind 20
_SKR posts big blind 40
Dealt to _SKR [Th Js]
*** PRE-FLOP *** 
Fidouchhe raises 220 to 260 and is all-in
_SKR calls 220
*** FLOP *** [4h Ts 8s]
*** TURN *** [4h Ts 8s][3d]
*** RIVER *** [4h Ts 8s 3d][Jc]
*** SHOW DOWN ***
Fidouchhe shows [Tc 9s] (One pair : Tens)
_SKR shows [Th Js] (Two pairs : Jacks and Tens)
_SKR collected 520 from pot
*** SUMMARY ***
Total pot 520 | No rake
Board: [4h Ts 8s 3d Jc]
Seat 2: Fidouchhe (small blind) (button) showed [Tc 9s] and lost with One pair : Tens
Seat 3: _SKR (big blind) showed [Th Js] and won 520 with Two pairs : Jacks and Tens


