Winamax Poker - Tournament "Expresso Nitro" buyIn: 0.93€ + 0.07€ level: 1 - HandId: #2717274797129072641-1-1676215210 - Holdem no limit (10/20) - 2023/02/12 15:20:10 UTC
Table: 'Expresso Nitro(632664840)#0' 3-max (real money) Seat #3 is the button
Seat 1: _SKR (300)
Seat 2: Dedezevitch (300)
Seat 3: Lal badshah (300)
*** ANTE/BLINDS ***
_SKR posts small blind 10
Dedezevitch posts big blind 20
Dealt to _SKR [6h 8d]
*** PRE-FLOP *** 
Lal badshah raises 30 to 50
_SKR folds
Dedezevitch folds
Lal badshah collected 80 from pot
*** SUMMARY ***
Total pot 80 | No rake
Seat 3: Lal badshah (button) won 80


Winamax Poker - Tournament "Expresso Nitro" buyIn: 0.93€ + 0.07€ level: 1 - HandId: #2717274797129072641-2-1676215236 - Holdem no limit (10/20) - 2023/02/12 15:20:36 UTC
Table: 'Expresso Nitro(632664840)#0' 3-max (real money) Seat #1 is the button
Seat 1: _SKR (290)
Seat 2: Dedezevitch (280)
Seat 3: Lal badshah (330)
*** ANTE/BLINDS ***
Dedezevitch posts small blind 10
Lal badshah posts big blind 20
Dealt to _SKR [9h 2s]
*** PRE-FLOP *** 
_SKR folds
Dedezevitch calls 10
Lal badshah raises 310 to 330 and is all-in
Dedezevitch calls 260 and is all-in
*** FLOP *** [Qc Js Jd]
*** TURN *** [Qc Js Jd][Ac]
*** RIVER *** [Qc Js Jd Ac][Ad]
*** SHOW DOWN ***
Dedezevitch shows [9c Ks] (Two pairs : Aces and Jacks)
Lal badshah shows [2d 8c] (Two pairs : Aces and Jacks)
Lal badshah collected 50 from side pot 1
Dedezevitch collected 560 from main pot
*** SUMMARY ***
Total pot 610 | No rake
Board: [Qc Js Jd Ac Ad]
Seat 2: Dedezevitch (small blind) showed [9c Ks] and won 560 with Two pairs : Aces and Jacks
Seat 3: Lal badshah (big blind) showed [2d 8c] and won 50 with Two pairs : Aces and Jacks


Winamax Poker - Tournament "Expresso Nitro" buyIn: 0.93€ + 0.07€ level: 1 - HandId: #2717274797129072641-3-1676215252 - Holdem no limit (10/20) - 2023/02/12 15:20:52 UTC
Table: 'Expresso Nitro(632664840)#0' 3-max (real money) Seat #2 is the button
Seat 1: _SKR (290)
Seat 2: Dedezevitch (560)
Seat 3: Lal badshah (50)
*** ANTE/BLINDS ***
Lal badshah posts small blind 10
_SKR posts big blind 20
Dealt to _SKR [6h 3d]
*** PRE-FLOP *** 
Dedezevitch folds
Lal badshah raises 30 to 50 and is all-in
_SKR folds
Lal badshah collected 70 from pot
*** SUMMARY ***
Total pot 70 | No rake
Seat 3: Lal badshah (small blind) won 70


Winamax Poker - Tournament "Expresso Nitro" buyIn: 0.93€ + 0.07€ level: 1 - HandId: #2717274797129072641-4-1676215259 - Holdem no limit (10/20) - 2023/02/12 15:20:59 UTC
Table: 'Expresso Nitro(632664840)#0' 3-max (real money) Seat #3 is the button
Seat 1: _SKR (270)
Seat 2: Dedezevitch (560)
Seat 3: Lal badshah (70)
*** ANTE/BLINDS ***
_SKR posts small blind 10
Dedezevitch posts big blind 20
Dealt to _SKR [3h 8s]
*** PRE-FLOP *** 
Lal badshah raises 50 to 70 and is all-in
_SKR folds
Dedezevitch calls 50
*** FLOP *** [2s 5c 3c]
*** TURN *** [2s 5c 3c][Jh]
*** RIVER *** [2s 5c 3c Jh][5h]
*** SHOW DOWN ***
Lal badshah shows [4c Th] (One pair : 5)
Dedezevitch shows [9s Ts] (One pair : 5)
Dedezevitch collected 150 from pot
*** SUMMARY ***
Total pot 150 | No rake
Board: [2s 5c 3c Jh 5h]
Seat 2: Dedezevitch (big blind) showed [9s Ts] and won 150 with One pair : 5
Seat 3: Lal badshah (button) showed [4c Th] and lost with One pair : 5


Winamax Poker - Tournament "Expresso Nitro" buyIn: 0.93€ + 0.07€ level: 2 - HandId: #2717274797129072641-5-1676215275 - Holdem no limit (15/30) - 2023/02/12 15:21:15 UTC
Table: 'Expresso Nitro(632664840)#0' 3-max (real money) Seat #2 is the button
Seat 1: _SKR (260)
Seat 2: Dedezevitch (640)
*** ANTE/BLINDS ***
Dedezevitch posts small blind 15
_SKR posts big blind 30
Dealt to _SKR [3d As]
*** PRE-FLOP *** 
Dedezevitch calls 15
_SKR raises 230 to 260 and is all-in
Dedezevitch raises 380 to 640 and is all-in
*** FLOP *** [5d Ad 6d]
*** TURN *** [5d Ad 6d][Th]
*** RIVER *** [5d Ad 6d Th][4h]
*** SHOW DOWN ***
_SKR shows [3d As] (One pair : Aces)
Dedezevitch shows [Qd 8s] (High card : Ace)
Dedezevitch collected 380 from side pot 1
_SKR collected 520 from main pot
*** SUMMARY ***
Total pot 900 | No rake
Board: [5d Ad 6d Th 4h]
Seat 1: _SKR (big blind) showed [3d As] and won 520 with One pair : Aces
Seat 2: Dedezevitch (small blind) (button) showed [Qd 8s] and won 380 with High card : Ace


Winamax Poker - Tournament "Expresso Nitro" buyIn: 0.93€ + 0.07€ level: 2 - HandId: #2717274797129072641-6-1676215289 - Holdem no limit (15/30) - 2023/02/12 15:21:29 UTC
Table: 'Expresso Nitro(632664840)#0' 3-max (real money) Seat #1 is the button
Seat 1: _SKR (520)
Seat 2: Dedezevitch (380)
*** ANTE/BLINDS ***
_SKR posts small blind 15
Dedezevitch posts big blind 30
Dealt to _SKR [Ad Jh]
*** PRE-FLOP *** 
_SKR raises 490 to 520 and is all-in
Dedezevitch calls 350 and is all-in
*** FLOP *** [Ah 2c Jc]
*** TURN *** [Ah 2c Jc][Th]
*** RIVER *** [Ah 2c Jc Th][9c]
*** SHOW DOWN ***
Dedezevitch shows [Jd 8s] (One pair : Jacks)
_SKR shows [Ad Jh] (Two pairs : Aces and Jacks)
_SKR collected 900 from pot
*** SUMMARY ***
Total pot 900 | No rake
Board: [Ah 2c Jc Th 9c]
Seat 1: _SKR (small blind) (button) showed [Ad Jh] and won 900 with Two pairs : Aces and Jacks
Seat 2: Dedezevitch (big blind) showed [Jd 8s] and lost with One pair : Jacks


