Winamax Poker - Tournament "Expresso Nitro" buyIn: 0.93€ + 0.07€ level: 1 - HandId: #2717541085101424641-1-1676226311 - Holdem no limit (10/20) - 2023/02/12 18:25:11 UTC
Table: 'Expresso Nitro(632726840)#0' 3-max (real money) Seat #1 is the button
Seat 1: Cassenfer (300)
Seat 2: _SKR (300)
Seat 3: Mallena (300)
*** ANTE/BLINDS ***
_SKR posts small blind 10
Mallena posts big blind 20
Dealt to _SKR [9h Qh]
*** PRE-FLOP *** 
Cassenfer raises 20 to 40
_SKR folds
Mallena raises 260 to 300 and is all-in
Cassenfer calls 260 and is all-in
*** FLOP *** [5d Tc 8c]
*** TURN *** [5d Tc 8c][4c]
*** RIVER *** [5d Tc 8c 4c][9d]
*** SHOW DOWN ***
Cassenfer shows [2s Kd] (High card : King)
Mallena shows [7s 7c] (One pair : 7)
Mallena collected 610 from pot
*** SUMMARY ***
Total pot 610 | No rake
Board: [5d Tc 8c 4c 9d]
Seat 1: Cassenfer (button) showed [2s Kd] and lost with High card : King
Seat 3: Mallena (big blind) showed [7s 7c] and won 610 with One pair : 7


Winamax Poker - Tournament "Expresso Nitro" buyIn: 0.93€ + 0.07€ level: 1 - HandId: #2717541085101424641-2-1676226333 - Holdem no limit (10/20) - 2023/02/12 18:25:33 UTC
Table: 'Expresso Nitro(632726840)#0' 3-max (real money) Seat #3 is the button
Seat 2: _SKR (290)
Seat 3: Mallena (610)
*** ANTE/BLINDS ***
Mallena posts small blind 10
_SKR posts big blind 20
Dealt to _SKR [Jh 4d]
*** PRE-FLOP *** 
Mallena calls 10
_SKR checks
*** FLOP *** [3h 5d Jd]
_SKR checks
Mallena bets 20
_SKR calls 20
*** TURN *** [3h 5d Jd][4h]
_SKR checks
Mallena checks
*** RIVER *** [3h 5d Jd 4h][6d]
_SKR checks
Mallena checks
*** SHOW DOWN ***
Mallena shows [5c 6h] (Two pairs : 6 and 5)
_SKR shows [Jh 4d] (Two pairs : Jacks and 4)
_SKR collected 80 from pot
*** SUMMARY ***
Total pot 80 | No rake
Board: [3h 5d Jd 4h 6d]
Seat 2: _SKR (big blind) showed [Jh 4d] and won 80 with Two pairs : Jacks and 4
Seat 3: Mallena (small blind) (button) showed [5c 6h] and lost with Two pairs : 6 and 5


Winamax Poker - Tournament "Expresso Nitro" buyIn: 0.93€ + 0.07€ level: 2 - HandId: #2717541085101424641-3-1676226378 - Holdem no limit (15/30) - 2023/02/12 18:26:18 UTC
Table: 'Expresso Nitro(632726840)#0' 3-max (real money) Seat #2 is the button
Seat 2: _SKR (330)
Seat 3: Mallena (570)
*** ANTE/BLINDS ***
_SKR posts small blind 15
Mallena posts big blind 30
Dealt to _SKR [4c Kd]
*** PRE-FLOP *** 
_SKR calls 15
Mallena raises 540 to 570 and is all-in
_SKR folds
Mallena collected 600 from pot
*** SUMMARY ***
Total pot 600 | No rake
Seat 3: Mallena (big blind) won 600


Winamax Poker - Tournament "Expresso Nitro" buyIn: 0.93€ + 0.07€ level: 2 - HandId: #2717541085101424641-4-1676226395 - Holdem no limit (15/30) - 2023/02/12 18:26:35 UTC
Table: 'Expresso Nitro(632726840)#0' 3-max (real money) Seat #3 is the button
Seat 2: _SKR (300)
Seat 3: Mallena (600)
*** ANTE/BLINDS ***
Mallena posts small blind 15
_SKR posts big blind 30
Dealt to _SKR [Tc 7d]
*** PRE-FLOP *** 
Mallena calls 15
_SKR checks
*** FLOP *** [Th 7h 9s]
_SKR bets 39
Mallena folds
_SKR collected 99 from pot
*** SUMMARY ***
Total pot 99 | No rake
Board: [Th 7h 9s]
Seat 2: _SKR (big blind) won 99


Winamax Poker - Tournament "Expresso Nitro" buyIn: 0.93€ + 0.07€ level: 2 - HandId: #2717541085101424641-5-1676226418 - Holdem no limit (15/30) - 2023/02/12 18:26:58 UTC
Table: 'Expresso Nitro(632726840)#0' 3-max (real money) Seat #2 is the button
Seat 2: _SKR (330)
Seat 3: Mallena (570)
*** ANTE/BLINDS ***
_SKR posts small blind 15
Mallena posts big blind 30
Dealt to _SKR [2s 3s]
*** PRE-FLOP *** 
_SKR folds
Mallena collected 45 from pot
*** SUMMARY ***
Total pot 45 | No rake
Seat 3: Mallena (big blind) won 45


Winamax Poker - Tournament "Expresso Nitro" buyIn: 0.93€ + 0.07€ level: 2 - HandId: #2717541085101424641-6-1676226422 - Holdem no limit (15/30) - 2023/02/12 18:27:02 UTC
Table: 'Expresso Nitro(632726840)#0' 3-max (real money) Seat #3 is the button
Seat 2: _SKR (315)
Seat 3: Mallena (585)
*** ANTE/BLINDS ***
Mallena posts small blind 15
_SKR posts big blind 30
Dealt to _SKR [2h 3h]
*** PRE-FLOP *** 
Mallena calls 15
_SKR checks
*** FLOP *** [4h Qc As]
_SKR checks
Mallena bets 30
_SKR folds
Mallena collected 90 from pot
*** SUMMARY ***
Total pot 90 | No rake
Board: [4h Qc As]
Seat 3: Mallena (small blind) (button) won 90


Winamax Poker - Tournament "Expresso Nitro" buyIn: 0.93€ + 0.07€ level: 3 - HandId: #2717541085101424641-7-1676226440 - Holdem no limit (20/40) - 2023/02/12 18:27:20 UTC
Table: 'Expresso Nitro(632726840)#0' 3-max (real money) Seat #2 is the button
Seat 2: _SKR (285)
Seat 3: Mallena (615)
*** ANTE/BLINDS ***
_SKR posts small blind 20
Mallena posts big blind 40
Dealt to _SKR [8s 5d]
*** PRE-FLOP *** 
_SKR folds
Mallena collected 60 from pot
*** SUMMARY ***
Total pot 60 | No rake
Seat 3: Mallena (big blind) won 60


Winamax Poker - Tournament "Expresso Nitro" buyIn: 0.93€ + 0.07€ level: 3 - HandId: #2717541085101424641-8-1676226445 - Holdem no limit (20/40) - 2023/02/12 18:27:25 UTC
Table: 'Expresso Nitro(632726840)#0' 3-max (real money) Seat #3 is the button
Seat 2: _SKR (265)
Seat 3: Mallena (635)
*** ANTE/BLINDS ***
Mallena posts small blind 20
_SKR posts big blind 40
Dealt to _SKR [5s 6c]
*** PRE-FLOP *** 
Mallena raises 595 to 635 and is all-in
_SKR folds
Mallena collected 675 from pot
*** SUMMARY ***
Total pot 675 | No rake
Seat 3: Mallena (small blind) (button) won 675


Winamax Poker - Tournament "Expresso Nitro" buyIn: 0.93€ + 0.07€ level: 3 - HandId: #2717541085101424641-9-1676226451 - Holdem no limit (20/40) - 2023/02/12 18:27:31 UTC
Table: 'Expresso Nitro(632726840)#0' 3-max (real money) Seat #2 is the button
Seat 2: _SKR (225)
Seat 3: Mallena (675)
*** ANTE/BLINDS ***
_SKR posts small blind 20
Mallena posts big blind 40
Dealt to _SKR [6c 8s]
*** PRE-FLOP *** 
_SKR folds
Mallena collected 60 from pot
*** SUMMARY ***
Total pot 60 | No rake
Seat 3: Mallena (big blind) won 60


Winamax Poker - Tournament "Expresso Nitro" buyIn: 0.93€ + 0.07€ level: 3 - HandId: #2717541085101424641-10-1676226455 - Holdem no limit (20/40) - 2023/02/12 18:27:35 UTC
Table: 'Expresso Nitro(632726840)#0' 3-max (real money) Seat #3 is the button
Seat 2: _SKR (205)
Seat 3: Mallena (695)
*** ANTE/BLINDS ***
Mallena posts small blind 20
_SKR posts big blind 40
Dealt to _SKR [9d Kc]
*** PRE-FLOP *** 
Mallena raises 655 to 695 and is all-in
_SKR calls 165 and is all-in
*** FLOP *** [8h 2s 7c]
*** TURN *** [8h 2s 7c][As]
*** RIVER *** [8h 2s 7c As][2d]
*** SHOW DOWN ***
_SKR shows [9d Kc] (One pair : 2)
Mallena shows [5h Th] (One pair : 2)
Mallena collected 490 from side pot 1
_SKR collected 410 from main pot
*** SUMMARY ***
Total pot 900 | No rake
Board: [8h 2s 7c As 2d]
Seat 2: _SKR (big blind) showed [9d Kc] and won 410 with One pair : 2
Seat 3: Mallena (small blind) (button) showed [5h Th] and won 490 with One pair : 2


Winamax Poker - Tournament "Expresso Nitro" buyIn: 0.93€ + 0.07€ level: 3 - HandId: #2717541085101424641-11-1676226467 - Holdem no limit (20/40) - 2023/02/12 18:27:47 UTC
Table: 'Expresso Nitro(632726840)#0' 3-max (real money) Seat #2 is the button
Seat 2: _SKR (410)
Seat 3: Mallena (490)
*** ANTE/BLINDS ***
_SKR posts small blind 20
Mallena posts big blind 40
Dealt to _SKR [Kh Tc]
*** PRE-FLOP *** 
_SKR raises 370 to 410 and is all-in
Mallena folds
_SKR collected 450 from pot
*** SUMMARY ***
Total pot 450 | No rake
Seat 2: _SKR (small blind) (button) won 450


Winamax Poker - Tournament "Expresso Nitro" buyIn: 0.93€ + 0.07€ level: 3 - HandId: #2717541085101424641-12-1676226477 - Holdem no limit (20/40) - 2023/02/12 18:27:57 UTC
Table: 'Expresso Nitro(632726840)#0' 3-max (real money) Seat #3 is the button
Seat 2: _SKR (450)
Seat 3: Mallena (450)
*** ANTE/BLINDS ***
Mallena posts small blind 20
_SKR posts big blind 40
Dealt to _SKR [Ks 8d]
*** PRE-FLOP *** 
Mallena calls 20
_SKR raises 410 to 450 and is all-in
Mallena folds
_SKR collected 490 from pot
*** SUMMARY ***
Total pot 490 | No rake
Seat 2: _SKR (big blind) won 490


Winamax Poker - Tournament "Expresso Nitro" buyIn: 0.93€ + 0.07€ level: 3 - HandId: #2717541085101424641-13-1676226486 - Holdem no limit (20/40) - 2023/02/12 18:28:06 UTC
Table: 'Expresso Nitro(632726840)#0' 3-max (real money) Seat #2 is the button
Seat 2: _SKR (490)
Seat 3: Mallena (410)
*** ANTE/BLINDS ***
_SKR posts small blind 20
Mallena posts big blind 40
Dealt to _SKR [8c Tc]
*** PRE-FLOP *** 
_SKR calls 20
Mallena checks
*** FLOP *** [2d Kd 7d]
Mallena checks
_SKR checks
*** TURN *** [2d Kd 7d][2h]
Mallena checks
_SKR checks
*** RIVER *** [2d Kd 7d 2h][6d]
Mallena checks
_SKR checks
*** SHOW DOWN ***
_SKR shows [8c Tc] (One pair : 2)
Mallena shows [9s 6h] (Two pairs : 6 and 2)
Mallena collected 80 from pot
*** SUMMARY ***
Total pot 80 | No rake
Board: [2d Kd 7d 2h 6d]
Seat 2: _SKR (small blind) (button) showed [8c Tc] and lost with One pair : 2
Seat 3: Mallena (big blind) showed [9s 6h] and won 80 with Two pairs : 6 and 2


Winamax Poker - Tournament "Expresso Nitro" buyIn: 0.93€ + 0.07€ level: 4 - HandId: #2717541085101424641-14-1676226521 - Holdem no limit (30/60) - 2023/02/12 18:28:41 UTC
Table: 'Expresso Nitro(632726840)#0' 3-max (real money) Seat #3 is the button
Seat 2: _SKR (450)
Seat 3: Mallena (450)
*** ANTE/BLINDS ***
Mallena posts small blind 30
_SKR posts big blind 60
Dealt to _SKR [4s 6h]
*** PRE-FLOP *** 
Mallena raises 390 to 450 and is all-in
_SKR folds
Mallena collected 510 from pot
*** SUMMARY ***
Total pot 510 | No rake
Seat 3: Mallena (small blind) (button) won 510


Winamax Poker - Tournament "Expresso Nitro" buyIn: 0.93€ + 0.07€ level: 4 - HandId: #2717541085101424641-15-1676226529 - Holdem no limit (30/60) - 2023/02/12 18:28:49 UTC
Table: 'Expresso Nitro(632726840)#0' 3-max (real money) Seat #2 is the button
Seat 2: _SKR (390)
Seat 3: Mallena (510)
*** ANTE/BLINDS ***
_SKR posts small blind 30
Mallena posts big blind 60
Dealt to _SKR [Qh Qs]
*** PRE-FLOP *** 
_SKR raises 330 to 390 and is all-in
Mallena folds
_SKR collected 450 from pot
*** SUMMARY ***
Total pot 450 | No rake
Seat 2: _SKR (small blind) (button) won 450


Winamax Poker - Tournament "Expresso Nitro" buyIn: 0.93€ + 0.07€ level: 5 - HandId: #2717541085101424641-16-1676226552 - Holdem no limit (40/80) - 2023/02/12 18:29:12 UTC
Table: 'Expresso Nitro(632726840)#0' 3-max (real money) Seat #3 is the button
Seat 2: _SKR (450)
Seat 3: Mallena (450)
*** ANTE/BLINDS ***
Mallena posts small blind 40
_SKR posts big blind 80
Dealt to _SKR [5h 2s]
*** PRE-FLOP *** 
Mallena raises 370 to 450 and is all-in
_SKR folds
Mallena collected 530 from pot
*** SUMMARY ***
Total pot 530 | No rake
Seat 3: Mallena (small blind) (button) won 530


Winamax Poker - Tournament "Expresso Nitro" buyIn: 0.93€ + 0.07€ level: 5 - HandId: #2717541085101424641-17-1676226557 - Holdem no limit (40/80) - 2023/02/12 18:29:17 UTC
Table: 'Expresso Nitro(632726840)#0' 3-max (real money) Seat #2 is the button
Seat 2: _SKR (370)
Seat 3: Mallena (530)
*** ANTE/BLINDS ***
_SKR posts small blind 40
Mallena posts big blind 80
Dealt to _SKR [Td Qs]
*** PRE-FLOP *** 
_SKR raises 290 to 370 and is all-in
Mallena folds
_SKR collected 450 from pot
*** SUMMARY ***
Total pot 450 | No rake
Seat 2: _SKR (small blind) (button) won 450


Winamax Poker - Tournament "Expresso Nitro" buyIn: 0.93€ + 0.07€ level: 5 - HandId: #2717541085101424641-18-1676226574 - Holdem no limit (40/80) - 2023/02/12 18:29:34 UTC
Table: 'Expresso Nitro(632726840)#0' 3-max (real money) Seat #3 is the button
Seat 2: _SKR (450)
Seat 3: Mallena (450)
*** ANTE/BLINDS ***
Mallena posts small blind 40
_SKR posts big blind 80
Dealt to _SKR [5h Qs]
*** PRE-FLOP *** 
Mallena folds
_SKR collected 120 from pot
*** SUMMARY ***
Total pot 120 | No rake
Seat 2: _SKR (big blind) won 120


Winamax Poker - Tournament "Expresso Nitro" buyIn: 0.93€ + 0.07€ level: 5 - HandId: #2717541085101424641-19-1676226582 - Holdem no limit (40/80) - 2023/02/12 18:29:42 UTC
Table: 'Expresso Nitro(632726840)#0' 3-max (real money) Seat #2 is the button
Seat 2: _SKR (490)
Seat 3: Mallena (410)
*** ANTE/BLINDS ***
_SKR posts small blind 40
Mallena posts big blind 80
Dealt to _SKR [2c Js]
*** PRE-FLOP *** 
_SKR folds
Mallena collected 120 from pot
*** SUMMARY ***
Total pot 120 | No rake
Seat 3: Mallena (big blind) won 120


Winamax Poker - Tournament "Expresso Nitro" buyIn: 0.93€ + 0.07€ level: 5 - HandId: #2717541085101424641-20-1676226588 - Holdem no limit (40/80) - 2023/02/12 18:29:48 UTC
Table: 'Expresso Nitro(632726840)#0' 3-max (real money) Seat #3 is the button
Seat 2: _SKR (450)
Seat 3: Mallena (450)
*** ANTE/BLINDS ***
Mallena posts small blind 40
_SKR posts big blind 80
Dealt to _SKR [7c Qh]
*** PRE-FLOP *** 
Mallena raises 370 to 450 and is all-in
_SKR calls 370 and is all-in
*** FLOP *** [6s 7h 6h]
*** TURN *** [6s 7h 6h][Jh]
*** RIVER *** [6s 7h 6h Jh][5h]
*** SHOW DOWN ***
Mallena shows [Td Ts] (Two pairs : Tens and 6)
_SKR shows [7c Qh] (Flush Queen high)
_SKR collected 900 from pot
*** SUMMARY ***
Total pot 900 | No rake
Board: [6s 7h 6h Jh 5h]
Seat 2: _SKR (big blind) showed [7c Qh] and won 900 with Flush Queen high
Seat 3: Mallena (small blind) (button) showed [Td Ts] and lost with Two pairs : Tens and 6


