Winamax Poker - Tournament "Expresso Nitro" buyIn: 0.93€ + 0.07€ level: 1 - HandId: #2729131037169811457-1-1676902158 - Holdem no limit (10/20) - 2023/02/20 14:09:18 UTC
Table: 'Expresso Nitro(635425336)#0' 3-max (real money) Seat #2 is the button
Seat 1: betbetbet (300)
Seat 2: Zeeroo (300)
Seat 3: _SKR (300)
*** ANTE/BLINDS ***
_SKR posts small blind 10
betbetbet posts big blind 20
Dealt to _SKR [5s 6s]
*** PRE-FLOP *** 
Zeeroo calls 20
_SKR folds
betbetbet checks
*** FLOP *** [6h 9c 9d]
betbetbet checks
Zeeroo checks
*** TURN *** [6h 9c 9d][Qs]
betbetbet bets 33
Zeeroo folds
betbetbet collected 83 from pot
*** SUMMARY ***
Total pot 83 | No rake
Board: [6h 9c 9d Qs]
Seat 1: betbetbet (big blind) won 83


Winamax Poker - Tournament "Expresso Nitro" buyIn: 0.93€ + 0.07€ level: 1 - HandId: #2729131037169811457-2-1676902185 - Holdem no limit (10/20) - 2023/02/20 14:09:45 UTC
Table: 'Expresso Nitro(635425336)#0' 3-max (real money) Seat #3 is the button
Seat 1: betbetbet (330)
Seat 2: Zeeroo (280)
Seat 3: _SKR (290)
*** ANTE/BLINDS ***
betbetbet posts small blind 10
Zeeroo posts big blind 20
Dealt to _SKR [9c 7c]
*** PRE-FLOP *** 
_SKR folds
betbetbet raises 40 to 60
Zeeroo calls 40
*** FLOP *** [Qc As 7s]
betbetbet bets 78
Zeeroo raises 142 to 220 and is all-in
betbetbet raises 50 to 270 and is all-in
*** TURN *** [Qc As 7s][4c]
*** RIVER *** [Qc As 7s 4c][7h]
*** SHOW DOWN ***
Zeeroo shows [4s 5s] (Two pairs : 7 and 4)
betbetbet shows [Qs Kc] (Two pairs : Queens and 7)
betbetbet collected 610 from pot
*** SUMMARY ***
Total pot 610 | No rake
Board: [Qc As 7s 4c 7h]
Seat 1: betbetbet (small blind) showed [Qs Kc] and won 610 with Two pairs : Queens and 7
Seat 2: Zeeroo (big blind) showed [4s 5s] and lost with Two pairs : 7 and 4


Winamax Poker - Tournament "Expresso Nitro" buyIn: 0.93€ + 0.07€ level: 1 - HandId: #2729131037169811457-3-1676902211 - Holdem no limit (10/20) - 2023/02/20 14:10:11 UTC
Table: 'Expresso Nitro(635425336)#0' 3-max (real money) Seat #3 is the button
Seat 1: betbetbet (610)
Seat 3: _SKR (290)
*** ANTE/BLINDS ***
_SKR posts small blind 10
betbetbet posts big blind 20
Dealt to _SKR [Qd 9c]
*** PRE-FLOP *** 
_SKR raises 20 to 40
betbetbet raises 80 to 120
_SKR folds
betbetbet collected 160 from pot
*** SUMMARY ***
Total pot 160 | No rake
Seat 1: betbetbet (big blind) won 160


Winamax Poker - Tournament "Expresso Nitro" buyIn: 0.93€ + 0.07€ level: 2 - HandId: #2729131037169811457-4-1676902220 - Holdem no limit (15/30) - 2023/02/20 14:10:20 UTC
Table: 'Expresso Nitro(635425336)#0' 3-max (real money) Seat #1 is the button
Seat 1: betbetbet (650)
Seat 3: _SKR (250)
*** ANTE/BLINDS ***
betbetbet posts small blind 15
_SKR posts big blind 30
Dealt to _SKR [7d Kh]
*** PRE-FLOP *** 
betbetbet raises 60 to 90
_SKR raises 160 to 250 and is all-in
betbetbet raises 400 to 650 and is all-in
*** FLOP *** [2d 7c Tc]
*** TURN *** [2d 7c Tc][Js]
*** RIVER *** [2d 7c Tc Js][2s]
*** SHOW DOWN ***
betbetbet shows [Qd Ac] (One pair : 2)
_SKR shows [7d Kh] (Two pairs : 7 and 2)
_SKR collected 500 from main pot
betbetbet collected 400 from side pot 1
*** SUMMARY ***
Total pot 900 | No rake
Board: [2d 7c Tc Js 2s]
Seat 1: betbetbet (small blind) (button) showed [Qd Ac] and won 400 with One pair : 2
Seat 3: _SKR (big blind) showed [7d Kh] and won 500 with Two pairs : 7 and 2


Winamax Poker - Tournament "Expresso Nitro" buyIn: 0.93€ + 0.07€ level: 2 - HandId: #2729131037169811457-5-1676902233 - Holdem no limit (15/30) - 2023/02/20 14:10:33 UTC
Table: 'Expresso Nitro(635425336)#0' 3-max (real money) Seat #3 is the button
Seat 1: betbetbet (400)
Seat 3: _SKR (500)
*** ANTE/BLINDS ***
_SKR posts small blind 15
betbetbet posts big blind 30
Dealt to _SKR [7s 6c]
*** PRE-FLOP *** 
_SKR folds
betbetbet collected 45 from pot
*** SUMMARY ***
Total pot 45 | No rake
Seat 1: betbetbet (big blind) won 45


Winamax Poker - Tournament "Expresso Nitro" buyIn: 0.93€ + 0.07€ level: 2 - HandId: #2729131037169811457-6-1676902237 - Holdem no limit (15/30) - 2023/02/20 14:10:37 UTC
Table: 'Expresso Nitro(635425336)#0' 3-max (real money) Seat #1 is the button
Seat 1: betbetbet (415)
Seat 3: _SKR (485)
*** ANTE/BLINDS ***
betbetbet posts small blind 15
_SKR posts big blind 30
Dealt to _SKR [4h 8d]
*** PRE-FLOP *** 
betbetbet calls 15
_SKR checks
*** FLOP *** [Kc As 3c]
_SKR checks
betbetbet bets 39
_SKR folds
betbetbet collected 99 from pot
*** SUMMARY ***
Total pot 99 | No rake
Board: [Kc As 3c]
Seat 1: betbetbet (small blind) (button) won 99


Winamax Poker - Tournament "Expresso Nitro" buyIn: 0.93€ + 0.07€ level: 2 - HandId: #2729131037169811457-7-1676902253 - Holdem no limit (15/30) - 2023/02/20 14:10:53 UTC
Table: 'Expresso Nitro(635425336)#0' 3-max (real money) Seat #3 is the button
Seat 1: betbetbet (445)
Seat 3: _SKR (455)
*** ANTE/BLINDS ***
_SKR posts small blind 15
betbetbet posts big blind 30
Dealt to _SKR [4d 7s]
*** PRE-FLOP *** 
_SKR calls 15
betbetbet checks
*** FLOP *** [Ts 3c 8h]
betbetbet checks
_SKR bets 30
betbetbet folds
_SKR collected 90 from pot
*** SUMMARY ***
Total pot 90 | No rake
Board: [Ts 3c 8h]
Seat 3: _SKR (small blind) (button) won 90


Winamax Poker - Tournament "Expresso Nitro" buyIn: 0.93€ + 0.07€ level: 2 - HandId: #2729131037169811457-8-1676902273 - Holdem no limit (15/30) - 2023/02/20 14:11:13 UTC
Table: 'Expresso Nitro(635425336)#0' 3-max (real money) Seat #1 is the button
Seat 1: betbetbet (415)
Seat 3: _SKR (485)
*** ANTE/BLINDS ***
betbetbet posts small blind 15
_SKR posts big blind 30
Dealt to _SKR [4s 6h]
*** PRE-FLOP *** 
betbetbet raises 385 to 415 and is all-in
_SKR folds
betbetbet collected 445 from pot
*** SUMMARY ***
Total pot 445 | No rake
Seat 1: betbetbet (small blind) (button) won 445


Winamax Poker - Tournament "Expresso Nitro" buyIn: 0.93€ + 0.07€ level: 3 - HandId: #2729131037169811457-9-1676902283 - Holdem no limit (20/40) - 2023/02/20 14:11:23 UTC
Table: 'Expresso Nitro(635425336)#0' 3-max (real money) Seat #3 is the button
Seat 1: betbetbet (445)
Seat 3: _SKR (455)
*** ANTE/BLINDS ***
_SKR posts small blind 20
betbetbet posts big blind 40
Dealt to _SKR [9s Qd]
*** PRE-FLOP *** 
_SKR raises 415 to 455 and is all-in
betbetbet calls 405 and is all-in
*** FLOP *** [Ad 3d 8h]
*** TURN *** [Ad 3d 8h][5d]
*** RIVER *** [Ad 3d 8h 5d][Th]
*** SHOW DOWN ***
betbetbet shows [Js 4c] (High card : Ace)
_SKR shows [9s Qd] (High card : Ace)
_SKR collected 900 from pot
*** SUMMARY ***
Total pot 900 | No rake
Board: [Ad 3d 8h 5d Th]
Seat 1: betbetbet (big blind) showed [Js 4c] and lost with High card : Ace
Seat 3: _SKR (small blind) (button) showed [9s Qd] and won 900 with High card : Ace


