Winamax Poker - Tournament "Expresso Nitro" buyIn: 0.93€ + 0.07€ level: 1 - HandId: #2717575470609596417-1-1676227521 - Holdem no limit (10/20) - 2023/02/12 18:45:21 UTC
Table: 'Expresso Nitro(632734846)#0' 3-max (real money) Seat #1 is the button
Seat 1: koukeh (300)
Seat 2: _SKR (300)
Seat 3: Kws-python (300)
*** ANTE/BLINDS ***
_SKR posts small blind 10
Kws-python posts big blind 20
Dealt to _SKR [Td Th]
*** PRE-FLOP *** 
koukeh folds
_SKR raises 20 to 40
Kws-python calls 20
*** FLOP *** [7h 3c 5d]
_SKR bets 40
Kws-python calls 40
*** TURN *** [7h 3c 5d][Jh]
_SKR bets 80
Kws-python folds
_SKR collected 240 from pot
*** SUMMARY ***
Total pot 240 | No rake
Board: [7h 3c 5d Jh]
Seat 2: _SKR (small blind) won 240


Winamax Poker - Tournament "Expresso Nitro" buyIn: 0.93€ + 0.07€ level: 1 - HandId: #2717575470609596417-2-1676227553 - Holdem no limit (10/20) - 2023/02/12 18:45:53 UTC
Table: 'Expresso Nitro(632734846)#0' 3-max (real money) Seat #2 is the button
Seat 1: koukeh (300)
Seat 2: _SKR (380)
Seat 3: Kws-python (220)
*** ANTE/BLINDS ***
Kws-python posts small blind 10
koukeh posts big blind 20
Dealt to _SKR [Jh Js]
*** PRE-FLOP *** 
_SKR raises 20 to 40
Kws-python folds
koukeh calls 20
*** FLOP *** [Ts 5s Ac]
koukeh checks
_SKR checks
*** TURN *** [Ts 5s Ac][7h]
koukeh checks
_SKR checks
*** RIVER *** [Ts 5s Ac 7h][4c]
koukeh checks
_SKR bets 45
koukeh calls 45
*** SHOW DOWN ***
koukeh shows [9c 5c] (One pair : 5)
_SKR shows [Jh Js] (One pair : Jacks)
_SKR collected 180 from pot
*** SUMMARY ***
Total pot 180 | No rake
Board: [Ts 5s Ac 7h 4c]
Seat 1: koukeh (big blind) showed [9c 5c] and lost with One pair : 5
Seat 2: _SKR (button) showed [Jh Js] and won 180 with One pair : Jacks


Winamax Poker - Tournament "Expresso Nitro" buyIn: 0.93€ + 0.07€ level: 2 - HandId: #2717575470609596417-3-1676227600 - Holdem no limit (15/30) - 2023/02/12 18:46:40 UTC
Table: 'Expresso Nitro(632734846)#0' 3-max (real money) Seat #3 is the button
Seat 1: koukeh (215)
Seat 2: _SKR (475)
Seat 3: Kws-python (210)
*** ANTE/BLINDS ***
koukeh posts small blind 15
_SKR posts big blind 30
Dealt to _SKR [4d Ad]
*** PRE-FLOP *** 
Kws-python folds
koukeh raises 185 to 215 and is all-in
_SKR calls 185
*** FLOP *** [8d Ts 3h]
*** TURN *** [8d Ts 3h][8c]
*** RIVER *** [8d Ts 3h 8c][2h]
*** SHOW DOWN ***
_SKR shows [4d Ad] (One pair : 8)
koukeh shows [8s 9c] (Trips of 8)
koukeh collected 430 from pot
*** SUMMARY ***
Total pot 430 | No rake
Board: [8d Ts 3h 8c 2h]
Seat 1: koukeh (small blind) showed [8s 9c] and won 430 with Trips of 8
Seat 2: _SKR (big blind) showed [4d Ad] and lost with One pair : 8


Winamax Poker - Tournament "Expresso Nitro" buyIn: 0.93€ + 0.07€ level: 2 - HandId: #2717575470609596417-4-1676227614 - Holdem no limit (15/30) - 2023/02/12 18:46:54 UTC
Table: 'Expresso Nitro(632734846)#0' 3-max (real money) Seat #1 is the button
Seat 1: koukeh (430)
Seat 2: _SKR (260)
Seat 3: Kws-python (210)
*** ANTE/BLINDS ***
_SKR posts small blind 15
Kws-python posts big blind 30
Dealt to _SKR [Td Th]
*** PRE-FLOP *** 
koukeh folds
_SKR raises 230 to 260 and is all-in
Kws-python calls 180 and is all-in
*** FLOP *** [Kd 2s 3s]
*** TURN *** [Kd 2s 3s][Kh]
*** RIVER *** [Kd 2s 3s Kh][Ks]
*** SHOW DOWN ***
Kws-python shows [Ah Qc] (Trips of Kings)
_SKR shows [Td Th] (Full of Kings and Tens)
_SKR collected 470 from pot
*** SUMMARY ***
Total pot 470 | No rake
Board: [Kd 2s 3s Kh Ks]
Seat 2: _SKR (small blind) showed [Td Th] and won 470 with Full of Kings and Tens
Seat 3: Kws-python (big blind) showed [Ah Qc] and lost with Trips of Kings


Winamax Poker - Tournament "Expresso Nitro" buyIn: 0.93€ + 0.07€ level: 2 - HandId: #2717575470609596417-5-1676227631 - Holdem no limit (15/30) - 2023/02/12 18:47:11 UTC
Table: 'Expresso Nitro(632734846)#0' 3-max (real money) Seat #1 is the button
Seat 1: koukeh (430)
Seat 2: _SKR (470)
*** ANTE/BLINDS ***
koukeh posts small blind 15
_SKR posts big blind 30
Dealt to _SKR [4s 8c]
*** PRE-FLOP *** 
koukeh raises 400 to 430 and is all-in
_SKR folds
koukeh collected 460 from pot
*** SUMMARY ***
Total pot 460 | No rake
Seat 1: koukeh (small blind) (button) won 460


Winamax Poker - Tournament "Expresso Nitro" buyIn: 0.93€ + 0.07€ level: 3 - HandId: #2717575470609596417-6-1676227637 - Holdem no limit (20/40) - 2023/02/12 18:47:17 UTC
Table: 'Expresso Nitro(632734846)#0' 3-max (real money) Seat #2 is the button
Seat 1: koukeh (460)
Seat 2: _SKR (440)
*** ANTE/BLINDS ***
_SKR posts small blind 20
koukeh posts big blind 40
Dealt to _SKR [8d 6s]
*** PRE-FLOP *** 
_SKR folds
koukeh collected 60 from pot
*** SUMMARY ***
Total pot 60 | No rake
Seat 1: koukeh (big blind) won 60


Winamax Poker - Tournament "Expresso Nitro" buyIn: 0.93€ + 0.07€ level: 3 - HandId: #2717575470609596417-7-1676227644 - Holdem no limit (20/40) - 2023/02/12 18:47:24 UTC
Table: 'Expresso Nitro(632734846)#0' 3-max (real money) Seat #1 is the button
Seat 1: koukeh (480)
Seat 2: _SKR (420)
*** ANTE/BLINDS ***
koukeh posts small blind 20
_SKR posts big blind 40
Dealt to _SKR [4d 6c]
*** PRE-FLOP *** 
koukeh raises 440 to 480 and is all-in
_SKR folds
koukeh collected 520 from pot
*** SUMMARY ***
Total pot 520 | No rake
Seat 1: koukeh (small blind) (button) won 520


Winamax Poker - Tournament "Expresso Nitro" buyIn: 0.93€ + 0.07€ level: 3 - HandId: #2717575470609596417-8-1676227659 - Holdem no limit (20/40) - 2023/02/12 18:47:39 UTC
Table: 'Expresso Nitro(632734846)#0' 3-max (real money) Seat #2 is the button
Seat 1: koukeh (520)
Seat 2: _SKR (380)
*** ANTE/BLINDS ***
_SKR posts small blind 20
koukeh posts big blind 40
Dealt to _SKR [Ad 6h]
*** PRE-FLOP *** 
_SKR raises 340 to 380 and is all-in
koukeh folds
_SKR collected 420 from pot
*** SUMMARY ***
Total pot 420 | No rake
Seat 2: _SKR (small blind) (button) won 420


Winamax Poker - Tournament "Expresso Nitro" buyIn: 0.93€ + 0.07€ level: 3 - HandId: #2717575470609596417-9-1676227666 - Holdem no limit (20/40) - 2023/02/12 18:47:46 UTC
Table: 'Expresso Nitro(632734846)#0' 3-max (real money) Seat #1 is the button
Seat 1: koukeh (480)
Seat 2: _SKR (420)
*** ANTE/BLINDS ***
koukeh posts small blind 20
_SKR posts big blind 40
Dealt to _SKR [9d Ah]
*** PRE-FLOP *** 
koukeh raises 440 to 480 and is all-in
_SKR calls 380 and is all-in
*** FLOP *** [9c 4c 8c]
*** TURN *** [9c 4c 8c][4d]
*** RIVER *** [9c 4c 8c 4d][Jc]
*** SHOW DOWN ***
_SKR shows [9d Ah] (Two pairs : 9 and 4)
koukeh shows [Jd 5d] (Two pairs : Jacks and 4)
koukeh collected 900 from pot
*** SUMMARY ***
Total pot 900 | No rake
Board: [9c 4c 8c 4d Jc]
Seat 1: koukeh (small blind) (button) showed [Jd 5d] and won 900 with Two pairs : Jacks and 4
Seat 2: _SKR (big blind) showed [9d Ah] and lost with Two pairs : 9 and 4


