Winamax Poker - Tournament "Expresso Nitro" buyIn: 1.86€ + 0.14€ level: 1 - HandId: #2696545412352835585-1-1675086220 - Holdem no limit (10/20) - 2023/01/30 13:43:40 UTC
Table: 'Expresso Nitro(627838404)#0' 3-max (real money) Seat #2 is the button
Seat 1: Bijooo (300)
Seat 2: Goblin628988 (300)
Seat 3: _SKR (300)
*** ANTE/BLINDS ***
_SKR posts small blind 10
Bijooo posts big blind 20
Dealt to _SKR [2h 8s]
*** PRE-FLOP *** 
Goblin628988 folds
_SKR folds
Bijooo collected 30 from pot
*** SUMMARY ***
Total pot 30 | No rake
Seat 1: Bijooo (big blind) won 30


Winamax Poker - Tournament "Expresso Nitro" buyIn: 1.86€ + 0.14€ level: 1 - HandId: #2696545412352835585-2-1675086226 - Holdem no limit (10/20) - 2023/01/30 13:43:46 UTC
Table: 'Expresso Nitro(627838404)#0' 3-max (real money) Seat #3 is the button
Seat 1: Bijooo (310)
Seat 2: Goblin628988 (300)
Seat 3: _SKR (290)
*** ANTE/BLINDS ***
Bijooo posts small blind 10
Goblin628988 posts big blind 20
Dealt to _SKR [6c Tc]
*** PRE-FLOP *** 
_SKR folds
Bijooo raises 290 to 310 and is all-in
Goblin628988 calls 280 and is all-in
*** FLOP *** [3s 8s 2s]
*** TURN *** [3s 8s 2s][7c]
*** RIVER *** [3s 8s 2s 7c][6s]
*** SHOW DOWN ***
Bijooo shows [Kc Ac] (High card : Ace)
Goblin628988 shows [7s Ah] (Flush 8 high)
Goblin628988 collected 600 from main pot
Bijooo collected 10 from side pot 1
*** SUMMARY ***
Total pot 610 | No rake
Board: [3s 8s 2s 7c 6s]
Seat 1: Bijooo (small blind) showed [Kc Ac] and won 10 with High card : Ace
Seat 2: Goblin628988 (big blind) showed [7s Ah] and won 600 with Flush 8 high


Winamax Poker - Tournament "Expresso Nitro" buyIn: 1.86€ + 0.14€ level: 1 - HandId: #2696545412352835585-3-1675086242 - Holdem no limit (10/20) - 2023/01/30 13:44:02 UTC
Table: 'Expresso Nitro(627838404)#0' 3-max (real money) Seat #1 is the button
Seat 1: Bijooo (10)
Seat 2: Goblin628988 (600)
Seat 3: _SKR (290)
*** ANTE/BLINDS ***
Goblin628988 posts small blind 10
_SKR posts big blind 20
Dealt to _SKR [7s 3h]
*** PRE-FLOP *** 
Bijooo calls 10 and is all-in
Goblin628988 calls 10
_SKR checks
*** FLOP *** [Kd Ad 3d]
Goblin628988 bets 20
_SKR folds
*** TURN *** [Kd Ad 3d][Jd]
*** RIVER *** [Kd Ad 3d Jd][2c]
*** SHOW DOWN ***
Bijooo shows [4s 5s] (Straight 5 high)
Goblin628988 shows [Td Qd] (Straight flush Ace)
Goblin628988 collected 70 from pot
*** SUMMARY ***
Total pot 70 | No rake
Board: [Kd Ad 3d Jd 2c]
Seat 1: Bijooo (button) showed [4s 5s] and lost with Straight 5 high
Seat 2: Goblin628988 (small blind) showed [Td Qd] and won 70 with Straight flush Ace


Winamax Poker - Tournament "Expresso Nitro" buyIn: 1.86€ + 0.14€ level: 1 - HandId: #2696545412352835585-4-1675086260 - Holdem no limit (10/20) - 2023/01/30 13:44:20 UTC
Table: 'Expresso Nitro(627838404)#0' 3-max (real money) Seat #3 is the button
Seat 2: Goblin628988 (630)
Seat 3: _SKR (270)
*** ANTE/BLINDS ***
_SKR posts small blind 10
Goblin628988 posts big blind 20
Dealt to _SKR [4s 3s]
*** PRE-FLOP *** 
_SKR folds
Goblin628988 collected 30 from pot
*** SUMMARY ***
Total pot 30 | No rake
Seat 2: Goblin628988 (big blind) won 30


Winamax Poker - Tournament "Expresso Nitro" buyIn: 1.86€ + 0.14€ level: 1 - HandId: #2696545412352835585-5-1675086263 - Holdem no limit (10/20) - 2023/01/30 13:44:23 UTC
Table: 'Expresso Nitro(627838404)#0' 3-max (real money) Seat #2 is the button
Seat 2: Goblin628988 (640)
Seat 3: _SKR (260)
*** ANTE/BLINDS ***
Goblin628988 posts small blind 10
_SKR posts big blind 20
Dealt to _SKR [7h 6h]
*** PRE-FLOP *** 
Goblin628988 folds
_SKR collected 30 from pot
*** SUMMARY ***
Total pot 30 | No rake
Seat 3: _SKR (big blind) won 30


Winamax Poker - Tournament "Expresso Nitro" buyIn: 1.86€ + 0.14€ level: 1 - HandId: #2696545412352835585-6-1675086268 - Holdem no limit (10/20) - 2023/01/30 13:44:28 UTC
Table: 'Expresso Nitro(627838404)#0' 3-max (real money) Seat #3 is the button
Seat 2: Goblin628988 (630)
Seat 3: _SKR (270)
*** ANTE/BLINDS ***
_SKR posts small blind 10
Goblin628988 posts big blind 20
Dealt to _SKR [9d 6c]
*** PRE-FLOP *** 
_SKR folds
Goblin628988 collected 30 from pot
*** SUMMARY ***
Total pot 30 | No rake
Seat 2: Goblin628988 (big blind) won 30


Winamax Poker - Tournament "Expresso Nitro" buyIn: 1.86€ + 0.14€ level: 2 - HandId: #2696545412352835585-7-1675086276 - Holdem no limit (15/30) - 2023/01/30 13:44:36 UTC
Table: 'Expresso Nitro(627838404)#0' 3-max (real money) Seat #2 is the button
Seat 2: Goblin628988 (640)
Seat 3: _SKR (260)
*** ANTE/BLINDS ***
Goblin628988 posts small blind 15
_SKR posts big blind 30
Dealt to _SKR [Jc Qc]
*** PRE-FLOP *** 
Goblin628988 folds
_SKR collected 45 from pot
*** SUMMARY ***
Total pot 45 | No rake
Seat 3: _SKR (big blind) won 45


Winamax Poker - Tournament "Expresso Nitro" buyIn: 1.86€ + 0.14€ level: 2 - HandId: #2696545412352835585-8-1675086281 - Holdem no limit (15/30) - 2023/01/30 13:44:41 UTC
Table: 'Expresso Nitro(627838404)#0' 3-max (real money) Seat #3 is the button
Seat 2: Goblin628988 (625)
Seat 3: _SKR (275)
*** ANTE/BLINDS ***
_SKR posts small blind 15
Goblin628988 posts big blind 30
Dealt to _SKR [Td 4s]
*** PRE-FLOP *** 
_SKR folds
Goblin628988 collected 45 from pot
*** SUMMARY ***
Total pot 45 | No rake
Seat 2: Goblin628988 (big blind) won 45


Winamax Poker - Tournament "Expresso Nitro" buyIn: 1.86€ + 0.14€ level: 2 - HandId: #2696545412352835585-9-1675086284 - Holdem no limit (15/30) - 2023/01/30 13:44:44 UTC
Table: 'Expresso Nitro(627838404)#0' 3-max (real money) Seat #2 is the button
Seat 2: Goblin628988 (640)
Seat 3: _SKR (260)
*** ANTE/BLINDS ***
Goblin628988 posts small blind 15
_SKR posts big blind 30
Dealt to _SKR [Jc 7c]
*** PRE-FLOP *** 
Goblin628988 folds
_SKR collected 45 from pot
*** SUMMARY ***
Total pot 45 | No rake
Seat 3: _SKR (big blind) won 45


Winamax Poker - Tournament "Expresso Nitro" buyIn: 1.86€ + 0.14€ level: 2 - HandId: #2696545412352835585-10-1675086288 - Holdem no limit (15/30) - 2023/01/30 13:44:48 UTC
Table: 'Expresso Nitro(627838404)#0' 3-max (real money) Seat #3 is the button
Seat 2: Goblin628988 (625)
Seat 3: _SKR (275)
*** ANTE/BLINDS ***
_SKR posts small blind 15
Goblin628988 posts big blind 30
Dealt to _SKR [Ks As]
*** PRE-FLOP *** 
_SKR raises 245 to 275 and is all-in
Goblin628988 calls 245
*** FLOP *** [8c 6s 3s]
*** TURN *** [8c 6s 3s][6d]
*** RIVER *** [8c 6s 3s 6d][Jc]
*** SHOW DOWN ***
Goblin628988 shows [Qh Th] (One pair : 6)
_SKR shows [Ks As] (One pair : 6)
_SKR collected 550 from pot
*** SUMMARY ***
Total pot 550 | No rake
Board: [8c 6s 3s 6d Jc]
Seat 2: Goblin628988 (big blind) showed [Qh Th] and lost with One pair : 6
Seat 3: _SKR (small blind) (button) showed [Ks As] and won 550 with One pair : 6


Winamax Poker - Tournament "Expresso Nitro" buyIn: 1.86€ + 0.14€ level: 2 - HandId: #2696545412352835585-11-1675086303 - Holdem no limit (15/30) - 2023/01/30 13:45:03 UTC
Table: 'Expresso Nitro(627838404)#0' 3-max (real money) Seat #2 is the button
Seat 2: Goblin628988 (350)
Seat 3: _SKR (550)
*** ANTE/BLINDS ***
Goblin628988 posts small blind 15
_SKR posts big blind 30
Dealt to _SKR [8h Kd]
*** PRE-FLOP *** 
Goblin628988 raises 60 to 90
_SKR folds
Goblin628988 collected 120 from pot
*** SUMMARY ***
Total pot 120 | No rake
Seat 2: Goblin628988 (small blind) (button) won 120


Winamax Poker - Tournament "Expresso Nitro" buyIn: 1.86€ + 0.14€ level: 2 - HandId: #2696545412352835585-12-1675086308 - Holdem no limit (15/30) - 2023/01/30 13:45:08 UTC
Table: 'Expresso Nitro(627838404)#0' 3-max (real money) Seat #3 is the button
Seat 2: Goblin628988 (380)
Seat 3: _SKR (520)
*** ANTE/BLINDS ***
_SKR posts small blind 15
Goblin628988 posts big blind 30
Dealt to _SKR [2d Tc]
*** PRE-FLOP *** 
_SKR folds
Goblin628988 collected 45 from pot
*** SUMMARY ***
Total pot 45 | No rake
Seat 2: Goblin628988 (big blind) won 45


Winamax Poker - Tournament "Expresso Nitro" buyIn: 1.86€ + 0.14€ level: 2 - HandId: #2696545412352835585-13-1675086311 - Holdem no limit (15/30) - 2023/01/30 13:45:11 UTC
Table: 'Expresso Nitro(627838404)#0' 3-max (real money) Seat #2 is the button
Seat 2: Goblin628988 (395)
Seat 3: _SKR (505)
*** ANTE/BLINDS ***
Goblin628988 posts small blind 15
_SKR posts big blind 30
Dealt to _SKR [8d Ts]
*** PRE-FLOP *** 
Goblin628988 folds
_SKR collected 45 from pot
*** SUMMARY ***
Total pot 45 | No rake
Seat 3: _SKR (big blind) won 45


Winamax Poker - Tournament "Expresso Nitro" buyIn: 1.86€ + 0.14€ level: 2 - HandId: #2696545412352835585-14-1675086316 - Holdem no limit (15/30) - 2023/01/30 13:45:16 UTC
Table: 'Expresso Nitro(627838404)#0' 3-max (real money) Seat #3 is the button
Seat 2: Goblin628988 (380)
Seat 3: _SKR (520)
*** ANTE/BLINDS ***
_SKR posts small blind 15
Goblin628988 posts big blind 30
Dealt to _SKR [Jc Ts]
*** PRE-FLOP *** 
_SKR folds
Goblin628988 collected 45 from pot
*** SUMMARY ***
Total pot 45 | No rake
Seat 2: Goblin628988 (big blind) won 45


Winamax Poker - Tournament "Expresso Nitro" buyIn: 1.86€ + 0.14€ level: 2 - HandId: #2696545412352835585-15-1675086320 - Holdem no limit (15/30) - 2023/01/30 13:45:20 UTC
Table: 'Expresso Nitro(627838404)#0' 3-max (real money) Seat #2 is the button
Seat 2: Goblin628988 (395)
Seat 3: _SKR (505)
*** ANTE/BLINDS ***
Goblin628988 posts small blind 15
_SKR posts big blind 30
Dealt to _SKR [4c Qc]
*** PRE-FLOP *** 
Goblin628988 raises 45 to 75
_SKR folds
Goblin628988 collected 105 from pot
*** SUMMARY ***
Total pot 105 | No rake
Seat 2: Goblin628988 (small blind) (button) won 105


Winamax Poker - Tournament "Expresso Nitro" buyIn: 1.86€ + 0.14€ level: 2 - HandId: #2696545412352835585-16-1675086327 - Holdem no limit (15/30) - 2023/01/30 13:45:27 UTC
Table: 'Expresso Nitro(627838404)#0' 3-max (real money) Seat #3 is the button
Seat 2: Goblin628988 (425)
Seat 3: _SKR (475)
*** ANTE/BLINDS ***
_SKR posts small blind 15
Goblin628988 posts big blind 30
Dealt to _SKR [5s Tc]
*** PRE-FLOP *** 
_SKR folds
Goblin628988 collected 45 from pot
*** SUMMARY ***
Total pot 45 | No rake
Seat 2: Goblin628988 (big blind) won 45


Winamax Poker - Tournament "Expresso Nitro" buyIn: 1.86€ + 0.14€ level: 2 - HandId: #2696545412352835585-17-1675086331 - Holdem no limit (15/30) - 2023/01/30 13:45:31 UTC
Table: 'Expresso Nitro(627838404)#0' 3-max (real money) Seat #2 is the button
Seat 2: Goblin628988 (440)
Seat 3: _SKR (460)
*** ANTE/BLINDS ***
Goblin628988 posts small blind 15
_SKR posts big blind 30
Dealt to _SKR [Kc 3h]
*** PRE-FLOP *** 
Goblin628988 folds
_SKR collected 45 from pot
*** SUMMARY ***
Total pot 45 | No rake
Seat 3: _SKR (big blind) won 45


Winamax Poker - Tournament "Expresso Nitro" buyIn: 1.86€ + 0.14€ level: 2 - HandId: #2696545412352835585-18-1675086334 - Holdem no limit (15/30) - 2023/01/30 13:45:34 UTC
Table: 'Expresso Nitro(627838404)#0' 3-max (real money) Seat #3 is the button
Seat 2: Goblin628988 (425)
Seat 3: _SKR (475)
*** ANTE/BLINDS ***
_SKR posts small blind 15
Goblin628988 posts big blind 30
Dealt to _SKR [4d 5s]
*** PRE-FLOP *** 
_SKR folds
Goblin628988 collected 45 from pot
*** SUMMARY ***
Total pot 45 | No rake
Seat 2: Goblin628988 (big blind) won 45


Winamax Poker - Tournament "Expresso Nitro" buyIn: 1.86€ + 0.14€ level: 3 - HandId: #2696545412352835585-19-1675086341 - Holdem no limit (20/40) - 2023/01/30 13:45:41 UTC
Table: 'Expresso Nitro(627838404)#0' 3-max (real money) Seat #2 is the button
Seat 2: Goblin628988 (440)
Seat 3: _SKR (460)
*** ANTE/BLINDS ***
Goblin628988 posts small blind 20
_SKR posts big blind 40
Dealt to _SKR [4h 5h]
*** PRE-FLOP *** 
Goblin628988 folds
_SKR collected 60 from pot
*** SUMMARY ***
Total pot 60 | No rake
Seat 3: _SKR (big blind) won 60


Winamax Poker - Tournament "Expresso Nitro" buyIn: 1.86€ + 0.14€ level: 3 - HandId: #2696545412352835585-20-1675086344 - Holdem no limit (20/40) - 2023/01/30 13:45:44 UTC
Table: 'Expresso Nitro(627838404)#0' 3-max (real money) Seat #3 is the button
Seat 2: Goblin628988 (420)
Seat 3: _SKR (480)
*** ANTE/BLINDS ***
_SKR posts small blind 20
Goblin628988 posts big blind 40
Dealt to _SKR [6d 9d]
*** PRE-FLOP *** 
_SKR folds
Goblin628988 collected 60 from pot
*** SUMMARY ***
Total pot 60 | No rake
Seat 2: Goblin628988 (big blind) won 60


Winamax Poker - Tournament "Expresso Nitro" buyIn: 1.86€ + 0.14€ level: 3 - HandId: #2696545412352835585-21-1675086348 - Holdem no limit (20/40) - 2023/01/30 13:45:48 UTC
Table: 'Expresso Nitro(627838404)#0' 3-max (real money) Seat #2 is the button
Seat 2: Goblin628988 (440)
Seat 3: _SKR (460)
*** ANTE/BLINDS ***
Goblin628988 posts small blind 20
_SKR posts big blind 40
Dealt to _SKR [5c 7h]
*** PRE-FLOP *** 
Goblin628988 folds
_SKR collected 60 from pot
*** SUMMARY ***
Total pot 60 | No rake
Seat 3: _SKR (big blind) won 60


Winamax Poker - Tournament "Expresso Nitro" buyIn: 1.86€ + 0.14€ level: 3 - HandId: #2696545412352835585-22-1675086351 - Holdem no limit (20/40) - 2023/01/30 13:45:51 UTC
Table: 'Expresso Nitro(627838404)#0' 3-max (real money) Seat #3 is the button
Seat 2: Goblin628988 (420)
Seat 3: _SKR (480)
*** ANTE/BLINDS ***
_SKR posts small blind 20
Goblin628988 posts big blind 40
Dealt to _SKR [6d Ah]
*** PRE-FLOP *** 
_SKR raises 440 to 480 and is all-in
Goblin628988 calls 380 and is all-in
*** FLOP *** [4c 5h Tc]
*** TURN *** [4c 5h Tc][6c]
*** RIVER *** [4c 5h Tc 6c][Qs]
*** SHOW DOWN ***
Goblin628988 shows [As 7s] (High card : Ace)
_SKR shows [6d Ah] (One pair : 6)
_SKR collected 900 from pot
*** SUMMARY ***
Total pot 900 | No rake
Board: [4c 5h Tc 6c Qs]
Seat 2: Goblin628988 (big blind) showed [As 7s] and lost with High card : Ace
Seat 3: _SKR (small blind) (button) showed [6d Ah] and won 900 with One pair : 6


