Winamax Poker - Tournament "Expresso Nitro" buyIn: 0.93€ + 0.07€ level: 1 - HandId: #2717707454954602497-1-1676232414 - Holdem no limit (10/20) - 2023/02/12 20:06:54 UTC
Table: 'Expresso Nitro(632765576)#0' 3-max (real money) Seat #1 is the button
Seat 1: -Swampy06- (300)
Seat 2: MARCOUS7 (300)
Seat 3: _SKR (300)
*** ANTE/BLINDS ***
MARCOUS7 posts small blind 10
_SKR posts big blind 20
Dealt to _SKR [Ad Jc]
*** PRE-FLOP *** 
-Swampy06- raises 20 to 40
MARCOUS7 calls 30
_SKR raises 260 to 300 and is all-in
-Swampy06- folds
MARCOUS7 folds
_SKR collected 380 from pot
*** SUMMARY ***
Total pot 380 | No rake
Seat 3: _SKR (big blind) won 380


Winamax Poker - Tournament "Expresso Nitro" buyIn: 0.93€ + 0.07€ level: 1 - HandId: #2717707454954602497-2-1676232439 - Holdem no limit (10/20) - 2023/02/12 20:07:19 UTC
Table: 'Expresso Nitro(632765576)#0' 3-max (real money) Seat #2 is the button
Seat 1: -Swampy06- (260)
Seat 2: MARCOUS7 (260)
Seat 3: _SKR (380)
*** ANTE/BLINDS ***
_SKR posts small blind 10
-Swampy06- posts big blind 20
Dealt to _SKR [Jh 7h]
*** PRE-FLOP *** 
MARCOUS7 calls 20
_SKR folds
-Swampy06- checks
*** FLOP *** [8d Qh 6s]
-Swampy06- checks
MARCOUS7 checks
*** TURN *** [8d Qh 6s][9d]
-Swampy06- checks
MARCOUS7 checks
*** RIVER *** [8d Qh 6s 9d][Qs]
-Swampy06- checks
MARCOUS7 checks
*** SHOW DOWN ***
-Swampy06- shows [4c 5c] (One pair : Queens)
MARCOUS7 shows [Jd Kh] (One pair : Queens)
MARCOUS7 collected 50 from pot
*** SUMMARY ***
Total pot 50 | No rake
Board: [8d Qh 6s 9d Qs]
Seat 1: -Swampy06- (big blind) showed [4c 5c] and lost with One pair : Queens
Seat 2: MARCOUS7 (button) showed [Jd Kh] and won 50 with One pair : Queens


Winamax Poker - Tournament "Expresso Nitro" buyIn: 0.93€ + 0.07€ level: 2 - HandId: #2717707454954602497-3-1676232474 - Holdem no limit (15/30) - 2023/02/12 20:07:54 UTC
Table: 'Expresso Nitro(632765576)#0' 3-max (real money) Seat #3 is the button
Seat 1: -Swampy06- (240)
Seat 2: MARCOUS7 (290)
Seat 3: _SKR (370)
*** ANTE/BLINDS ***
-Swampy06- posts small blind 15
MARCOUS7 posts big blind 30
Dealt to _SKR [3s Th]
*** PRE-FLOP *** 
_SKR folds
-Swampy06- calls 15
MARCOUS7 raises 45 to 75
-Swampy06- folds
MARCOUS7 collected 105 from pot
*** SUMMARY ***
Total pot 105 | No rake
Seat 2: MARCOUS7 (big blind) won 105


Winamax Poker - Tournament "Expresso Nitro" buyIn: 0.93€ + 0.07€ level: 2 - HandId: #2717707454954602497-4-1676232491 - Holdem no limit (15/30) - 2023/02/12 20:08:11 UTC
Table: 'Expresso Nitro(632765576)#0' 3-max (real money) Seat #1 is the button
Seat 1: -Swampy06- (210)
Seat 2: MARCOUS7 (320)
Seat 3: _SKR (370)
*** ANTE/BLINDS ***
MARCOUS7 posts small blind 15
_SKR posts big blind 30
Dealt to _SKR [3c Ad]
*** PRE-FLOP *** 
-Swampy06- folds
MARCOUS7 calls 15
_SKR raises 340 to 370 and is all-in
MARCOUS7 calls 290 and is all-in
*** FLOP *** [6h 9s 7s]
*** TURN *** [6h 9s 7s][6c]
*** RIVER *** [6h 9s 7s 6c][7d]
*** SHOW DOWN ***
MARCOUS7 shows [Kd Jh] (Two pairs : 7 and 6)
_SKR shows [3c Ad] (Two pairs : 7 and 6)
_SKR collected 690 from pot
*** SUMMARY ***
Total pot 690 | No rake
Board: [6h 9s 7s 6c 7d]
Seat 2: MARCOUS7 (small blind) showed [Kd Jh] and lost with Two pairs : 7 and 6
Seat 3: _SKR (big blind) showed [3c Ad] and won 690 with Two pairs : 7 and 6


Winamax Poker - Tournament "Expresso Nitro" buyIn: 0.93€ + 0.07€ level: 2 - HandId: #2717707454954602497-5-1676232516 - Holdem no limit (15/30) - 2023/02/12 20:08:36 UTC
Table: 'Expresso Nitro(632765576)#0' 3-max (real money) Seat #3 is the button
Seat 1: -Swampy06- (210)
Seat 3: _SKR (690)
*** ANTE/BLINDS ***
_SKR posts small blind 15
-Swampy06- posts big blind 30
Dealt to _SKR [9h 6d]
*** PRE-FLOP *** 
_SKR folds
-Swampy06- collected 45 from pot
*** SUMMARY ***
Total pot 45 | No rake
Seat 1: -Swampy06- (big blind) won 45


Winamax Poker - Tournament "Expresso Nitro" buyIn: 0.93€ + 0.07€ level: 2 - HandId: #2717707454954602497-6-1676232520 - Holdem no limit (15/30) - 2023/02/12 20:08:40 UTC
Table: 'Expresso Nitro(632765576)#0' 3-max (real money) Seat #1 is the button
Seat 1: -Swampy06- (225)
Seat 3: _SKR (675)
*** ANTE/BLINDS ***
-Swampy06- posts small blind 15
_SKR posts big blind 30
Dealt to _SKR [9d 4c]
*** PRE-FLOP *** 
-Swampy06- folds
_SKR collected 45 from pot
*** SUMMARY ***
Total pot 45 | No rake
Seat 3: _SKR (big blind) won 45


Winamax Poker - Tournament "Expresso Nitro" buyIn: 0.93€ + 0.07€ level: 2 - HandId: #2717707454954602497-7-1676232525 - Holdem no limit (15/30) - 2023/02/12 20:08:45 UTC
Table: 'Expresso Nitro(632765576)#0' 3-max (real money) Seat #3 is the button
Seat 1: -Swampy06- (210)
Seat 3: _SKR (690)
*** ANTE/BLINDS ***
_SKR posts small blind 15
-Swampy06- posts big blind 30
Dealt to _SKR [2c 7h]
*** PRE-FLOP *** 
_SKR folds
-Swampy06- collected 45 from pot
*** SUMMARY ***
Total pot 45 | No rake
Seat 1: -Swampy06- (big blind) won 45


Winamax Poker - Tournament "Expresso Nitro" buyIn: 0.93€ + 0.07€ level: 2 - HandId: #2717707454954602497-8-1676232528 - Holdem no limit (15/30) - 2023/02/12 20:08:48 UTC
Table: 'Expresso Nitro(632765576)#0' 3-max (real money) Seat #1 is the button
Seat 1: -Swampy06- (225)
Seat 3: _SKR (675)
*** ANTE/BLINDS ***
-Swampy06- posts small blind 15
_SKR posts big blind 30
Dealt to _SKR [3c Qh]
*** PRE-FLOP *** 
-Swampy06- raises 195 to 225 and is all-in
_SKR folds
-Swampy06- collected 255 from pot
*** SUMMARY ***
Total pot 255 | No rake
Seat 1: -Swampy06- (small blind) (button) won 255


Winamax Poker - Tournament "Expresso Nitro" buyIn: 0.93€ + 0.07€ level: 3 - HandId: #2717707454954602497-9-1676232535 - Holdem no limit (20/40) - 2023/02/12 20:08:55 UTC
Table: 'Expresso Nitro(632765576)#0' 3-max (real money) Seat #3 is the button
Seat 1: -Swampy06- (255)
Seat 3: _SKR (645)
*** ANTE/BLINDS ***
_SKR posts small blind 20
-Swampy06- posts big blind 40
Dealt to _SKR [9d 6d]
*** PRE-FLOP *** 
_SKR raises 605 to 645 and is all-in
-Swampy06- calls 215 and is all-in
*** FLOP *** [2c 3d Qs]
*** TURN *** [2c 3d Qs][7c]
*** RIVER *** [2c 3d Qs 7c][9s]
*** SHOW DOWN ***
-Swampy06- shows [Kd 4s] (High card : King)
_SKR shows [9d 6d] (One pair : 9)
_SKR collected 900 from pot
*** SUMMARY ***
Total pot 900 | No rake
Board: [2c 3d Qs 7c 9s]
Seat 1: -Swampy06- (big blind) showed [Kd 4s] and lost with High card : King
Seat 3: _SKR (small blind) (button) showed [9d 6d] and won 900 with One pair : 9


