Winamax Poker - Tournament "Expresso Nitro" buyIn: 1.86€ + 0.14€ level: 1 - HandId: #2696621192755806209-1-1675090262 - Holdem no limit (10/20) - 2023/01/30 14:51:02 UTC
Table: 'Expresso Nitro(627856048)#0' 3-max (real money) Seat #2 is the button
Seat 1: belfont-311 (300)
Seat 2: Ploutos31 (300)
Seat 3: _SKR (300)
*** ANTE/BLINDS ***
_SKR posts small blind 10
belfont-311 posts big blind 20
Dealt to _SKR [6c Qc]
*** PRE-FLOP *** 
Ploutos31 raises 280 to 300 and is all-in
_SKR folds
belfont-311 calls 280 and is all-in
*** FLOP *** [Kc 3c 4c]
*** TURN *** [Kc 3c 4c][5d]
*** RIVER *** [Kc 3c 4c 5d][Qs]
*** SHOW DOWN ***
Ploutos31 shows [2s 2d] (One pair : 2)
belfont-311 shows [Jd 5h] (One pair : 5)
belfont-311 collected 610 from pot
*** SUMMARY ***
Total pot 610 | No rake
Board: [Kc 3c 4c 5d Qs]
Seat 1: belfont-311 (big blind) showed [Jd 5h] and won 610 with One pair : 5
Seat 2: Ploutos31 (button) showed [2s 2d] and lost with One pair : 2


Winamax Poker - Tournament "Expresso Nitro" buyIn: 1.86€ + 0.14€ level: 1 - HandId: #2696621192755806209-2-1675090289 - Holdem no limit (10/20) - 2023/01/30 14:51:29 UTC
Table: 'Expresso Nitro(627856048)#0' 3-max (real money) Seat #1 is the button
Seat 1: belfont-311 (610)
Seat 3: _SKR (290)
*** ANTE/BLINDS ***
belfont-311 posts small blind 10
_SKR posts big blind 20
Dealt to _SKR [4d Jd]
*** PRE-FLOP *** 
belfont-311 raises 590 to 610 and is all-in
_SKR folds
belfont-311 collected 630 from pot
*** SUMMARY ***
Total pot 630 | No rake
Seat 1: belfont-311 (small blind) (button) won 630


Winamax Poker - Tournament "Expresso Nitro" buyIn: 1.86€ + 0.14€ level: 1 - HandId: #2696621192755806209-3-1675090296 - Holdem no limit (10/20) - 2023/01/30 14:51:36 UTC
Table: 'Expresso Nitro(627856048)#0' 3-max (real money) Seat #3 is the button
Seat 1: belfont-311 (630)
Seat 3: _SKR (270)
*** ANTE/BLINDS ***
_SKR posts small blind 10
belfont-311 posts big blind 20
Dealt to _SKR [8s Tc]
*** PRE-FLOP *** 
_SKR folds
belfont-311 collected 30 from pot
*** SUMMARY ***
Total pot 30 | No rake
Seat 1: belfont-311 (big blind) won 30


Winamax Poker - Tournament "Expresso Nitro" buyIn: 1.86€ + 0.14€ level: 1 - HandId: #2696621192755806209-4-1675090299 - Holdem no limit (10/20) - 2023/01/30 14:51:39 UTC
Table: 'Expresso Nitro(627856048)#0' 3-max (real money) Seat #1 is the button
Seat 1: belfont-311 (640)
Seat 3: _SKR (260)
*** ANTE/BLINDS ***
belfont-311 posts small blind 10
_SKR posts big blind 20
Dealt to _SKR [Td 2h]
*** PRE-FLOP *** 
belfont-311 folds
_SKR collected 30 from pot
*** SUMMARY ***
Total pot 30 | No rake
Seat 3: _SKR (big blind) won 30


Winamax Poker - Tournament "Expresso Nitro" buyIn: 1.86€ + 0.14€ level: 1 - HandId: #2696621192755806209-5-1675090303 - Holdem no limit (10/20) - 2023/01/30 14:51:43 UTC
Table: 'Expresso Nitro(627856048)#0' 3-max (real money) Seat #3 is the button
Seat 1: belfont-311 (630)
Seat 3: _SKR (270)
*** ANTE/BLINDS ***
_SKR posts small blind 10
belfont-311 posts big blind 20
Dealt to _SKR [3s Jh]
*** PRE-FLOP *** 
_SKR folds
belfont-311 collected 30 from pot
*** SUMMARY ***
Total pot 30 | No rake
Seat 1: belfont-311 (big blind) won 30


Winamax Poker - Tournament "Expresso Nitro" buyIn: 1.86€ + 0.14€ level: 1 - HandId: #2696621192755806209-6-1675090308 - Holdem no limit (10/20) - 2023/01/30 14:51:48 UTC
Table: 'Expresso Nitro(627856048)#0' 3-max (real money) Seat #1 is the button
Seat 1: belfont-311 (640)
Seat 3: _SKR (260)
*** ANTE/BLINDS ***
belfont-311 posts small blind 10
_SKR posts big blind 20
Dealt to _SKR [7d As]
*** PRE-FLOP *** 
belfont-311 folds
_SKR collected 30 from pot
*** SUMMARY ***
Total pot 30 | No rake
Seat 3: _SKR (big blind) won 30


Winamax Poker - Tournament "Expresso Nitro" buyIn: 1.86€ + 0.14€ level: 1 - HandId: #2696621192755806209-7-1675090312 - Holdem no limit (10/20) - 2023/01/30 14:51:52 UTC
Table: 'Expresso Nitro(627856048)#0' 3-max (real money) Seat #3 is the button
Seat 1: belfont-311 (630)
Seat 3: _SKR (270)
*** ANTE/BLINDS ***
_SKR posts small blind 10
belfont-311 posts big blind 20
Dealt to _SKR [2c Tc]
*** PRE-FLOP *** 
_SKR folds
belfont-311 collected 30 from pot
*** SUMMARY ***
Total pot 30 | No rake
Seat 1: belfont-311 (big blind) won 30


Winamax Poker - Tournament "Expresso Nitro" buyIn: 1.86€ + 0.14€ level: 1 - HandId: #2696621192755806209-8-1675090316 - Holdem no limit (10/20) - 2023/01/30 14:51:56 UTC
Table: 'Expresso Nitro(627856048)#0' 3-max (real money) Seat #1 is the button
Seat 1: belfont-311 (640)
Seat 3: _SKR (260)
*** ANTE/BLINDS ***
belfont-311 posts small blind 10
_SKR posts big blind 20
Dealt to _SKR [3s Qd]
*** PRE-FLOP *** 
belfont-311 calls 10
_SKR checks
*** FLOP *** [8s Ad 2s]
_SKR checks
belfont-311 checks
*** TURN *** [8s Ad 2s][4c]
_SKR checks
belfont-311 checks
*** RIVER *** [8s Ad 2s 4c][6s]
_SKR checks
belfont-311 checks
*** SHOW DOWN ***
belfont-311 shows [Td 7h] (High card : Ace)
_SKR shows [3s Qd] (High card : Ace)
_SKR collected 40 from pot
*** SUMMARY ***
Total pot 40 | No rake
Board: [8s Ad 2s 4c 6s]
Seat 1: belfont-311 (small blind) (button) showed [Td 7h] and lost with High card : Ace
Seat 3: _SKR (big blind) showed [3s Qd] and won 40 with High card : Ace


Winamax Poker - Tournament "Expresso Nitro" buyIn: 1.86€ + 0.14€ level: 2 - HandId: #2696621192755806209-9-1675090354 - Holdem no limit (15/30) - 2023/01/30 14:52:34 UTC
Table: 'Expresso Nitro(627856048)#0' 3-max (real money) Seat #3 is the button
Seat 1: belfont-311 (620)
Seat 3: _SKR (280)
*** ANTE/BLINDS ***
_SKR posts small blind 15
belfont-311 posts big blind 30
Dealt to _SKR [9h Ad]
*** PRE-FLOP *** 
_SKR raises 250 to 280 and is all-in
belfont-311 raises 340 to 620 and is all-in
*** FLOP *** [4h 4s 6c]
*** TURN *** [4h 4s 6c][Ks]
*** RIVER *** [4h 4s 6c Ks][9d]
*** SHOW DOWN ***
belfont-311 shows [Jh 7h] (One pair : 4)
_SKR shows [9h Ad] (Two pairs : 9 and 4)
_SKR collected 560 from main pot
belfont-311 collected 340 from side pot 1
*** SUMMARY ***
Total pot 900 | No rake
Board: [4h 4s 6c Ks 9d]
Seat 1: belfont-311 (big blind) showed [Jh 7h] and won 340 with One pair : 4
Seat 3: _SKR (small blind) (button) showed [9h Ad] and won 560 with Two pairs : 9 and 4


Winamax Poker - Tournament "Expresso Nitro" buyIn: 1.86€ + 0.14€ level: 2 - HandId: #2696621192755806209-10-1675090366 - Holdem no limit (15/30) - 2023/01/30 14:52:46 UTC
Table: 'Expresso Nitro(627856048)#0' 3-max (real money) Seat #1 is the button
Seat 1: belfont-311 (340)
Seat 3: _SKR (560)
*** ANTE/BLINDS ***
belfont-311 posts small blind 15
_SKR posts big blind 30
Dealt to _SKR [5s Jh]
*** PRE-FLOP *** 
belfont-311 folds
_SKR collected 45 from pot
*** SUMMARY ***
Total pot 45 | No rake
Seat 3: _SKR (big blind) won 45


Winamax Poker - Tournament "Expresso Nitro" buyIn: 1.86€ + 0.14€ level: 2 - HandId: #2696621192755806209-11-1675090371 - Holdem no limit (15/30) - 2023/01/30 14:52:51 UTC
Table: 'Expresso Nitro(627856048)#0' 3-max (real money) Seat #3 is the button
Seat 1: belfont-311 (325)
Seat 3: _SKR (575)
*** ANTE/BLINDS ***
_SKR posts small blind 15
belfont-311 posts big blind 30
Dealt to _SKR [6h Ks]
*** PRE-FLOP *** 
_SKR raises 545 to 575 and is all-in
belfont-311 calls 295 and is all-in
*** FLOP *** [5d Qs Jd]
*** TURN *** [5d Qs Jd][4h]
*** RIVER *** [5d Qs Jd 4h][5s]
*** SHOW DOWN ***
belfont-311 shows [9h 9s] (Two pairs : 9 and 5)
_SKR shows [6h Ks] (One pair : 5)
_SKR collected 250 from side pot 1
belfont-311 collected 650 from main pot
*** SUMMARY ***
Total pot 900 | No rake
Board: [5d Qs Jd 4h 5s]
Seat 1: belfont-311 (big blind) showed [9h 9s] and won 650 with Two pairs : 9 and 5
Seat 3: _SKR (small blind) (button) showed [6h Ks] and won 250 with One pair : 5


Winamax Poker - Tournament "Expresso Nitro" buyIn: 1.86€ + 0.14€ level: 3 - HandId: #2696621192755806209-12-1675090384 - Holdem no limit (20/40) - 2023/01/30 14:53:04 UTC
Table: 'Expresso Nitro(627856048)#0' 3-max (real money) Seat #1 is the button
Seat 1: belfont-311 (650)
Seat 3: _SKR (250)
*** ANTE/BLINDS ***
belfont-311 posts small blind 20
_SKR posts big blind 40
Dealt to _SKR [6s Qs]
*** PRE-FLOP *** 
belfont-311 raises 610 to 650 and is all-in
_SKR calls 210 and is all-in
*** FLOP *** [6d 9h 5h]
*** TURN *** [6d 9h 5h][Kd]
*** RIVER *** [6d 9h 5h Kd][4c]
*** SHOW DOWN ***
_SKR shows [6s Qs] (One pair : 6)
belfont-311 shows [Jd Js] (One pair : Jacks)
belfont-311 collected 900 from pot
*** SUMMARY ***
Total pot 900 | No rake
Board: [6d 9h 5h Kd 4c]
Seat 1: belfont-311 (small blind) (button) showed [Jd Js] and won 900 with One pair : Jacks
Seat 3: _SKR (big blind) showed [6s Qs] and lost with One pair : 6


