Winamax Poker - Tournament "Expresso Nitro" buyIn: 1.86€ + 0.14€ level: 1 - HandId: #2696529533858742273-1-1675085325 - Holdem no limit (10/20) - 2023/01/30 13:28:45 UTC
Table: 'Expresso Nitro(627834707)#0' 3-max (real money) Seat #3 is the button
Seat 1: Fatihchn57 (300)
Seat 2: Mattatou (300)
Seat 3: _SKR (300)
*** ANTE/BLINDS ***
Fatihchn57 posts small blind 10
Mattatou posts big blind 20
Dealt to _SKR [5c 3s]
*** PRE-FLOP *** 
_SKR folds
Fatihchn57 raises 280 to 300 and is all-in
Mattatou folds
Fatihchn57 collected 320 from pot
*** SUMMARY ***
Total pot 320 | No rake
Seat 1: Fatihchn57 (small blind) won 320


Winamax Poker - Tournament "Expresso Nitro" buyIn: 1.86€ + 0.14€ level: 1 - HandId: #2696529533858742273-2-1675085333 - Holdem no limit (10/20) - 2023/01/30 13:28:53 UTC
Table: 'Expresso Nitro(627834707)#0' 3-max (real money) Seat #1 is the button
Seat 1: Fatihchn57 (320)
Seat 2: Mattatou (280)
Seat 3: _SKR (300)
*** ANTE/BLINDS ***
Mattatou posts small blind 10
_SKR posts big blind 20
Dealt to _SKR [Kc Jh]
*** PRE-FLOP *** 
Fatihchn57 folds
Mattatou folds
_SKR collected 30 from pot
*** SUMMARY ***
Total pot 30 | No rake
Seat 3: _SKR (big blind) won 30


Winamax Poker - Tournament "Expresso Nitro" buyIn: 1.86€ + 0.14€ level: 1 - HandId: #2696529533858742273-3-1675085341 - Holdem no limit (10/20) - 2023/01/30 13:29:01 UTC
Table: 'Expresso Nitro(627834707)#0' 3-max (real money) Seat #2 is the button
Seat 1: Fatihchn57 (320)
Seat 2: Mattatou (270)
Seat 3: _SKR (310)
*** ANTE/BLINDS ***
_SKR posts small blind 10
Fatihchn57 posts big blind 20
Dealt to _SKR [8h 8d]
*** PRE-FLOP *** 
Mattatou raises 250 to 270 and is all-in
_SKR raises 40 to 310 and is all-in
Fatihchn57 calls 290
*** FLOP *** [Js Qh 2d]
*** TURN *** [Js Qh 2d][5h]
*** RIVER *** [Js Qh 2d 5h][4d]
*** SHOW DOWN ***
Mattatou shows [4s Ah] (One pair : 4)
_SKR shows [8h 8d] (One pair : 8)
Fatihchn57 shows [7d Qd] (One pair : Queens)
Fatihchn57 collected 890 from pot
*** SUMMARY ***
Total pot 890 | No rake
Board: [Js Qh 2d 5h 4d]
Seat 1: Fatihchn57 (big blind) showed [7d Qd] and won 890 with One pair : Queens
Seat 2: Mattatou (button) showed [4s Ah] and lost with One pair : 4
Seat 3: _SKR (small blind) showed [8h 8d] and lost with One pair : 8


