Winamax Poker - Tournament "Expresso Nitro" buyIn: 0.93€ + 0.07€ level: 1 - HandId: #2676309618103156737-1-1673819658 - Holdem no limit (10/20) - 2023/01/15 21:54:18 UTC
Table: 'Expresso Nitro(623126891)#0' 3-max (real money) Seat #1 is the button
Seat 1: RobiDeRetour (300)
Seat 2: cupyde (300)
Seat 3: _SKR (300)
*** ANTE/BLINDS ***
cupyde posts small blind 10
_SKR posts big blind 20
Dealt to _SKR [6h 6s]
*** PRE-FLOP *** 
RobiDeRetour folds
cupyde calls 10
_SKR raises 280 to 300 and is all-in
cupyde folds
_SKR collected 320 from pot
*** SUMMARY ***
Total pot 320 | No rake
Seat 3: _SKR (big blind) won 320


Winamax Poker - Tournament "Expresso Nitro" buyIn: 0.93€ + 0.07€ level: 1 - HandId: #2676309618103156737-2-1673819672 - Holdem no limit (10/20) - 2023/01/15 21:54:32 UTC
Table: 'Expresso Nitro(623126891)#0' 3-max (real money) Seat #2 is the button
Seat 1: RobiDeRetour (300)
Seat 2: cupyde (280)
Seat 3: _SKR (320)
*** ANTE/BLINDS ***
_SKR posts small blind 10
RobiDeRetour posts big blind 20
Dealt to _SKR [2c 5d]
*** PRE-FLOP *** 
cupyde raises 50 to 70
_SKR folds
RobiDeRetour calls 50
*** FLOP *** [Jh 6s Jc]
RobiDeRetour checks
cupyde bets 210 and is all-in
RobiDeRetour folds
cupyde collected 360 from pot
*** SUMMARY ***
Total pot 360 | No rake
Board: [Jh 6s Jc]
Seat 2: cupyde (button) won 360


Winamax Poker - Tournament "Expresso Nitro" buyIn: 0.93€ + 0.07€ level: 1 - HandId: #2676309618103156737-3-1673819682 - Holdem no limit (10/20) - 2023/01/15 21:54:42 UTC
Table: 'Expresso Nitro(623126891)#0' 3-max (real money) Seat #3 is the button
Seat 1: RobiDeRetour (230)
Seat 2: cupyde (360)
Seat 3: _SKR (310)
*** ANTE/BLINDS ***
RobiDeRetour posts small blind 10
cupyde posts big blind 20
Dealt to _SKR [3d Tc]
*** PRE-FLOP *** 
_SKR folds
RobiDeRetour calls 10
cupyde raises 340 to 360 and is all-in
RobiDeRetour folds
cupyde collected 380 from pot
*** SUMMARY ***
Total pot 380 | No rake
Seat 2: cupyde (big blind) won 380


Winamax Poker - Tournament "Expresso Nitro" buyIn: 0.93€ + 0.07€ level: 1 - HandId: #2676309618103156737-4-1673819690 - Holdem no limit (10/20) - 2023/01/15 21:54:50 UTC
Table: 'Expresso Nitro(623126891)#0' 3-max (real money) Seat #1 is the button
Seat 1: RobiDeRetour (210)
Seat 2: cupyde (380)
Seat 3: _SKR (310)
*** ANTE/BLINDS ***
cupyde posts small blind 10
_SKR posts big blind 20
Dealt to _SKR [Qd Kh]
*** PRE-FLOP *** 
RobiDeRetour raises 190 to 210 and is all-in
cupyde folds
_SKR calls 190
*** FLOP *** [Jh Ks 5d]
*** TURN *** [Jh Ks 5d][5s]
*** RIVER *** [Jh Ks 5d 5s][7d]
*** SHOW DOWN ***
RobiDeRetour shows [9h 9c] (Two pairs : 9 and 5)
_SKR shows [Qd Kh] (Two pairs : Kings and 5)
_SKR collected 430 from pot
*** SUMMARY ***
Total pot 430 | No rake
Board: [Jh Ks 5d 5s 7d]
Seat 1: RobiDeRetour (button) showed [9h 9c] and lost with Two pairs : 9 and 5
Seat 3: _SKR (big blind) showed [Qd Kh] and won 430 with Two pairs : Kings and 5


Winamax Poker - Tournament "Expresso Nitro" buyIn: 0.93€ + 0.07€ level: 1 - HandId: #2676309618103156737-5-1673819705 - Holdem no limit (10/20) - 2023/01/15 21:55:05 UTC
Table: 'Expresso Nitro(623126891)#0' 3-max (real money) Seat #3 is the button
Seat 2: cupyde (370)
Seat 3: _SKR (530)
*** ANTE/BLINDS ***
_SKR posts small blind 10
cupyde posts big blind 20
Dealt to _SKR [Kd Qh]
*** PRE-FLOP *** 
_SKR raises 20 to 40
cupyde folds
_SKR collected 60 from pot
*** SUMMARY ***
Total pot 60 | No rake
Seat 3: _SKR (small blind) (button) won 60


Winamax Poker - Tournament "Expresso Nitro" buyIn: 0.93€ + 0.07€ level: 1 - HandId: #2676309618103156737-6-1673819711 - Holdem no limit (10/20) - 2023/01/15 21:55:11 UTC
Table: 'Expresso Nitro(623126891)#0' 3-max (real money) Seat #2 is the button
Seat 2: cupyde (350)
Seat 3: _SKR (550)
*** ANTE/BLINDS ***
cupyde posts small blind 10
_SKR posts big blind 20
Dealt to _SKR [8c 7s]
*** PRE-FLOP *** 
cupyde raises 40 to 60
_SKR folds
cupyde collected 80 from pot
*** SUMMARY ***
Total pot 80 | No rake
Seat 2: cupyde (small blind) (button) won 80


Winamax Poker - Tournament "Expresso Nitro" buyIn: 0.93€ + 0.07€ level: 2 - HandId: #2676309618103156737-7-1673819717 - Holdem no limit (15/30) - 2023/01/15 21:55:17 UTC
Table: 'Expresso Nitro(623126891)#0' 3-max (real money) Seat #3 is the button
Seat 2: cupyde (370)
Seat 3: _SKR (530)
*** ANTE/BLINDS ***
_SKR posts small blind 15
cupyde posts big blind 30
Dealt to _SKR [2d 5c]
*** PRE-FLOP *** 
_SKR folds
cupyde collected 45 from pot
*** SUMMARY ***
Total pot 45 | No rake
Seat 2: cupyde (big blind) won 45


Winamax Poker - Tournament "Expresso Nitro" buyIn: 0.93€ + 0.07€ level: 2 - HandId: #2676309618103156737-8-1673819726 - Holdem no limit (15/30) - 2023/01/15 21:55:26 UTC
Table: 'Expresso Nitro(623126891)#0' 3-max (real money) Seat #2 is the button
Seat 2: cupyde (385)
Seat 3: _SKR (515)
*** ANTE/BLINDS ***
cupyde posts small blind 15
_SKR posts big blind 30
Dealt to _SKR [Kh Ah]
*** PRE-FLOP *** 
cupyde raises 355 to 385 and is all-in
_SKR raises 130 to 515 and is all-in
*** FLOP *** [5d Tc 7h]
*** TURN *** [5d Tc 7h][Kd]
*** RIVER *** [5d Tc 7h Kd][Kc]
*** SHOW DOWN ***
cupyde shows [Ac 9h] (One pair : Kings)
_SKR shows [Kh Ah] (Trips of Kings)
_SKR collected 900 from pot
*** SUMMARY ***
Total pot 900 | No rake
Board: [5d Tc 7h Kd Kc]
Seat 2: cupyde (small blind) (button) showed [Ac 9h] and lost with One pair : Kings
Seat 3: _SKR (big blind) showed [Kh Ah] and won 900 with Trips of Kings


