Winamax Poker - Tournament "Expresso Nitro" buyIn: 1.86€ + 0.14€ level: 1 - HandId: #2694774837854863361-1-1674956173 - Holdem no limit (10/20) - 2023/01/29 01:36:13 UTC
Table: 'Expresso Nitro(627426160)#0' 3-max (real money) Seat #2 is the button
Seat 1: Philippe7651 (300)
Seat 2: _SKR (300)
Seat 3: coucoux76 (300)
*** ANTE/BLINDS ***
coucoux76 posts small blind 10
Philippe7651 posts big blind 20
Dealt to _SKR [3h Td]
*** PRE-FLOP *** 
_SKR folds
coucoux76 calls 10
Philippe7651 raises 280 to 300 and is all-in
coucoux76 folds
Philippe7651 collected 320 from pot
*** SUMMARY ***
Total pot 320 | No rake
Seat 1: Philippe7651 (big blind) won 320


Winamax Poker - Tournament "Expresso Nitro" buyIn: 1.86€ + 0.14€ level: 1 - HandId: #2694774837854863361-2-1674956183 - Holdem no limit (10/20) - 2023/01/29 01:36:23 UTC
Table: 'Expresso Nitro(627426160)#0' 3-max (real money) Seat #3 is the button
Seat 1: Philippe7651 (320)
Seat 2: _SKR (300)
Seat 3: coucoux76 (280)
*** ANTE/BLINDS ***
Philippe7651 posts small blind 10
_SKR posts big blind 20
Dealt to _SKR [Js 7d]
*** PRE-FLOP *** 
coucoux76 folds
Philippe7651 folds
_SKR collected 30 from pot
*** SUMMARY ***
Total pot 30 | No rake
Seat 2: _SKR (big blind) won 30


Winamax Poker - Tournament "Expresso Nitro" buyIn: 1.86€ + 0.14€ level: 1 - HandId: #2694774837854863361-3-1674956187 - Holdem no limit (10/20) - 2023/01/29 01:36:27 UTC
Table: 'Expresso Nitro(627426160)#0' 3-max (real money) Seat #1 is the button
Seat 1: Philippe7651 (310)
Seat 2: _SKR (310)
Seat 3: coucoux76 (280)
*** ANTE/BLINDS ***
_SKR posts small blind 10
coucoux76 posts big blind 20
Dealt to _SKR [8d 6h]
*** PRE-FLOP *** 
Philippe7651 raises 290 to 310 and is all-in
_SKR folds
coucoux76 folds
Philippe7651 collected 340 from pot
*** SUMMARY ***
Total pot 340 | No rake
Seat 1: Philippe7651 (button) won 340


Winamax Poker - Tournament "Expresso Nitro" buyIn: 1.86€ + 0.14€ level: 1 - HandId: #2694774837854863361-4-1674956194 - Holdem no limit (10/20) - 2023/01/29 01:36:34 UTC
Table: 'Expresso Nitro(627426160)#0' 3-max (real money) Seat #2 is the button
Seat 1: Philippe7651 (340)
Seat 2: _SKR (300)
Seat 3: coucoux76 (260)
*** ANTE/BLINDS ***
coucoux76 posts small blind 10
Philippe7651 posts big blind 20
Dealt to _SKR [5c 3h]
*** PRE-FLOP *** 
_SKR folds
coucoux76 folds
Philippe7651 collected 30 from pot
*** SUMMARY ***
Total pot 30 | No rake
Seat 1: Philippe7651 (big blind) won 30


Winamax Poker - Tournament "Expresso Nitro" buyIn: 1.86€ + 0.14€ level: 1 - HandId: #2694774837854863361-5-1674956205 - Holdem no limit (10/20) - 2023/01/29 01:36:45 UTC
Table: 'Expresso Nitro(627426160)#0' 3-max (real money) Seat #3 is the button
Seat 1: Philippe7651 (350)
Seat 2: _SKR (300)
Seat 3: coucoux76 (250)
*** ANTE/BLINDS ***
Philippe7651 posts small blind 10
_SKR posts big blind 20
Dealt to _SKR [Ks 5h]
*** PRE-FLOP *** 
coucoux76 folds
Philippe7651 folds
_SKR collected 30 from pot
*** SUMMARY ***
Total pot 30 | No rake
Seat 2: _SKR (big blind) won 30


Winamax Poker - Tournament "Expresso Nitro" buyIn: 1.86€ + 0.14€ level: 1 - HandId: #2694774837854863361-6-1674956209 - Holdem no limit (10/20) - 2023/01/29 01:36:49 UTC
Table: 'Expresso Nitro(627426160)#0' 3-max (real money) Seat #1 is the button
Seat 1: Philippe7651 (340)
Seat 2: _SKR (310)
Seat 3: coucoux76 (250)
*** ANTE/BLINDS ***
_SKR posts small blind 10
coucoux76 posts big blind 20
Dealt to _SKR [3d 5d]
*** PRE-FLOP *** 
Philippe7651 folds
_SKR folds
coucoux76 collected 30 from pot
*** SUMMARY ***
Total pot 30 | No rake
Seat 3: coucoux76 (big blind) won 30


Winamax Poker - Tournament "Expresso Nitro" buyIn: 1.86€ + 0.14€ level: 1 - HandId: #2694774837854863361-7-1674956215 - Holdem no limit (10/20) - 2023/01/29 01:36:55 UTC
Table: 'Expresso Nitro(627426160)#0' 3-max (real money) Seat #2 is the button
Seat 1: Philippe7651 (340)
Seat 2: _SKR (300)
Seat 3: coucoux76 (260)
*** ANTE/BLINDS ***
coucoux76 posts small blind 10
Philippe7651 posts big blind 20
Dealt to _SKR [8c 3d]
*** PRE-FLOP *** 
_SKR folds
coucoux76 folds
Philippe7651 collected 30 from pot
*** SUMMARY ***
Total pot 30 | No rake
Seat 1: Philippe7651 (big blind) won 30


Winamax Poker - Tournament "Expresso Nitro" buyIn: 1.86€ + 0.14€ level: 1 - HandId: #2694774837854863361-8-1674956221 - Holdem no limit (10/20) - 2023/01/29 01:37:01 UTC
Table: 'Expresso Nitro(627426160)#0' 3-max (real money) Seat #3 is the button
Seat 1: Philippe7651 (350)
Seat 2: _SKR (300)
Seat 3: coucoux76 (250)
*** ANTE/BLINDS ***
Philippe7651 posts small blind 10
_SKR posts big blind 20
Dealt to _SKR [Kd Tc]
*** PRE-FLOP *** 
coucoux76 raises 230 to 250 and is all-in
Philippe7651 raises 100 to 350 and is all-in
_SKR folds
*** FLOP *** [Kh 4c Qh]
*** TURN *** [Kh 4c Qh][Kc]
*** RIVER *** [Kh 4c Qh Kc][Td]
*** SHOW DOWN ***
Philippe7651 shows [2d 2c] (Two pairs : Kings and 2)
coucoux76 shows [Ah Jc] (Straight Ace high)
coucoux76 collected 520 from main pot
Philippe7651 collected 100 from side pot 1
*** SUMMARY ***
Total pot 620 | No rake
Board: [Kh 4c Qh Kc Td]
Seat 1: Philippe7651 (small blind) showed [2d 2c] and won 100 with Two pairs : Kings and 2
Seat 3: coucoux76 (button) showed [Ah Jc] and won 520 with Straight Ace high


Winamax Poker - Tournament "Expresso Nitro" buyIn: 1.86€ + 0.14€ level: 2 - HandId: #2694774837854863361-9-1674956233 - Holdem no limit (15/30) - 2023/01/29 01:37:13 UTC
Table: 'Expresso Nitro(627426160)#0' 3-max (real money) Seat #1 is the button
Seat 1: Philippe7651 (100)
Seat 2: _SKR (280)
Seat 3: coucoux76 (520)
*** ANTE/BLINDS ***
_SKR posts small blind 15
coucoux76 posts big blind 30
Dealt to _SKR [Td 4c]
*** PRE-FLOP *** 
Philippe7651 raises 70 to 100 and is all-in
_SKR folds
coucoux76 calls 70
*** FLOP *** [5c 8h 3h]
*** TURN *** [5c 8h 3h][Jh]
*** RIVER *** [5c 8h 3h Jh][Ac]
*** SHOW DOWN ***
coucoux76 shows [9d 6h] (High card : Ace)
Philippe7651 shows [Ad 5s] (Two pairs : Aces and 5)
Philippe7651 collected 215 from pot
*** SUMMARY ***
Total pot 215 | No rake
Board: [5c 8h 3h Jh Ac]
Seat 1: Philippe7651 (button) showed [Ad 5s] and won 215 with Two pairs : Aces and 5
Seat 3: coucoux76 (big blind) showed [9d 6h] and lost with High card : Ace


Winamax Poker - Tournament "Expresso Nitro" buyIn: 1.86€ + 0.14€ level: 2 - HandId: #2694774837854863361-10-1674956250 - Holdem no limit (15/30) - 2023/01/29 01:37:30 UTC
Table: 'Expresso Nitro(627426160)#0' 3-max (real money) Seat #2 is the button
Seat 1: Philippe7651 (215)
Seat 2: _SKR (265)
Seat 3: coucoux76 (420)
*** ANTE/BLINDS ***
coucoux76 posts small blind 15
Philippe7651 posts big blind 30
Dealt to _SKR [5s 5c]
*** PRE-FLOP *** 
_SKR raises 235 to 265 and is all-in
coucoux76 folds
Philippe7651 folds
_SKR collected 310 from pot
*** SUMMARY ***
Total pot 310 | No rake
Seat 2: _SKR (button) won 310


Winamax Poker - Tournament "Expresso Nitro" buyIn: 1.86€ + 0.14€ level: 2 - HandId: #2694774837854863361-11-1674956257 - Holdem no limit (15/30) - 2023/01/29 01:37:37 UTC
Table: 'Expresso Nitro(627426160)#0' 3-max (real money) Seat #3 is the button
Seat 1: Philippe7651 (185)
Seat 2: _SKR (310)
Seat 3: coucoux76 (405)
*** ANTE/BLINDS ***
Philippe7651 posts small blind 15
_SKR posts big blind 30
Dealt to _SKR [6c 7s]
*** PRE-FLOP *** 
coucoux76 folds
Philippe7651 calls 15
_SKR checks
*** FLOP *** [Qc 3h 6s]
Philippe7651 checks
_SKR bets 30
Philippe7651 calls 30
*** TURN *** [Qc 3h 6s][8d]
Philippe7651 checks
_SKR checks
*** RIVER *** [Qc 3h 6s 8d][7d]
Philippe7651 bets 78
_SKR calls 78
*** SHOW DOWN ***
Philippe7651 shows [Qs 2s] (One pair : Queens)
_SKR shows [6c 7s] (Two pairs : 7 and 6)
_SKR collected 276 from pot
*** SUMMARY ***
Total pot 276 | No rake
Board: [Qc 3h 6s 8d 7d]
Seat 1: Philippe7651 (small blind) showed [Qs 2s] and lost with One pair : Queens
Seat 2: _SKR (big blind) showed [6c 7s] and won 276 with Two pairs : 7 and 6


Winamax Poker - Tournament "Expresso Nitro" buyIn: 1.86€ + 0.14€ level: 2 - HandId: #2694774837854863361-12-1674956282 - Holdem no limit (15/30) - 2023/01/29 01:38:02 UTC
Table: 'Expresso Nitro(627426160)#0' 3-max (real money) Seat #1 is the button
Seat 1: Philippe7651 (47)
Seat 2: _SKR (448)
Seat 3: coucoux76 (405)
*** ANTE/BLINDS ***
_SKR posts small blind 15
coucoux76 posts big blind 30
Dealt to _SKR [Jh 3h]
*** PRE-FLOP *** 
Philippe7651 folds
_SKR calls 15
coucoux76 checks
*** FLOP *** [5c 7h 7c]
_SKR bets 30
coucoux76 raises 345 to 375 and is all-in
_SKR folds
coucoux76 collected 465 from pot
*** SUMMARY ***
Total pot 465 | No rake
Board: [5c 7h 7c]
Seat 3: coucoux76 (big blind) won 465


Winamax Poker - Tournament "Expresso Nitro" buyIn: 1.86€ + 0.14€ level: 3 - HandId: #2694774837854863361-13-1674956298 - Holdem no limit (20/40) - 2023/01/29 01:38:18 UTC
Table: 'Expresso Nitro(627426160)#0' 3-max (real money) Seat #2 is the button
Seat 1: Philippe7651 (47)
Seat 2: _SKR (388)
Seat 3: coucoux76 (465)
*** ANTE/BLINDS ***
coucoux76 posts small blind 20
Philippe7651 posts big blind 40
Dealt to _SKR [Td Jh]
*** PRE-FLOP *** 
_SKR raises 348 to 388 and is all-in
coucoux76 folds
Philippe7651 calls 7 and is all-in
*** FLOP *** [Kd 5h 8s]
*** TURN *** [Kd 5h 8s][9d]
*** RIVER *** [Kd 5h 8s 9d][9s]
*** SHOW DOWN ***
Philippe7651 shows [3d 9h] (Trips of 9)
_SKR shows [Td Jh] (One pair : 9)
_SKR collected 341 from side pot 1
Philippe7651 collected 114 from main pot
*** SUMMARY ***
Total pot 455 | No rake
Board: [Kd 5h 8s 9d 9s]
Seat 1: Philippe7651 (big blind) showed [3d 9h] and won 114 with Trips of 9
Seat 2: _SKR (button) showed [Td Jh] and won 341 with One pair : 9


Winamax Poker - Tournament "Expresso Nitro" buyIn: 1.86€ + 0.14€ level: 3 - HandId: #2694774837854863361-14-1674956313 - Holdem no limit (20/40) - 2023/01/29 01:38:33 UTC
Table: 'Expresso Nitro(627426160)#0' 3-max (real money) Seat #3 is the button
Seat 1: Philippe7651 (114)
Seat 2: _SKR (341)
Seat 3: coucoux76 (445)
*** ANTE/BLINDS ***
Philippe7651 posts small blind 20
_SKR posts big blind 40
Dealt to _SKR [Ac 8h]
*** PRE-FLOP *** 
coucoux76 folds
Philippe7651 raises 74 to 114 and is all-in
_SKR raises 74 to 188
*** FLOP *** [Qs 4s 3s]
*** TURN *** [Qs 4s 3s][8c]
*** RIVER *** [Qs 4s 3s 8c][Tc]
*** SHOW DOWN ***
Philippe7651 shows [Kd 6h] (High card : King)
_SKR shows [Ac 8h] (One pair : 8)
_SKR collected 302 from pot
*** SUMMARY ***
Total pot 302 | No rake
Board: [Qs 4s 3s 8c Tc]
Seat 1: Philippe7651 (small blind) showed [Kd 6h] and lost with High card : King
Seat 2: _SKR (big blind) showed [Ac 8h] and won 302 with One pair : 8


Winamax Poker - Tournament "Expresso Nitro" buyIn: 1.86€ + 0.14€ level: 3 - HandId: #2694774837854863361-15-1674956332 - Holdem no limit (20/40) - 2023/01/29 01:38:52 UTC
Table: 'Expresso Nitro(627426160)#0' 3-max (real money) Seat #2 is the button
Seat 2: _SKR (455)
Seat 3: coucoux76 (445)
*** ANTE/BLINDS ***
_SKR posts small blind 20
coucoux76 posts big blind 40
Dealt to _SKR [4s Kh]
*** PRE-FLOP *** 
_SKR raises 415 to 455 and is all-in
coucoux76 folds
_SKR collected 495 from pot
*** SUMMARY ***
Total pot 495 | No rake
Seat 2: _SKR (small blind) (button) won 495


Winamax Poker - Tournament "Expresso Nitro" buyIn: 1.86€ + 0.14€ level: 3 - HandId: #2694774837854863361-16-1674956344 - Holdem no limit (20/40) - 2023/01/29 01:39:04 UTC
Table: 'Expresso Nitro(627426160)#0' 3-max (real money) Seat #3 is the button
Seat 2: _SKR (495)
Seat 3: coucoux76 (405)
*** ANTE/BLINDS ***
coucoux76 posts small blind 20
_SKR posts big blind 40
Dealt to _SKR [4h 6d]
*** PRE-FLOP *** 
coucoux76 raises 365 to 405 and is all-in
_SKR folds
coucoux76 collected 445 from pot
*** SUMMARY ***
Total pot 445 | No rake
Seat 3: coucoux76 (small blind) (button) won 445


Winamax Poker - Tournament "Expresso Nitro" buyIn: 1.86€ + 0.14€ level: 4 - HandId: #2694774837854863361-17-1674956350 - Holdem no limit (30/60) - 2023/01/29 01:39:10 UTC
Table: 'Expresso Nitro(627426160)#0' 3-max (real money) Seat #2 is the button
Seat 2: _SKR (455)
Seat 3: coucoux76 (445)
*** ANTE/BLINDS ***
_SKR posts small blind 30
coucoux76 posts big blind 60
Dealt to _SKR [9d 3c]
*** PRE-FLOP *** 
_SKR folds
coucoux76 collected 90 from pot
*** SUMMARY ***
Total pot 90 | No rake
Seat 3: coucoux76 (big blind) won 90


Winamax Poker - Tournament "Expresso Nitro" buyIn: 1.86€ + 0.14€ level: 4 - HandId: #2694774837854863361-18-1674956354 - Holdem no limit (30/60) - 2023/01/29 01:39:14 UTC
Table: 'Expresso Nitro(627426160)#0' 3-max (real money) Seat #3 is the button
Seat 2: _SKR (425)
Seat 3: coucoux76 (475)
*** ANTE/BLINDS ***
coucoux76 posts small blind 30
_SKR posts big blind 60
Dealt to _SKR [3d 5d]
*** PRE-FLOP *** 
coucoux76 folds
_SKR collected 90 from pot
*** SUMMARY ***
Total pot 90 | No rake
Seat 2: _SKR (big blind) won 90


Winamax Poker - Tournament "Expresso Nitro" buyIn: 1.86€ + 0.14€ level: 4 - HandId: #2694774837854863361-19-1674956358 - Holdem no limit (30/60) - 2023/01/29 01:39:18 UTC
Table: 'Expresso Nitro(627426160)#0' 3-max (real money) Seat #2 is the button
Seat 2: _SKR (455)
Seat 3: coucoux76 (445)
*** ANTE/BLINDS ***
_SKR posts small blind 30
coucoux76 posts big blind 60
Dealt to _SKR [8c 2h]
*** PRE-FLOP *** 
_SKR folds
coucoux76 collected 90 from pot
*** SUMMARY ***
Total pot 90 | No rake
Seat 3: coucoux76 (big blind) won 90


Winamax Poker - Tournament "Expresso Nitro" buyIn: 1.86€ + 0.14€ level: 4 - HandId: #2694774837854863361-20-1674956366 - Holdem no limit (30/60) - 2023/01/29 01:39:26 UTC
Table: 'Expresso Nitro(627426160)#0' 3-max (real money) Seat #3 is the button
Seat 2: _SKR (425)
Seat 3: coucoux76 (475)
*** ANTE/BLINDS ***
coucoux76 posts small blind 30
_SKR posts big blind 60
Dealt to _SKR [9c Ts]
*** PRE-FLOP *** 
coucoux76 folds
_SKR collected 90 from pot
*** SUMMARY ***
Total pot 90 | No rake
Seat 2: _SKR (big blind) won 90


Winamax Poker - Tournament "Expresso Nitro" buyIn: 1.86€ + 0.14€ level: 4 - HandId: #2694774837854863361-21-1674956369 - Holdem no limit (30/60) - 2023/01/29 01:39:29 UTC
Table: 'Expresso Nitro(627426160)#0' 3-max (real money) Seat #2 is the button
Seat 2: _SKR (455)
Seat 3: coucoux76 (445)
*** ANTE/BLINDS ***
_SKR posts small blind 30
coucoux76 posts big blind 60
Dealt to _SKR [Qd 3c]
*** PRE-FLOP *** 
_SKR folds
coucoux76 collected 90 from pot
*** SUMMARY ***
Total pot 90 | No rake
Seat 3: coucoux76 (big blind) won 90


Winamax Poker - Tournament "Expresso Nitro" buyIn: 1.86€ + 0.14€ level: 4 - HandId: #2694774837854863361-22-1674956373 - Holdem no limit (30/60) - 2023/01/29 01:39:33 UTC
Table: 'Expresso Nitro(627426160)#0' 3-max (real money) Seat #3 is the button
Seat 2: _SKR (425)
Seat 3: coucoux76 (475)
*** ANTE/BLINDS ***
coucoux76 posts small blind 30
_SKR posts big blind 60
Dealt to _SKR [Ts Jc]
*** PRE-FLOP *** 
coucoux76 folds
_SKR collected 90 from pot
*** SUMMARY ***
Total pot 90 | No rake
Seat 2: _SKR (big blind) won 90


Winamax Poker - Tournament "Expresso Nitro" buyIn: 1.86€ + 0.14€ level: 4 - HandId: #2694774837854863361-23-1674956377 - Holdem no limit (30/60) - 2023/01/29 01:39:37 UTC
Table: 'Expresso Nitro(627426160)#0' 3-max (real money) Seat #2 is the button
Seat 2: _SKR (455)
Seat 3: coucoux76 (445)
*** ANTE/BLINDS ***
_SKR posts small blind 30
coucoux76 posts big blind 60
Dealt to _SKR [Qc 9d]
*** PRE-FLOP *** 
_SKR raises 395 to 455 and is all-in
coucoux76 calls 385 and is all-in
*** FLOP *** [Ah 7s 9h]
*** TURN *** [Ah 7s 9h][Tc]
*** RIVER *** [Ah 7s 9h Tc][Ad]
*** SHOW DOWN ***
coucoux76 shows [3s Ks] (One pair : Aces)
_SKR shows [Qc 9d] (Two pairs : Aces and 9)
_SKR collected 900 from pot
*** SUMMARY ***
Total pot 900 | No rake
Board: [Ah 7s 9h Tc Ad]
Seat 2: _SKR (small blind) (button) showed [Qc 9d] and won 900 with Two pairs : Aces and 9
Seat 3: coucoux76 (big blind) showed [3s Ks] and lost with One pair : Aces


