Winamax Poker - Tournament "Expresso Nitro" buyIn: 0.93€ + 0.07€ level: 1 - HandId: #2717824952374919169-1-1676236691 - Holdem no limit (10/20) - 2023/02/12 21:18:11 UTC
Table: 'Expresso Nitro(632792933)#0' 3-max (real money) Seat #2 is the button
Seat 1: CRUSTY_CLWN (300)
Seat 2: _SKR (300)
Seat 3: Ass Kicker (300)
*** ANTE/BLINDS ***
Ass Kicker posts small blind 10
CRUSTY_CLWN posts big blind 20
Dealt to _SKR [5h Qh]
*** PRE-FLOP *** 
_SKR folds
Ass Kicker folds
CRUSTY_CLWN collected 30 from pot
*** SUMMARY ***
Total pot 30 | No rake
Seat 1: CRUSTY_CLWN (big blind) won 30


Winamax Poker - Tournament "Expresso Nitro" buyIn: 0.93€ + 0.07€ level: 1 - HandId: #2717824952374919169-2-1676236700 - Holdem no limit (10/20) - 2023/02/12 21:18:20 UTC
Table: 'Expresso Nitro(632792933)#0' 3-max (real money) Seat #3 is the button
Seat 1: CRUSTY_CLWN (310)
Seat 2: _SKR (300)
Seat 3: Ass Kicker (290)
*** ANTE/BLINDS ***
CRUSTY_CLWN posts small blind 10
_SKR posts big blind 20
Dealt to _SKR [Jh Kd]
*** PRE-FLOP *** 
Ass Kicker folds
CRUSTY_CLWN raises 290 to 310 and is all-in
_SKR folds
CRUSTY_CLWN collected 330 from pot
*** SUMMARY ***
Total pot 330 | No rake
Seat 1: CRUSTY_CLWN (small blind) won 330


Winamax Poker - Tournament "Expresso Nitro" buyIn: 0.93€ + 0.07€ level: 1 - HandId: #2717824952374919169-3-1676236712 - Holdem no limit (10/20) - 2023/02/12 21:18:32 UTC
Table: 'Expresso Nitro(632792933)#0' 3-max (real money) Seat #1 is the button
Seat 1: CRUSTY_CLWN (330)
Seat 2: _SKR (280)
Seat 3: Ass Kicker (290)
*** ANTE/BLINDS ***
_SKR posts small blind 10
Ass Kicker posts big blind 20
Dealt to _SKR [2h 8s]
*** PRE-FLOP *** 
CRUSTY_CLWN raises 40 to 60
_SKR folds
Ass Kicker folds
CRUSTY_CLWN collected 90 from pot
*** SUMMARY ***
Total pot 90 | No rake
Seat 1: CRUSTY_CLWN (button) won 90


Winamax Poker - Tournament "Expresso Nitro" buyIn: 0.93€ + 0.07€ level: 1 - HandId: #2717824952374919169-4-1676236722 - Holdem no limit (10/20) - 2023/02/12 21:18:42 UTC
Table: 'Expresso Nitro(632792933)#0' 3-max (real money) Seat #2 is the button
Seat 1: CRUSTY_CLWN (360)
Seat 2: _SKR (270)
Seat 3: Ass Kicker (270)
*** ANTE/BLINDS ***
Ass Kicker posts small blind 10
CRUSTY_CLWN posts big blind 20
Dealt to _SKR [Qc 2s]
*** PRE-FLOP *** 
_SKR folds
Ass Kicker raises 250 to 270 and is all-in
CRUSTY_CLWN raises 90 to 360 and is all-in
*** FLOP *** [6d Kd 9h]
*** TURN *** [6d Kd 9h][Jc]
*** RIVER *** [6d Kd 9h Jc][Td]
*** SHOW DOWN ***
Ass Kicker shows [2c Ac] (High card : Ace)
CRUSTY_CLWN shows [Jh Jd] (Trips of Jacks)
CRUSTY_CLWN collected 630 from pot
*** SUMMARY ***
Total pot 630 | No rake
Board: [6d Kd 9h Jc Td]
Seat 1: CRUSTY_CLWN (big blind) showed [Jh Jd] and won 630 with Trips of Jacks
Seat 3: Ass Kicker (small blind) showed [2c Ac] and lost with High card : Ace


Winamax Poker - Tournament "Expresso Nitro" buyIn: 0.93€ + 0.07€ level: 1 - HandId: #2717824952374919169-5-1676236740 - Holdem no limit (10/20) - 2023/02/12 21:19:00 UTC
Table: 'Expresso Nitro(632792933)#0' 3-max (real money) Seat #1 is the button
Seat 1: CRUSTY_CLWN (630)
Seat 2: _SKR (270)
*** ANTE/BLINDS ***
CRUSTY_CLWN posts small blind 10
_SKR posts big blind 20
Dealt to _SKR [5h 4h]
*** PRE-FLOP *** 
CRUSTY_CLWN raises 40 to 60
_SKR folds
CRUSTY_CLWN collected 80 from pot
*** SUMMARY ***
Total pot 80 | No rake
Seat 1: CRUSTY_CLWN (small blind) (button) won 80


Winamax Poker - Tournament "Expresso Nitro" buyIn: 0.93€ + 0.07€ level: 2 - HandId: #2717824952374919169-6-1676236747 - Holdem no limit (15/30) - 2023/02/12 21:19:07 UTC
Table: 'Expresso Nitro(632792933)#0' 3-max (real money) Seat #2 is the button
Seat 1: CRUSTY_CLWN (650)
Seat 2: _SKR (250)
*** ANTE/BLINDS ***
_SKR posts small blind 15
CRUSTY_CLWN posts big blind 30
Dealt to _SKR [Ah Jh]
*** PRE-FLOP *** 
_SKR raises 220 to 250 and is all-in
CRUSTY_CLWN calls 220
*** FLOP *** [6s Ts 5c]
*** TURN *** [6s Ts 5c][9h]
*** RIVER *** [6s Ts 5c 9h][6c]
*** SHOW DOWN ***
_SKR shows [Ah Jh] (One pair : 6)
CRUSTY_CLWN shows [2c 2h] (Two pairs : 6 and 2)
CRUSTY_CLWN collected 500 from pot
*** SUMMARY ***
Total pot 500 | No rake
Board: [6s Ts 5c 9h 6c]
Seat 1: CRUSTY_CLWN (big blind) showed [2c 2h] and won 500 with Two pairs : 6 and 2
Seat 2: _SKR (small blind) (button) showed [Ah Jh] and lost with One pair : 6


