Winamax Poker - Tournament "Expresso Nitro" buyIn: 0.93€ + 0.07€ level: 1 - HandId: #2671077471763300353-1-1673529994 - Holdem no limit (10/20) - 2023/01/12 13:26:34 UTC
Table: 'Expresso Nitro(621908687)#0' 3-max (real money) Seat #2 is the button
Seat 1: _SKR (300)
Seat 2: Valas247 (300)
Seat 3: Minato_38 (300)
*** ANTE/BLINDS ***
Minato_38 posts small blind 10
_SKR posts big blind 20
Dealt to _SKR [Ts 6h]
*** PRE-FLOP *** 
Valas247 folds
Minato_38 raises 280 to 300 and is all-in
_SKR folds
Minato_38 collected 320 from pot
*** SUMMARY ***
Total pot 320 | No rake
Seat 3: Minato_38 (small blind) won 320


Winamax Poker - Tournament "Expresso Nitro" buyIn: 0.93€ + 0.07€ level: 1 - HandId: #2671077471763300353-2-1673530006 - Holdem no limit (10/20) - 2023/01/12 13:26:46 UTC
Table: 'Expresso Nitro(621908687)#0' 3-max (real money) Seat #3 is the button
Seat 1: _SKR (280)
Seat 2: Valas247 (300)
Seat 3: Minato_38 (320)
*** ANTE/BLINDS ***
_SKR posts small blind 10
Valas247 posts big blind 20
Dealt to _SKR [6c 7c]
*** PRE-FLOP *** 
Minato_38 folds
_SKR calls 10
Valas247 checks
*** FLOP *** [Js 6d Ad]
_SKR checks
Valas247 checks
*** TURN *** [Js 6d Ad][2d]
_SKR bets 20
Valas247 calls 20
*** RIVER *** [Js 6d Ad 2d][Kc]
_SKR checks
Valas247 bets 80
_SKR folds
Valas247 collected 160 from pot
*** SUMMARY ***
Total pot 160 | No rake
Board: [Js 6d Ad 2d Kc]
Seat 2: Valas247 (big blind) won 160


Winamax Poker - Tournament "Expresso Nitro" buyIn: 0.93€ + 0.07€ level: 2 - HandId: #2671077471763300353-3-1673530065 - Holdem no limit (15/30) - 2023/01/12 13:27:45 UTC
Table: 'Expresso Nitro(621908687)#0' 3-max (real money) Seat #1 is the button
Seat 1: _SKR (240)
Seat 2: Valas247 (340)
Seat 3: Minato_38 (320)
*** ANTE/BLINDS ***
Valas247 posts small blind 15
Minato_38 posts big blind 30
Dealt to _SKR [5s Qc]
*** PRE-FLOP *** 
_SKR folds
Valas247 calls 15
Minato_38 checks
*** FLOP *** [3c 2d Jd]
Valas247 checks
Minato_38 checks
*** TURN *** [3c 2d Jd][Qh]
Valas247 checks
Minato_38 checks
*** RIVER *** [3c 2d Jd Qh][7d]
Valas247 checks
Minato_38 checks
*** SHOW DOWN ***
Minato_38 shows [5h Tc] (High card : Queen)
Valas247 shows [8h Th] (High card : Queen)
Valas247 collected 60 from pot
*** SUMMARY ***
Total pot 60 | No rake
Board: [3c 2d Jd Qh 7d]
Seat 2: Valas247 (small blind) showed [8h Th] and won 60 with High card : Queen
Seat 3: Minato_38 (big blind) showed [5h Tc] and lost with High card : Queen


Winamax Poker - Tournament "Expresso Nitro" buyIn: 0.93€ + 0.07€ level: 2 - HandId: #2671077471763300353-4-1673530108 - Holdem no limit (15/30) - 2023/01/12 13:28:28 UTC
Table: 'Expresso Nitro(621908687)#0' 3-max (real money) Seat #2 is the button
Seat 1: _SKR (240)
Seat 2: Valas247 (370)
Seat 3: Minato_38 (290)
*** ANTE/BLINDS ***
Minato_38 posts small blind 15
_SKR posts big blind 30
Dealt to _SKR [Ks 8h]
*** PRE-FLOP *** 
Valas247 calls 30
Minato_38 raises 260 to 290 and is all-in
_SKR folds
Valas247 folds
Minato_38 collected 350 from pot
*** SUMMARY ***
Total pot 350 | No rake
Seat 3: Minato_38 (small blind) won 350


Winamax Poker - Tournament "Expresso Nitro" buyIn: 0.93€ + 0.07€ level: 3 - HandId: #2671077471763300353-5-1673530129 - Holdem no limit (20/40) - 2023/01/12 13:28:49 UTC
Table: 'Expresso Nitro(621908687)#0' 3-max (real money) Seat #3 is the button
Seat 1: _SKR (210)
Seat 2: Valas247 (340)
Seat 3: Minato_38 (350)
*** ANTE/BLINDS ***
_SKR posts small blind 20
Valas247 posts big blind 40
Dealt to _SKR [6h 2c]
*** PRE-FLOP *** 
Minato_38 calls 40
_SKR folds
Valas247 checks
*** FLOP *** [8s 9c 5s]
Valas247 checks
Minato_38 bets 40
Valas247 folds
Minato_38 collected 140 from pot
*** SUMMARY ***
Total pot 140 | No rake
Board: [8s 9c 5s]
Seat 3: Minato_38 (button) won 140


Winamax Poker - Tournament "Expresso Nitro" buyIn: 0.93€ + 0.07€ level: 3 - HandId: #2671077471763300353-6-1673530159 - Holdem no limit (20/40) - 2023/01/12 13:29:19 UTC
Table: 'Expresso Nitro(621908687)#0' 3-max (real money) Seat #1 is the button
Seat 1: _SKR (190)
Seat 2: Valas247 (300)
Seat 3: Minato_38 (410)
*** ANTE/BLINDS ***
Valas247 posts small blind 20
Minato_38 posts big blind 40
Dealt to _SKR [Jh Kh]
*** PRE-FLOP *** 
_SKR raises 150 to 190 and is all-in
Valas247 folds
Minato_38 calls 150
*** FLOP *** [7s 6h 9s]
*** TURN *** [7s 6h 9s][9h]
*** RIVER *** [7s 6h 9s 9h][7h]
*** SHOW DOWN ***
_SKR shows [Jh Kh] (Flush King high)
Minato_38 shows [7c 2c] (Full of 7 and 9)
Minato_38 collected 400 from pot
*** SUMMARY ***
Total pot 400 | No rake
Board: [7s 6h 9s 9h 7h]
Seat 1: _SKR (button) showed [Jh Kh] and lost with Flush King high
Seat 3: Minato_38 (big blind) showed [7c 2c] and won 400 with Full of 7 and 9


