Winamax Poker - Tournament "Expresso Nitro" buyIn: 0.93€ + 0.07€ level: 1 - HandId: #2675075562329866241-1-1673742986 - Holdem no limit (10/20) - 2023/01/15 00:36:26 UTC
Table: 'Expresso Nitro(622839565)#0' 3-max (real money) Seat #3 is the button
Seat 1: _SKR (300)
Seat 2: A.A.Martinez (300)
Seat 3: MgV34 (300)
*** ANTE/BLINDS ***
_SKR posts small blind 10
A.A.Martinez posts big blind 20
Dealt to _SKR [4s Kh]
*** PRE-FLOP *** 
MgV34 folds
_SKR raises 20 to 40
A.A.Martinez calls 20
*** FLOP *** [6c 9s Jd]
_SKR bets 28
A.A.Martinez folds
_SKR collected 108 from pot
*** SUMMARY ***
Total pot 108 | No rake
Board: [6c 9s Jd]
Seat 1: _SKR (small blind) won 108


Winamax Poker - Tournament "Expresso Nitro" buyIn: 0.93€ + 0.07€ level: 1 - HandId: #2675075562329866241-2-1673742996 - Holdem no limit (10/20) - 2023/01/15 00:36:36 UTC
Table: 'Expresso Nitro(622839565)#0' 3-max (real money) Seat #1 is the button
Seat 1: _SKR (340)
Seat 2: A.A.Martinez (260)
Seat 3: MgV34 (300)
*** ANTE/BLINDS ***
A.A.Martinez posts small blind 10
MgV34 posts big blind 20
Dealt to _SKR [7h Jd]
*** PRE-FLOP *** 
_SKR folds
A.A.Martinez raises 30 to 50
MgV34 folds
A.A.Martinez collected 70 from pot
*** SUMMARY ***
Total pot 70 | No rake
Seat 2: A.A.Martinez (small blind) won 70


Winamax Poker - Tournament "Expresso Nitro" buyIn: 0.93€ + 0.07€ level: 1 - HandId: #2675075562329866241-3-1673743002 - Holdem no limit (10/20) - 2023/01/15 00:36:42 UTC
Table: 'Expresso Nitro(622839565)#0' 3-max (real money) Seat #2 is the button
Seat 1: _SKR (340)
Seat 2: A.A.Martinez (280)
Seat 3: MgV34 (280)
*** ANTE/BLINDS ***
MgV34 posts small blind 10
_SKR posts big blind 20
Dealt to _SKR [4d 5h]
*** PRE-FLOP *** 
A.A.Martinez folds
MgV34 raises 30 to 50
_SKR folds
MgV34 collected 70 from pot
*** SUMMARY ***
Total pot 70 | No rake
Seat 3: MgV34 (small blind) won 70


Winamax Poker - Tournament "Expresso Nitro" buyIn: 0.93€ + 0.07€ level: 1 - HandId: #2675075562329866241-4-1673743008 - Holdem no limit (10/20) - 2023/01/15 00:36:48 UTC
Table: 'Expresso Nitro(622839565)#0' 3-max (real money) Seat #3 is the button
Seat 1: _SKR (320)
Seat 2: A.A.Martinez (280)
Seat 3: MgV34 (300)
*** ANTE/BLINDS ***
_SKR posts small blind 10
A.A.Martinez posts big blind 20
Dealt to _SKR [Js As]
*** PRE-FLOP *** 
MgV34 raises 30 to 50
_SKR raises 270 to 320 and is all-in
A.A.Martinez folds
MgV34 folds
_SKR collected 390 from pot
*** SUMMARY ***
Total pot 390 | No rake
Seat 1: _SKR (small blind) won 390


Winamax Poker - Tournament "Expresso Nitro" buyIn: 0.93€ + 0.07€ level: 1 - HandId: #2675075562329866241-5-1673743024 - Holdem no limit (10/20) - 2023/01/15 00:37:04 UTC
Table: 'Expresso Nitro(622839565)#0' 3-max (real money) Seat #1 is the button
Seat 1: _SKR (390)
Seat 2: A.A.Martinez (260)
Seat 3: MgV34 (250)
*** ANTE/BLINDS ***
A.A.Martinez posts small blind 10
MgV34 posts big blind 20
Dealt to _SKR [As 5s]
*** PRE-FLOP *** 
_SKR raises 370 to 390 and is all-in
A.A.Martinez folds
MgV34 folds
_SKR collected 420 from pot
*** SUMMARY ***
Total pot 420 | No rake
Seat 1: _SKR (button) won 420


Winamax Poker - Tournament "Expresso Nitro" buyIn: 0.93€ + 0.07€ level: 1 - HandId: #2675075562329866241-6-1673743029 - Holdem no limit (10/20) - 2023/01/15 00:37:09 UTC
Table: 'Expresso Nitro(622839565)#0' 3-max (real money) Seat #2 is the button
Seat 1: _SKR (420)
Seat 2: A.A.Martinez (250)
Seat 3: MgV34 (230)
*** ANTE/BLINDS ***
MgV34 posts small blind 10
_SKR posts big blind 20
Dealt to _SKR [5c 7c]
*** PRE-FLOP *** 
A.A.Martinez calls 20
MgV34 folds
_SKR checks
*** FLOP *** [7d Ks As]
_SKR checks
A.A.Martinez bets 33
_SKR folds
A.A.Martinez collected 83 from pot
*** SUMMARY ***
Total pot 83 | No rake
Board: [7d Ks As]
Seat 2: A.A.Martinez (button) won 83


Winamax Poker - Tournament "Expresso Nitro" buyIn: 0.93€ + 0.07€ level: 2 - HandId: #2675075562329866241-7-1673743043 - Holdem no limit (15/30) - 2023/01/15 00:37:23 UTC
Table: 'Expresso Nitro(622839565)#0' 3-max (real money) Seat #3 is the button
Seat 1: _SKR (400)
Seat 2: A.A.Martinez (280)
Seat 3: MgV34 (220)
*** ANTE/BLINDS ***
_SKR posts small blind 15
A.A.Martinez posts big blind 30
Dealt to _SKR [Qh As]
*** PRE-FLOP *** 
MgV34 raises 190 to 220 and is all-in
_SKR raises 180 to 400 and is all-in
A.A.Martinez folds
*** FLOP *** [6d 4c 9d]
*** TURN *** [6d 4c 9d][Qs]
*** RIVER *** [6d 4c 9d Qs][Qc]
*** SHOW DOWN ***
MgV34 shows [Ad 4h] (Two pairs : Queens and 4)
_SKR shows [Qh As] (Trips of Queens)
_SKR collected 650 from pot
*** SUMMARY ***
Total pot 650 | No rake
Board: [6d 4c 9d Qs Qc]
Seat 1: _SKR (small blind) showed [Qh As] and won 650 with Trips of Queens
Seat 3: MgV34 (button) showed [Ad 4h] and lost with Two pairs : Queens and 4


Winamax Poker - Tournament "Expresso Nitro" buyIn: 0.93€ + 0.07€ level: 2 - HandId: #2675075562329866241-8-1673743057 - Holdem no limit (15/30) - 2023/01/15 00:37:37 UTC
Table: 'Expresso Nitro(622839565)#0' 3-max (real money) Seat #2 is the button
Seat 1: _SKR (650)
Seat 2: A.A.Martinez (250)
*** ANTE/BLINDS ***
A.A.Martinez posts small blind 15
_SKR posts big blind 30
Dealt to _SKR [Jd Ks]
*** PRE-FLOP *** 
A.A.Martinez calls 15
_SKR raises 620 to 650 and is all-in
A.A.Martinez folds
_SKR collected 680 from pot
*** SUMMARY ***
Total pot 680 | No rake
Seat 1: _SKR (big blind) won 680


Winamax Poker - Tournament "Expresso Nitro" buyIn: 0.93€ + 0.07€ level: 2 - HandId: #2675075562329866241-9-1673743064 - Holdem no limit (15/30) - 2023/01/15 00:37:44 UTC
Table: 'Expresso Nitro(622839565)#0' 3-max (real money) Seat #1 is the button
Seat 1: _SKR (680)
Seat 2: A.A.Martinez (220)
*** ANTE/BLINDS ***
_SKR posts small blind 15
A.A.Martinez posts big blind 30
Dealt to _SKR [6c 5s]
*** PRE-FLOP *** 
_SKR folds
A.A.Martinez collected 45 from pot
*** SUMMARY ***
Total pot 45 | No rake
Seat 2: A.A.Martinez (big blind) won 45


Winamax Poker - Tournament "Expresso Nitro" buyIn: 0.93€ + 0.07€ level: 2 - HandId: #2675075562329866241-10-1673743071 - Holdem no limit (15/30) - 2023/01/15 00:37:51 UTC
Table: 'Expresso Nitro(622839565)#0' 3-max (real money) Seat #2 is the button
Seat 1: _SKR (665)
Seat 2: A.A.Martinez (235)
*** ANTE/BLINDS ***
A.A.Martinez posts small blind 15
_SKR posts big blind 30
Dealt to _SKR [2s 9c]
*** PRE-FLOP *** 
A.A.Martinez raises 205 to 235 and is all-in
_SKR folds
A.A.Martinez collected 265 from pot
*** SUMMARY ***
Total pot 265 | No rake
Seat 2: A.A.Martinez (small blind) (button) won 265


Winamax Poker - Tournament "Expresso Nitro" buyIn: 0.93€ + 0.07€ level: 2 - HandId: #2675075562329866241-11-1673743083 - Holdem no limit (15/30) - 2023/01/15 00:38:03 UTC
Table: 'Expresso Nitro(622839565)#0' 3-max (real money) Seat #1 is the button
Seat 1: _SKR (635)
Seat 2: A.A.Martinez (265)
*** ANTE/BLINDS ***
_SKR posts small blind 15
A.A.Martinez posts big blind 30
Dealt to _SKR [7s 8h]
*** PRE-FLOP *** 
_SKR folds
A.A.Martinez collected 45 from pot
*** SUMMARY ***
Total pot 45 | No rake
Seat 2: A.A.Martinez (big blind) won 45


Winamax Poker - Tournament "Expresso Nitro" buyIn: 0.93€ + 0.07€ level: 2 - HandId: #2675075562329866241-12-1673743097 - Holdem no limit (15/30) - 2023/01/15 00:38:17 UTC
Table: 'Expresso Nitro(622839565)#0' 3-max (real money) Seat #2 is the button
Seat 1: _SKR (620)
Seat 2: A.A.Martinez (280)
*** ANTE/BLINDS ***
A.A.Martinez posts small blind 15
_SKR posts big blind 30
Dealt to _SKR [9h 5h]
*** PRE-FLOP *** 
A.A.Martinez folds
_SKR collected 45 from pot
*** SUMMARY ***
Total pot 45 | No rake
Seat 1: _SKR (big blind) won 45


Winamax Poker - Tournament "Expresso Nitro" buyIn: 0.93€ + 0.07€ level: 2 - HandId: #2675075562329866241-13-1673743101 - Holdem no limit (15/30) - 2023/01/15 00:38:21 UTC
Table: 'Expresso Nitro(622839565)#0' 3-max (real money) Seat #1 is the button
Seat 1: _SKR (635)
Seat 2: A.A.Martinez (265)
*** ANTE/BLINDS ***
_SKR posts small blind 15
A.A.Martinez posts big blind 30
Dealt to _SKR [2c Qd]
*** PRE-FLOP *** 
_SKR folds
A.A.Martinez collected 45 from pot
*** SUMMARY ***
Total pot 45 | No rake
Seat 2: A.A.Martinez (big blind) won 45


Winamax Poker - Tournament "Expresso Nitro" buyIn: 0.93€ + 0.07€ level: 3 - HandId: #2675075562329866241-14-1673743105 - Holdem no limit (20/40) - 2023/01/15 00:38:25 UTC
Table: 'Expresso Nitro(622839565)#0' 3-max (real money) Seat #2 is the button
Seat 1: _SKR (620)
Seat 2: A.A.Martinez (280)
*** ANTE/BLINDS ***
A.A.Martinez posts small blind 20
_SKR posts big blind 40
Dealt to _SKR [7d 9s]
*** PRE-FLOP *** 
A.A.Martinez folds
_SKR collected 60 from pot
*** SUMMARY ***
Total pot 60 | No rake
Seat 1: _SKR (big blind) won 60


Winamax Poker - Tournament "Expresso Nitro" buyIn: 0.93€ + 0.07€ level: 3 - HandId: #2675075562329866241-15-1673743108 - Holdem no limit (20/40) - 2023/01/15 00:38:28 UTC
Table: 'Expresso Nitro(622839565)#0' 3-max (real money) Seat #1 is the button
Seat 1: _SKR (640)
Seat 2: A.A.Martinez (260)
*** ANTE/BLINDS ***
_SKR posts small blind 20
A.A.Martinez posts big blind 40
Dealt to _SKR [8d 3c]
*** PRE-FLOP *** 
_SKR folds
A.A.Martinez collected 60 from pot
*** SUMMARY ***
Total pot 60 | No rake
Seat 2: A.A.Martinez (big blind) won 60


Winamax Poker - Tournament "Expresso Nitro" buyIn: 0.93€ + 0.07€ level: 3 - HandId: #2675075562329866241-16-1673743116 - Holdem no limit (20/40) - 2023/01/15 00:38:36 UTC
Table: 'Expresso Nitro(622839565)#0' 3-max (real money) Seat #2 is the button
Seat 1: _SKR (620)
Seat 2: A.A.Martinez (280)
*** ANTE/BLINDS ***
A.A.Martinez posts small blind 20
_SKR posts big blind 40
Dealt to _SKR [5c Kd]
*** PRE-FLOP *** 
A.A.Martinez folds
_SKR collected 60 from pot
*** SUMMARY ***
Total pot 60 | No rake
Seat 1: _SKR (big blind) won 60


Winamax Poker - Tournament "Expresso Nitro" buyIn: 0.93€ + 0.07€ level: 3 - HandId: #2675075562329866241-17-1673743119 - Holdem no limit (20/40) - 2023/01/15 00:38:39 UTC
Table: 'Expresso Nitro(622839565)#0' 3-max (real money) Seat #1 is the button
Seat 1: _SKR (640)
Seat 2: A.A.Martinez (260)
*** ANTE/BLINDS ***
_SKR posts small blind 20
A.A.Martinez posts big blind 40
Dealt to _SKR [4s 3s]
*** PRE-FLOP *** 
_SKR folds
A.A.Martinez collected 60 from pot
*** SUMMARY ***
Total pot 60 | No rake
Seat 2: A.A.Martinez (big blind) won 60


Winamax Poker - Tournament "Expresso Nitro" buyIn: 0.93€ + 0.07€ level: 3 - HandId: #2675075562329866241-18-1673743122 - Holdem no limit (20/40) - 2023/01/15 00:38:42 UTC
Table: 'Expresso Nitro(622839565)#0' 3-max (real money) Seat #2 is the button
Seat 1: _SKR (620)
Seat 2: A.A.Martinez (280)
*** ANTE/BLINDS ***
A.A.Martinez posts small blind 20
_SKR posts big blind 40
Dealt to _SKR [5s Js]
*** PRE-FLOP *** 
A.A.Martinez raises 80 to 120
_SKR folds
A.A.Martinez collected 160 from pot
*** SUMMARY ***
Total pot 160 | No rake
Seat 2: A.A.Martinez (small blind) (button) won 160


Winamax Poker - Tournament "Expresso Nitro" buyIn: 0.93€ + 0.07€ level: 3 - HandId: #2675075562329866241-19-1673743128 - Holdem no limit (20/40) - 2023/01/15 00:38:48 UTC
Table: 'Expresso Nitro(622839565)#0' 3-max (real money) Seat #1 is the button
Seat 1: _SKR (580)
Seat 2: A.A.Martinez (320)
*** ANTE/BLINDS ***
_SKR posts small blind 20
A.A.Martinez posts big blind 40
Dealt to _SKR [Ks Jc]
*** PRE-FLOP *** 
_SKR raises 540 to 580 and is all-in
A.A.Martinez folds
_SKR collected 620 from pot
*** SUMMARY ***
Total pot 620 | No rake
Seat 1: _SKR (small blind) (button) won 620


Winamax Poker - Tournament "Expresso Nitro" buyIn: 0.93€ + 0.07€ level: 3 - HandId: #2675075562329866241-20-1673743134 - Holdem no limit (20/40) - 2023/01/15 00:38:54 UTC
Table: 'Expresso Nitro(622839565)#0' 3-max (real money) Seat #2 is the button
Seat 1: _SKR (620)
Seat 2: A.A.Martinez (280)
*** ANTE/BLINDS ***
A.A.Martinez posts small blind 20
_SKR posts big blind 40
Dealt to _SKR [Qs 6c]
*** PRE-FLOP *** 
A.A.Martinez raises 240 to 280 and is all-in
_SKR folds
A.A.Martinez collected 320 from pot
*** SUMMARY ***
Total pot 320 | No rake
Seat 2: A.A.Martinez (small blind) (button) won 320


Winamax Poker - Tournament "Expresso Nitro" buyIn: 0.93€ + 0.07€ level: 3 - HandId: #2675075562329866241-21-1673743138 - Holdem no limit (20/40) - 2023/01/15 00:38:58 UTC
Table: 'Expresso Nitro(622839565)#0' 3-max (real money) Seat #1 is the button
Seat 1: _SKR (580)
Seat 2: A.A.Martinez (320)
*** ANTE/BLINDS ***
_SKR posts small blind 20
A.A.Martinez posts big blind 40
Dealt to _SKR [3d Kh]
*** PRE-FLOP *** 
_SKR folds
A.A.Martinez collected 60 from pot
*** SUMMARY ***
Total pot 60 | No rake
Seat 2: A.A.Martinez (big blind) won 60


Winamax Poker - Tournament "Expresso Nitro" buyIn: 0.93€ + 0.07€ level: 3 - HandId: #2675075562329866241-22-1673743144 - Holdem no limit (20/40) - 2023/01/15 00:39:04 UTC
Table: 'Expresso Nitro(622839565)#0' 3-max (real money) Seat #2 is the button
Seat 1: _SKR (560)
Seat 2: A.A.Martinez (340)
*** ANTE/BLINDS ***
A.A.Martinez posts small blind 20
_SKR posts big blind 40
Dealt to _SKR [Td 2d]
*** PRE-FLOP *** 
A.A.Martinez calls 20
_SKR checks
*** FLOP *** [4h 2c 3d]
_SKR checks
A.A.Martinez bets 52
_SKR calls 52
*** TURN *** [4h 2c 3d][Jh]
_SKR checks
A.A.Martinez bets 120
_SKR folds
A.A.Martinez collected 304 from pot
*** SUMMARY ***
Total pot 304 | No rake
Board: [4h 2c 3d Jh]
Seat 2: A.A.Martinez (small blind) (button) won 304


Winamax Poker - Tournament "Expresso Nitro" buyIn: 0.93€ + 0.07€ level: 4 - HandId: #2675075562329866241-23-1673743184 - Holdem no limit (30/60) - 2023/01/15 00:39:44 UTC
Table: 'Expresso Nitro(622839565)#0' 3-max (real money) Seat #1 is the button
Seat 1: _SKR (468)
Seat 2: A.A.Martinez (432)
*** ANTE/BLINDS ***
_SKR posts small blind 30
A.A.Martinez posts big blind 60
Dealt to _SKR [Kh Qs]
*** PRE-FLOP *** 
_SKR raises 408 to 468 and is all-in
A.A.Martinez calls 372 and is all-in
*** FLOP *** [6d 5d Ks]
*** TURN *** [6d 5d Ks][7d]
*** RIVER *** [6d 5d Ks 7d][Kc]
*** SHOW DOWN ***
A.A.Martinez shows [Qc Ac] (One pair : Kings)
_SKR shows [Kh Qs] (Trips of Kings)
_SKR collected 900 from pot
*** SUMMARY ***
Total pot 900 | No rake
Board: [6d 5d Ks 7d Kc]
Seat 1: _SKR (small blind) (button) showed [Kh Qs] and won 900 with Trips of Kings
Seat 2: A.A.Martinez (big blind) showed [Qc Ac] and lost with One pair : Kings


