Winamax Poker - Tournament "Expresso Nitro" buyIn: 1.86€ + 0.14€ level: 1 - HandId: #2698138759320305665-1-1675182477 - Holdem no limit (10/20) - 2023/01/31 16:27:57 UTC
Table: 'Expresso Nitro(628209384)#0' 3-max (real money) Seat #3 is the button
Seat 1: Ouassmille (300)
Seat 2: _SKR (300)
Seat 3: Vnik (300)
*** ANTE/BLINDS ***
Ouassmille posts small blind 10
_SKR posts big blind 20
Dealt to _SKR [2c 9s]
*** PRE-FLOP *** 
Vnik folds
Ouassmille calls 10
_SKR checks
*** FLOP *** [Jh Qd 3c]
Ouassmille bets 20
_SKR folds
Ouassmille collected 60 from pot
*** SUMMARY ***
Total pot 60 | No rake
Board: [Jh Qd 3c]
Seat 1: Ouassmille (small blind) won 60


Winamax Poker - Tournament "Expresso Nitro" buyIn: 1.86€ + 0.14€ level: 1 - HandId: #2698138759320305665-2-1675182491 - Holdem no limit (10/20) - 2023/01/31 16:28:11 UTC
Table: 'Expresso Nitro(628209384)#0' 3-max (real money) Seat #1 is the button
Seat 1: Ouassmille (320)
Seat 2: _SKR (280)
Seat 3: Vnik (300)
*** ANTE/BLINDS ***
_SKR posts small blind 10
Vnik posts big blind 20
Dealt to _SKR [As Td]
*** PRE-FLOP *** 
Ouassmille calls 20
_SKR raises 260 to 280 and is all-in
Vnik folds
Ouassmille folds
_SKR collected 320 from pot
*** SUMMARY ***
Total pot 320 | No rake
Seat 2: _SKR (small blind) won 320


Winamax Poker - Tournament "Expresso Nitro" buyIn: 1.86€ + 0.14€ level: 1 - HandId: #2698138759320305665-3-1675182508 - Holdem no limit (10/20) - 2023/01/31 16:28:28 UTC
Table: 'Expresso Nitro(628209384)#0' 3-max (real money) Seat #2 is the button
Seat 1: Ouassmille (300)
Seat 2: _SKR (320)
Seat 3: Vnik (280)
*** ANTE/BLINDS ***
Vnik posts small blind 10
Ouassmille posts big blind 20
Dealt to _SKR [6h Ts]
*** PRE-FLOP *** 
_SKR folds
Vnik raises 260 to 280 and is all-in
Ouassmille calls 260
*** FLOP *** [Kh 7h 8h]
*** TURN *** [Kh 7h 8h][Tc]
*** RIVER *** [Kh 7h 8h Tc][5d]
*** SHOW DOWN ***
Vnik shows [8s Ac] (One pair : 8)
Ouassmille shows [7c 7d] (Trips of 7)
Ouassmille collected 560 from pot
*** SUMMARY ***
Total pot 560 | No rake
Board: [Kh 7h 8h Tc 5d]
Seat 1: Ouassmille (big blind) showed [7c 7d] and won 560 with Trips of 7
Seat 3: Vnik (small blind) showed [8s Ac] and lost with One pair : 8


Winamax Poker - Tournament "Expresso Nitro" buyIn: 1.86€ + 0.14€ level: 2 - HandId: #2698138759320305665-4-1675182535 - Holdem no limit (15/30) - 2023/01/31 16:28:55 UTC
Table: 'Expresso Nitro(628209384)#0' 3-max (real money) Seat #1 is the button
Seat 1: Ouassmille (580)
Seat 2: _SKR (320)
*** ANTE/BLINDS ***
Ouassmille posts small blind 15
_SKR posts big blind 30
Dealt to _SKR [7c Td]
*** PRE-FLOP *** 
Ouassmille calls 15
_SKR checks
*** FLOP *** [2c 5d 3d]
_SKR checks
Ouassmille checks
*** TURN *** [2c 5d 3d][3c]
_SKR checks
Ouassmille bets 39
_SKR folds
Ouassmille collected 99 from pot
*** SUMMARY ***
Total pot 99 | No rake
Board: [2c 5d 3d 3c]
Seat 1: Ouassmille (small blind) (button) won 99


Winamax Poker - Tournament "Expresso Nitro" buyIn: 1.86€ + 0.14€ level: 2 - HandId: #2698138759320305665-5-1675182563 - Holdem no limit (15/30) - 2023/01/31 16:29:23 UTC
Table: 'Expresso Nitro(628209384)#0' 3-max (real money) Seat #2 is the button
Seat 1: Ouassmille (610)
Seat 2: _SKR (290)
*** ANTE/BLINDS ***
_SKR posts small blind 15
Ouassmille posts big blind 30
Dealt to _SKR [7d Qd]
*** PRE-FLOP *** 
_SKR raises 260 to 290 and is all-in
Ouassmille folds
_SKR collected 320 from pot
*** SUMMARY ***
Total pot 320 | No rake
Seat 2: _SKR (small blind) (button) won 320


Winamax Poker - Tournament "Expresso Nitro" buyIn: 1.86€ + 0.14€ level: 2 - HandId: #2698138759320305665-6-1675182574 - Holdem no limit (15/30) - 2023/01/31 16:29:34 UTC
Table: 'Expresso Nitro(628209384)#0' 3-max (real money) Seat #1 is the button
Seat 1: Ouassmille (580)
Seat 2: _SKR (320)
*** ANTE/BLINDS ***
Ouassmille posts small blind 15
_SKR posts big blind 30
Dealt to _SKR [Qs Js]
*** PRE-FLOP *** 
Ouassmille calls 15
_SKR raises 290 to 320 and is all-in
Ouassmille folds
_SKR collected 350 from pot
*** SUMMARY ***
Total pot 350 | No rake
Seat 2: _SKR (big blind) won 350


Winamax Poker - Tournament "Expresso Nitro" buyIn: 1.86€ + 0.14€ level: 3 - HandId: #2698138759320305665-7-1675182613 - Holdem no limit (20/40) - 2023/01/31 16:30:13 UTC
Table: 'Expresso Nitro(628209384)#0' 3-max (real money) Seat #2 is the button
Seat 1: Ouassmille (550)
Seat 2: _SKR (350)
*** ANTE/BLINDS ***
_SKR posts small blind 20
Ouassmille posts big blind 40
Dealt to _SKR [5s 3h]
*** PRE-FLOP *** 
_SKR folds
Ouassmille collected 60 from pot
*** SUMMARY ***
Total pot 60 | No rake
Seat 1: Ouassmille (big blind) won 60


Winamax Poker - Tournament "Expresso Nitro" buyIn: 1.86€ + 0.14€ level: 3 - HandId: #2698138759320305665-8-1675182616 - Holdem no limit (20/40) - 2023/01/31 16:30:16 UTC
Table: 'Expresso Nitro(628209384)#0' 3-max (real money) Seat #1 is the button
Seat 1: Ouassmille (570)
Seat 2: _SKR (330)
*** ANTE/BLINDS ***
Ouassmille posts small blind 20
_SKR posts big blind 40
Dealt to _SKR [9s 7s]
*** PRE-FLOP *** 
Ouassmille raises 530 to 570 and is all-in
_SKR folds
Ouassmille collected 610 from pot
*** SUMMARY ***
Total pot 610 | No rake
Seat 1: Ouassmille (small blind) (button) won 610


Winamax Poker - Tournament "Expresso Nitro" buyIn: 1.86€ + 0.14€ level: 3 - HandId: #2698138759320305665-9-1675182623 - Holdem no limit (20/40) - 2023/01/31 16:30:23 UTC
Table: 'Expresso Nitro(628209384)#0' 3-max (real money) Seat #2 is the button
Seat 1: Ouassmille (610)
Seat 2: _SKR (290)
*** ANTE/BLINDS ***
_SKR posts small blind 20
Ouassmille posts big blind 40
Dealt to _SKR [Qd 5s]
*** PRE-FLOP *** 
_SKR folds
Ouassmille collected 60 from pot
*** SUMMARY ***
Total pot 60 | No rake
Seat 1: Ouassmille (big blind) won 60


Winamax Poker - Tournament "Expresso Nitro" buyIn: 1.86€ + 0.14€ level: 3 - HandId: #2698138759320305665-10-1675182628 - Holdem no limit (20/40) - 2023/01/31 16:30:28 UTC
Table: 'Expresso Nitro(628209384)#0' 3-max (real money) Seat #1 is the button
Seat 1: Ouassmille (630)
Seat 2: _SKR (270)
*** ANTE/BLINDS ***
Ouassmille posts small blind 20
_SKR posts big blind 40
Dealt to _SKR [5d Jh]
*** PRE-FLOP *** 
Ouassmille raises 590 to 630 and is all-in
_SKR folds
Ouassmille collected 670 from pot
*** SUMMARY ***
Total pot 670 | No rake
Seat 1: Ouassmille (small blind) (button) won 670


Winamax Poker - Tournament "Expresso Nitro" buyIn: 1.86€ + 0.14€ level: 3 - HandId: #2698138759320305665-11-1675182635 - Holdem no limit (20/40) - 2023/01/31 16:30:35 UTC
Table: 'Expresso Nitro(628209384)#0' 3-max (real money) Seat #2 is the button
Seat 1: Ouassmille (670)
Seat 2: _SKR (230)
*** ANTE/BLINDS ***
_SKR posts small blind 20
Ouassmille posts big blind 40
Dealt to _SKR [Kd As]
*** PRE-FLOP *** 
_SKR raises 190 to 230 and is all-in
Ouassmille calls 190
*** FLOP *** [6s 6h 2s]
*** TURN *** [6s 6h 2s][2c]
*** RIVER *** [6s 6h 2s 2c][Jd]
*** SHOW DOWN ***
Ouassmille shows [Qs 7s] (Two pairs : 6 and 2)
_SKR shows [Kd As] (Two pairs : 6 and 2)
_SKR collected 460 from pot
*** SUMMARY ***
Total pot 460 | No rake
Board: [6s 6h 2s 2c Jd]
Seat 1: Ouassmille (big blind) showed [Qs 7s] and lost with Two pairs : 6 and 2
Seat 2: _SKR (small blind) (button) showed [Kd As] and won 460 with Two pairs : 6 and 2


Winamax Poker - Tournament "Expresso Nitro" buyIn: 1.86€ + 0.14€ level: 3 - HandId: #2698138759320305665-12-1675182651 - Holdem no limit (20/40) - 2023/01/31 16:30:51 UTC
Table: 'Expresso Nitro(628209384)#0' 3-max (real money) Seat #1 is the button
Seat 1: Ouassmille (440)
Seat 2: _SKR (460)
*** ANTE/BLINDS ***
Ouassmille posts small blind 20
_SKR posts big blind 40
Dealt to _SKR [8c 3d]
*** PRE-FLOP *** 
Ouassmille folds
_SKR collected 60 from pot
*** SUMMARY ***
Total pot 60 | No rake
Seat 2: _SKR (big blind) won 60


Winamax Poker - Tournament "Expresso Nitro" buyIn: 1.86€ + 0.14€ level: 4 - HandId: #2698138759320305665-13-1675182657 - Holdem no limit (30/60) - 2023/01/31 16:30:57 UTC
Table: 'Expresso Nitro(628209384)#0' 3-max (real money) Seat #2 is the button
Seat 1: Ouassmille (420)
Seat 2: _SKR (480)
*** ANTE/BLINDS ***
_SKR posts small blind 30
Ouassmille posts big blind 60
Dealt to _SKR [8d 5c]
*** PRE-FLOP *** 
_SKR folds
Ouassmille collected 90 from pot
*** SUMMARY ***
Total pot 90 | No rake
Seat 1: Ouassmille (big blind) won 90


Winamax Poker - Tournament "Expresso Nitro" buyIn: 1.86€ + 0.14€ level: 4 - HandId: #2698138759320305665-14-1675182660 - Holdem no limit (30/60) - 2023/01/31 16:31:00 UTC
Table: 'Expresso Nitro(628209384)#0' 3-max (real money) Seat #1 is the button
Seat 1: Ouassmille (450)
Seat 2: _SKR (450)
*** ANTE/BLINDS ***
Ouassmille posts small blind 30
_SKR posts big blind 60
Dealt to _SKR [5c 8h]
*** PRE-FLOP *** 
Ouassmille calls 30
_SKR checks
*** FLOP *** [Tc 3s 6s]
_SKR checks
Ouassmille checks
*** TURN *** [Tc 3s 6s][Ac]
_SKR checks
Ouassmille checks
*** RIVER *** [Tc 3s 6s Ac][Ad]
_SKR checks
Ouassmille bets 78
_SKR folds
Ouassmille collected 198 from pot
*** SUMMARY ***
Total pot 198 | No rake
Board: [Tc 3s 6s Ac Ad]
Seat 1: Ouassmille (small blind) (button) won 198


Winamax Poker - Tournament "Expresso Nitro" buyIn: 1.86€ + 0.14€ level: 4 - HandId: #2698138759320305665-15-1675182695 - Holdem no limit (30/60) - 2023/01/31 16:31:35 UTC
Table: 'Expresso Nitro(628209384)#0' 3-max (real money) Seat #2 is the button
Seat 1: Ouassmille (510)
Seat 2: _SKR (390)
*** ANTE/BLINDS ***
_SKR posts small blind 30
Ouassmille posts big blind 60
Dealt to _SKR [3d Jc]
*** PRE-FLOP *** 
_SKR folds
Ouassmille collected 90 from pot
*** SUMMARY ***
Total pot 90 | No rake
Seat 1: Ouassmille (big blind) won 90


Winamax Poker - Tournament "Expresso Nitro" buyIn: 1.86€ + 0.14€ level: 4 - HandId: #2698138759320305665-16-1675182698 - Holdem no limit (30/60) - 2023/01/31 16:31:38 UTC
Table: 'Expresso Nitro(628209384)#0' 3-max (real money) Seat #1 is the button
Seat 1: Ouassmille (540)
Seat 2: _SKR (360)
*** ANTE/BLINDS ***
Ouassmille posts small blind 30
_SKR posts big blind 60
Dealt to _SKR [8c 7d]
*** PRE-FLOP *** 
Ouassmille folds
_SKR collected 90 from pot
*** SUMMARY ***
Total pot 90 | No rake
Seat 2: _SKR (big blind) won 90


Winamax Poker - Tournament "Expresso Nitro" buyIn: 1.86€ + 0.14€ level: 4 - HandId: #2698138759320305665-17-1675182702 - Holdem no limit (30/60) - 2023/01/31 16:31:42 UTC
Table: 'Expresso Nitro(628209384)#0' 3-max (real money) Seat #2 is the button
Seat 1: Ouassmille (510)
Seat 2: _SKR (390)
*** ANTE/BLINDS ***
_SKR posts small blind 30
Ouassmille posts big blind 60
Dealt to _SKR [Ah Qc]
*** PRE-FLOP *** 
_SKR raises 330 to 390 and is all-in
Ouassmille raises 120 to 510 and is all-in
*** FLOP *** [5s Qh Ad]
*** TURN *** [5s Qh Ad][Th]
*** RIVER *** [5s Qh Ad Th][9d]
*** SHOW DOWN ***
Ouassmille shows [3s As] (One pair : Aces)
_SKR shows [Ah Qc] (Two pairs : Aces and Queens)
_SKR collected 780 from main pot
Ouassmille collected 120 from side pot 1
*** SUMMARY ***
Total pot 900 | No rake
Board: [5s Qh Ad Th 9d]
Seat 1: Ouassmille (big blind) showed [3s As] and won 120 with One pair : Aces
Seat 2: _SKR (small blind) (button) showed [Ah Qc] and won 780 with Two pairs : Aces and Queens


Winamax Poker - Tournament "Expresso Nitro" buyIn: 1.86€ + 0.14€ level: 5 - HandId: #2698138759320305665-18-1675182714 - Holdem no limit (40/80) - 2023/01/31 16:31:54 UTC
Table: 'Expresso Nitro(628209384)#0' 3-max (real money) Seat #1 is the button
Seat 1: Ouassmille (120)
Seat 2: _SKR (780)
*** ANTE/BLINDS ***
Ouassmille posts small blind 40
_SKR posts big blind 80
Dealt to _SKR [5h 4c]
*** PRE-FLOP *** 
Ouassmille raises 40 to 120 and is all-in
_SKR calls 40
*** FLOP *** [6h 8c Ah]
*** TURN *** [6h 8c Ah][3s]
*** RIVER *** [6h 8c Ah 3s][9c]
*** SHOW DOWN ***
_SKR shows [5h 4c] (High card : Ace)
Ouassmille shows [9s 9h] (Trips of 9)
Ouassmille collected 240 from pot
*** SUMMARY ***
Total pot 240 | No rake
Board: [6h 8c Ah 3s 9c]
Seat 1: Ouassmille (small blind) (button) showed [9s 9h] and won 240 with Trips of 9
Seat 2: _SKR (big blind) showed [5h 4c] and lost with High card : Ace


Winamax Poker - Tournament "Expresso Nitro" buyIn: 1.86€ + 0.14€ level: 5 - HandId: #2698138759320305665-19-1675182731 - Holdem no limit (40/80) - 2023/01/31 16:32:11 UTC
Table: 'Expresso Nitro(628209384)#0' 3-max (real money) Seat #2 is the button
Seat 1: Ouassmille (240)
Seat 2: _SKR (660)
*** ANTE/BLINDS ***
_SKR posts small blind 40
Ouassmille posts big blind 80
Dealt to _SKR [Kh 2c]
*** PRE-FLOP *** 
_SKR raises 580 to 660 and is all-in
Ouassmille folds
_SKR collected 740 from pot
*** SUMMARY ***
Total pot 740 | No rake
Seat 2: _SKR (small blind) (button) won 740


Winamax Poker - Tournament "Expresso Nitro" buyIn: 1.86€ + 0.14€ level: 5 - HandId: #2698138759320305665-20-1675182738 - Holdem no limit (40/80) - 2023/01/31 16:32:18 UTC
Table: 'Expresso Nitro(628209384)#0' 3-max (real money) Seat #1 is the button
Seat 1: Ouassmille (160)
Seat 2: _SKR (740)
*** ANTE/BLINDS ***
Ouassmille posts small blind 40
_SKR posts big blind 80
Dealt to _SKR [Js Kd]
*** PRE-FLOP *** 
Ouassmille raises 80 to 160 and is all-in
_SKR calls 80
*** FLOP *** [6c 8d 2h]
*** TURN *** [6c 8d 2h][7h]
*** RIVER *** [6c 8d 2h 7h][Qc]
*** SHOW DOWN ***
_SKR shows [Js Kd] (High card : King)
Ouassmille shows [7s Td] (One pair : 7)
Ouassmille collected 320 from pot
*** SUMMARY ***
Total pot 320 | No rake
Board: [6c 8d 2h 7h Qc]
Seat 1: Ouassmille (small blind) (button) showed [7s Td] and won 320 with One pair : 7
Seat 2: _SKR (big blind) showed [Js Kd] and lost with High card : King


Winamax Poker - Tournament "Expresso Nitro" buyIn: 1.86€ + 0.14€ level: 5 - HandId: #2698138759320305665-21-1675182752 - Holdem no limit (40/80) - 2023/01/31 16:32:32 UTC
Table: 'Expresso Nitro(628209384)#0' 3-max (real money) Seat #2 is the button
Seat 1: Ouassmille (320)
Seat 2: _SKR (580)
*** ANTE/BLINDS ***
_SKR posts small blind 40
Ouassmille posts big blind 80
Dealt to _SKR [4c 5d]
*** PRE-FLOP *** 
_SKR folds
Ouassmille collected 120 from pot
*** SUMMARY ***
Total pot 120 | No rake
Seat 1: Ouassmille (big blind) won 120


Winamax Poker - Tournament "Expresso Nitro" buyIn: 1.86€ + 0.14€ level: 5 - HandId: #2698138759320305665-22-1675182755 - Holdem no limit (40/80) - 2023/01/31 16:32:35 UTC
Table: 'Expresso Nitro(628209384)#0' 3-max (real money) Seat #1 is the button
Seat 1: Ouassmille (360)
Seat 2: _SKR (540)
*** ANTE/BLINDS ***
Ouassmille posts small blind 40
_SKR posts big blind 80
Dealt to _SKR [5s Jd]
*** PRE-FLOP *** 
Ouassmille folds
_SKR collected 120 from pot
*** SUMMARY ***
Total pot 120 | No rake
Seat 2: _SKR (big blind) won 120


Winamax Poker - Tournament "Expresso Nitro" buyIn: 1.86€ + 0.14€ level: 5 - HandId: #2698138759320305665-23-1675182759 - Holdem no limit (40/80) - 2023/01/31 16:32:39 UTC
Table: 'Expresso Nitro(628209384)#0' 3-max (real money) Seat #2 is the button
Seat 1: Ouassmille (320)
Seat 2: _SKR (580)
*** ANTE/BLINDS ***
_SKR posts small blind 40
Ouassmille posts big blind 80
Dealt to _SKR [Ks 7s]
*** PRE-FLOP *** 
_SKR raises 500 to 580 and is all-in
Ouassmille folds
_SKR collected 660 from pot
*** SUMMARY ***
Total pot 660 | No rake
Seat 2: _SKR (small blind) (button) won 660


Winamax Poker - Tournament "Expresso Nitro" buyIn: 1.86€ + 0.14€ level: 5 - HandId: #2698138759320305665-24-1675182764 - Holdem no limit (40/80) - 2023/01/31 16:32:44 UTC
Table: 'Expresso Nitro(628209384)#0' 3-max (real money) Seat #1 is the button
Seat 1: Ouassmille (240)
Seat 2: _SKR (660)
*** ANTE/BLINDS ***
Ouassmille posts small blind 40
_SKR posts big blind 80
Dealt to _SKR [Qs 7c]
*** PRE-FLOP *** 
Ouassmille calls 40
_SKR raises 580 to 660 and is all-in
Ouassmille folds
_SKR collected 740 from pot
*** SUMMARY ***
Total pot 740 | No rake
Seat 2: _SKR (big blind) won 740


Winamax Poker - Tournament "Expresso Nitro" buyIn: 1.86€ + 0.14€ level: 6 - HandId: #2698138759320305665-25-1675182774 - Holdem no limit (50/100) - 2023/01/31 16:32:54 UTC
Table: 'Expresso Nitro(628209384)#0' 3-max (real money) Seat #2 is the button
Seat 1: Ouassmille (160)
Seat 2: _SKR (740)
*** ANTE/BLINDS ***
_SKR posts small blind 50
Ouassmille posts big blind 100
Dealt to _SKR [Th 6c]
*** PRE-FLOP *** 
_SKR folds
Ouassmille collected 150 from pot
*** SUMMARY ***
Total pot 150 | No rake
Seat 1: Ouassmille (big blind) won 150


Winamax Poker - Tournament "Expresso Nitro" buyIn: 1.86€ + 0.14€ level: 6 - HandId: #2698138759320305665-26-1675182779 - Holdem no limit (50/100) - 2023/01/31 16:32:59 UTC
Table: 'Expresso Nitro(628209384)#0' 3-max (real money) Seat #1 is the button
Seat 1: Ouassmille (210)
Seat 2: _SKR (690)
*** ANTE/BLINDS ***
Ouassmille posts small blind 50
_SKR posts big blind 100
Dealt to _SKR [Kc 8c]
*** PRE-FLOP *** 
Ouassmille folds
_SKR collected 150 from pot
*** SUMMARY ***
Total pot 150 | No rake
Seat 2: _SKR (big blind) won 150


Winamax Poker - Tournament "Expresso Nitro" buyIn: 1.86€ + 0.14€ level: 6 - HandId: #2698138759320305665-27-1675182783 - Holdem no limit (50/100) - 2023/01/31 16:33:03 UTC
Table: 'Expresso Nitro(628209384)#0' 3-max (real money) Seat #2 is the button
Seat 1: Ouassmille (160)
Seat 2: _SKR (740)
*** ANTE/BLINDS ***
_SKR posts small blind 50
Ouassmille posts big blind 100
Dealt to _SKR [Ac Td]
*** PRE-FLOP *** 
_SKR raises 640 to 740 and is all-in
Ouassmille calls 60 and is all-in
*** FLOP *** [Qs 7d Ts]
*** TURN *** [Qs 7d Ts][4s]
*** RIVER *** [Qs 7d Ts 4s][As]
*** SHOW DOWN ***
Ouassmille shows [Js 3c] (Flush Ace high)
_SKR shows [Ac Td] (Two pairs : Aces and Tens)
_SKR collected 580 from side pot 1
Ouassmille collected 320 from main pot
*** SUMMARY ***
Total pot 900 | No rake
Board: [Qs 7d Ts 4s As]
Seat 1: Ouassmille (big blind) showed [Js 3c] and won 320 with Flush Ace high
Seat 2: _SKR (small blind) (button) showed [Ac Td] and won 580 with Two pairs : Aces and Tens


Winamax Poker - Tournament "Expresso Nitro" buyIn: 1.86€ + 0.14€ level: 6 - HandId: #2698138759320305665-28-1675182794 - Holdem no limit (50/100) - 2023/01/31 16:33:14 UTC
Table: 'Expresso Nitro(628209384)#0' 3-max (real money) Seat #1 is the button
Seat 1: Ouassmille (320)
Seat 2: _SKR (580)
*** ANTE/BLINDS ***
Ouassmille posts small blind 50
_SKR posts big blind 100
Dealt to _SKR [4c 9d]
*** PRE-FLOP *** 
Ouassmille raises 220 to 320 and is all-in
_SKR folds
Ouassmille collected 420 from pot
*** SUMMARY ***
Total pot 420 | No rake
Seat 1: Ouassmille (small blind) (button) won 420


Winamax Poker - Tournament "Expresso Nitro" buyIn: 1.86€ + 0.14€ level: 6 - HandId: #2698138759320305665-29-1675182799 - Holdem no limit (50/100) - 2023/01/31 16:33:19 UTC
Table: 'Expresso Nitro(628209384)#0' 3-max (real money) Seat #2 is the button
Seat 1: Ouassmille (420)
Seat 2: _SKR (480)
*** ANTE/BLINDS ***
_SKR posts small blind 50
Ouassmille posts big blind 100
Dealt to _SKR [8d 2s]
*** PRE-FLOP *** 
_SKR folds
Ouassmille collected 150 from pot
*** SUMMARY ***
Total pot 150 | No rake
Seat 1: Ouassmille (big blind) won 150


Winamax Poker - Tournament "Expresso Nitro" buyIn: 1.86€ + 0.14€ level: 6 - HandId: #2698138759320305665-30-1675182804 - Holdem no limit (50/100) - 2023/01/31 16:33:24 UTC
Table: 'Expresso Nitro(628209384)#0' 3-max (real money) Seat #1 is the button
Seat 1: Ouassmille (470)
Seat 2: _SKR (430)
*** ANTE/BLINDS ***
Ouassmille posts small blind 50
_SKR posts big blind 100
Dealt to _SKR [Qh 6s]
*** PRE-FLOP *** 
Ouassmille raises 370 to 470 and is all-in
_SKR calls 330 and is all-in
*** FLOP *** [6h Td Kh]
*** TURN *** [6h Td Kh][7c]
*** RIVER *** [6h Td Kh 7c][Th]
*** SHOW DOWN ***
_SKR shows [Qh 6s] (Two pairs : Tens and 6)
Ouassmille shows [Ah 5h] (Flush Ace high)
Ouassmille collected 900 from pot
*** SUMMARY ***
Total pot 900 | No rake
Board: [6h Td Kh 7c Th]
Seat 1: Ouassmille (small blind) (button) showed [Ah 5h] and won 900 with Flush Ace high
Seat 2: _SKR (big blind) showed [Qh 6s] and lost with Two pairs : Tens and 6


