Winamax Poker - Tournament "Expresso Nitro" buyIn: 0.93€ + 0.07€ level: 1 - HandId: #2718612507643084801-1-1676291607 - Holdem no limit (10/20) - 2023/02/13 12:33:27 UTC
Table: 'Expresso Nitro(632976300)#0' 3-max (real money) Seat #3 is the button
Seat 1: golderack 98 (300)
Seat 2: Skycraft75 (300)
Seat 3: _SKR (300)
*** ANTE/BLINDS ***
golderack 98 posts small blind 10
Skycraft75 posts big blind 20
Dealt to _SKR [Kc Jd]
*** PRE-FLOP *** 
_SKR raises 20 to 40
golderack 98 calls 30
Skycraft75 folds
*** FLOP *** [7h 3d Jc]
golderack 98 checks
_SKR bets 35
golderack 98 calls 35
*** TURN *** [7h 3d Jc][4c]
golderack 98 checks
_SKR bets 60
golderack 98 folds
_SKR collected 230 from pot
*** SUMMARY ***
Total pot 230 | No rake
Board: [7h 3d Jc 4c]
Seat 3: _SKR (button) won 230


Winamax Poker - Tournament "Expresso Nitro" buyIn: 0.93€ + 0.07€ level: 1 - HandId: #2718612507643084801-2-1676291628 - Holdem no limit (10/20) - 2023/02/13 12:33:48 UTC
Table: 'Expresso Nitro(632976300)#0' 3-max (real money) Seat #1 is the button
Seat 1: golderack 98 (225)
Seat 2: Skycraft75 (280)
Seat 3: _SKR (395)
*** ANTE/BLINDS ***
Skycraft75 posts small blind 10
_SKR posts big blind 20
Dealt to _SKR [8c Qc]
*** PRE-FLOP *** 
golderack 98 folds
Skycraft75 folds
_SKR collected 30 from pot
*** SUMMARY ***
Total pot 30 | No rake
Seat 3: _SKR (big blind) won 30


Winamax Poker - Tournament "Expresso Nitro" buyIn: 0.93€ + 0.07€ level: 1 - HandId: #2718612507643084801-3-1676291639 - Holdem no limit (10/20) - 2023/02/13 12:33:59 UTC
Table: 'Expresso Nitro(632976300)#0' 3-max (real money) Seat #2 is the button
Seat 1: golderack 98 (225)
Seat 2: Skycraft75 (270)
Seat 3: _SKR (405)
*** ANTE/BLINDS ***
_SKR posts small blind 10
golderack 98 posts big blind 20
Dealt to _SKR [Qs 4s]
*** PRE-FLOP *** 
Skycraft75 calls 20
_SKR folds
golderack 98 raises 205 to 225 and is all-in
Skycraft75 folds
golderack 98 collected 255 from pot
*** SUMMARY ***
Total pot 255 | No rake
Seat 1: golderack 98 (big blind) won 255


Winamax Poker - Tournament "Expresso Nitro" buyIn: 0.93€ + 0.07€ level: 1 - HandId: #2718612507643084801-4-1676291661 - Holdem no limit (10/20) - 2023/02/13 12:34:21 UTC
Table: 'Expresso Nitro(632976300)#0' 3-max (real money) Seat #3 is the button
Seat 1: golderack 98 (255)
Seat 2: Skycraft75 (250)
Seat 3: _SKR (395)
*** ANTE/BLINDS ***
golderack 98 posts small blind 10
Skycraft75 posts big blind 20
Dealt to _SKR [Kc 3s]
*** PRE-FLOP *** 
_SKR folds
golderack 98 calls 10
Skycraft75 raises 20 to 40
golderack 98 calls 20
*** FLOP *** [3h 7s Ts]
golderack 98 bets 20
Skycraft75 raises 190 to 210 and is all-in
golderack 98 calls 190
*** TURN *** [3h 7s Ts][Qs]
*** RIVER *** [3h 7s Ts Qs][5h]
*** SHOW DOWN ***
Skycraft75 shows [Js Kd] (High card : King)
golderack 98 shows [Jc Th] (One pair : Tens)
golderack 98 collected 500 from pot
*** SUMMARY ***
Total pot 500 | No rake
Board: [3h 7s Ts Qs 5h]
Seat 1: golderack 98 (small blind) showed [Jc Th] and won 500 with One pair : Tens
Seat 2: Skycraft75 (big blind) showed [Js Kd] and lost with High card : King


Winamax Poker - Tournament "Expresso Nitro" buyIn: 0.93€ + 0.07€ level: 2 - HandId: #2718612507643084801-5-1676291683 - Holdem no limit (15/30) - 2023/02/13 12:34:43 UTC
Table: 'Expresso Nitro(632976300)#0' 3-max (real money) Seat #3 is the button
Seat 1: golderack 98 (505)
Seat 3: _SKR (395)
*** ANTE/BLINDS ***
_SKR posts small blind 15
golderack 98 posts big blind 30
Dealt to _SKR [3h Ks]
*** PRE-FLOP *** 
_SKR calls 15
golderack 98 raises 30 to 60
_SKR folds
golderack 98 collected 90 from pot
*** SUMMARY ***
Total pot 90 | No rake
Seat 1: golderack 98 (big blind) won 90


Winamax Poker - Tournament "Expresso Nitro" buyIn: 0.93€ + 0.07€ level: 2 - HandId: #2718612507643084801-6-1676291693 - Holdem no limit (15/30) - 2023/02/13 12:34:53 UTC
Table: 'Expresso Nitro(632976300)#0' 3-max (real money) Seat #1 is the button
Seat 1: golderack 98 (535)
Seat 3: _SKR (365)
*** ANTE/BLINDS ***
golderack 98 posts small blind 15
_SKR posts big blind 30
Dealt to _SKR [8s Ad]
*** PRE-FLOP *** 
golderack 98 folds
_SKR collected 45 from pot
*** SUMMARY ***
Total pot 45 | No rake
Seat 3: _SKR (big blind) won 45


Winamax Poker - Tournament "Expresso Nitro" buyIn: 0.93€ + 0.07€ level: 2 - HandId: #2718612507643084801-7-1676291697 - Holdem no limit (15/30) - 2023/02/13 12:34:57 UTC
Table: 'Expresso Nitro(632976300)#0' 3-max (real money) Seat #3 is the button
Seat 1: golderack 98 (520)
Seat 3: _SKR (380)
*** ANTE/BLINDS ***
_SKR posts small blind 15
golderack 98 posts big blind 30
Dealt to _SKR [Jh Ah]
*** PRE-FLOP *** 
_SKR raises 30 to 60
golderack 98 folds
_SKR collected 90 from pot
*** SUMMARY ***
Total pot 90 | No rake
Seat 3: _SKR (small blind) (button) won 90


Winamax Poker - Tournament "Expresso Nitro" buyIn: 0.93€ + 0.07€ level: 2 - HandId: #2718612507643084801-8-1676291704 - Holdem no limit (15/30) - 2023/02/13 12:35:04 UTC
Table: 'Expresso Nitro(632976300)#0' 3-max (real money) Seat #1 is the button
Seat 1: golderack 98 (490)
Seat 3: _SKR (410)
*** ANTE/BLINDS ***
golderack 98 posts small blind 15
_SKR posts big blind 30
Dealt to _SKR [9h 7d]
*** PRE-FLOP *** 
golderack 98 raises 460 to 490 and is all-in
_SKR folds
golderack 98 collected 520 from pot
*** SUMMARY ***
Total pot 520 | No rake
Seat 1: golderack 98 (small blind) (button) won 520


Winamax Poker - Tournament "Expresso Nitro" buyIn: 0.93€ + 0.07€ level: 2 - HandId: #2718612507643084801-9-1676291709 - Holdem no limit (15/30) - 2023/02/13 12:35:09 UTC
Table: 'Expresso Nitro(632976300)#0' 3-max (real money) Seat #3 is the button
Seat 1: golderack 98 (520)
Seat 3: _SKR (380)
*** ANTE/BLINDS ***
_SKR posts small blind 15
golderack 98 posts big blind 30
Dealt to _SKR [Js As]
*** PRE-FLOP *** 
_SKR raises 30 to 60
golderack 98 calls 30
*** FLOP *** [9h Ah Kd]
golderack 98 bets 30
_SKR calls 30
*** TURN *** [9h Ah Kd][Jc]
golderack 98 bets 30
_SKR calls 30
*** RIVER *** [9h Ah Kd Jc][9c]
golderack 98 bets 30
_SKR raises 230 to 260 and is all-in
golderack 98 folds
_SKR collected 530 from pot
*** SUMMARY ***
Total pot 530 | No rake
Board: [9h Ah Kd Jc 9c]
Seat 3: _SKR (small blind) (button) won 530


Winamax Poker - Tournament "Expresso Nitro" buyIn: 0.93€ + 0.07€ level: 3 - HandId: #2718612507643084801-10-1676291740 - Holdem no limit (20/40) - 2023/02/13 12:35:40 UTC
Table: 'Expresso Nitro(632976300)#0' 3-max (real money) Seat #1 is the button
Seat 1: golderack 98 (370)
Seat 3: _SKR (530)
*** ANTE/BLINDS ***
golderack 98 posts small blind 20
_SKR posts big blind 40
Dealt to _SKR [Qh 4s]
*** PRE-FLOP *** 
golderack 98 folds
_SKR collected 60 from pot
*** SUMMARY ***
Total pot 60 | No rake
Seat 3: _SKR (big blind) won 60


Winamax Poker - Tournament "Expresso Nitro" buyIn: 0.93€ + 0.07€ level: 3 - HandId: #2718612507643084801-11-1676291743 - Holdem no limit (20/40) - 2023/02/13 12:35:43 UTC
Table: 'Expresso Nitro(632976300)#0' 3-max (real money) Seat #3 is the button
Seat 1: golderack 98 (350)
Seat 3: _SKR (550)
*** ANTE/BLINDS ***
_SKR posts small blind 20
golderack 98 posts big blind 40
Dealt to _SKR [As 6c]
*** PRE-FLOP *** 
_SKR raises 510 to 550 and is all-in
golderack 98 folds
_SKR collected 590 from pot
*** SUMMARY ***
Total pot 590 | No rake
Seat 3: _SKR (small blind) (button) won 590


Winamax Poker - Tournament "Expresso Nitro" buyIn: 0.93€ + 0.07€ level: 3 - HandId: #2718612507643084801-12-1676291749 - Holdem no limit (20/40) - 2023/02/13 12:35:49 UTC
Table: 'Expresso Nitro(632976300)#0' 3-max (real money) Seat #1 is the button
Seat 1: golderack 98 (310)
Seat 3: _SKR (590)
*** ANTE/BLINDS ***
golderack 98 posts small blind 20
_SKR posts big blind 40
Dealt to _SKR [7d 4s]
*** PRE-FLOP *** 
golderack 98 raises 270 to 310 and is all-in
_SKR folds
golderack 98 collected 350 from pot
*** SUMMARY ***
Total pot 350 | No rake
Seat 1: golderack 98 (small blind) (button) won 350


Winamax Poker - Tournament "Expresso Nitro" buyIn: 0.93€ + 0.07€ level: 3 - HandId: #2718612507643084801-13-1676291761 - Holdem no limit (20/40) - 2023/02/13 12:36:01 UTC
Table: 'Expresso Nitro(632976300)#0' 3-max (real money) Seat #3 is the button
Seat 1: golderack 98 (350)
Seat 3: _SKR (550)
*** ANTE/BLINDS ***
_SKR posts small blind 20
golderack 98 posts big blind 40
Dealt to _SKR [Kd 6s]
*** PRE-FLOP *** 
_SKR raises 510 to 550 and is all-in
golderack 98 folds
_SKR collected 590 from pot
*** SUMMARY ***
Total pot 590 | No rake
Seat 3: _SKR (small blind) (button) won 590


Winamax Poker - Tournament "Expresso Nitro" buyIn: 0.93€ + 0.07€ level: 3 - HandId: #2718612507643084801-14-1676291767 - Holdem no limit (20/40) - 2023/02/13 12:36:07 UTC
Table: 'Expresso Nitro(632976300)#0' 3-max (real money) Seat #1 is the button
Seat 1: golderack 98 (310)
Seat 3: _SKR (590)
*** ANTE/BLINDS ***
golderack 98 posts small blind 20
_SKR posts big blind 40
Dealt to _SKR [6h 8c]
*** PRE-FLOP *** 
golderack 98 raises 270 to 310 and is all-in
_SKR folds
golderack 98 collected 350 from pot
*** SUMMARY ***
Total pot 350 | No rake
Seat 1: golderack 98 (small blind) (button) won 350


Winamax Poker - Tournament "Expresso Nitro" buyIn: 0.93€ + 0.07€ level: 3 - HandId: #2718612507643084801-15-1676291772 - Holdem no limit (20/40) - 2023/02/13 12:36:12 UTC
Table: 'Expresso Nitro(632976300)#0' 3-max (real money) Seat #3 is the button
Seat 1: golderack 98 (350)
Seat 3: _SKR (550)
*** ANTE/BLINDS ***
_SKR posts small blind 20
golderack 98 posts big blind 40
Dealt to _SKR [2h As]
*** PRE-FLOP *** 
_SKR raises 510 to 550 and is all-in
golderack 98 folds
_SKR collected 590 from pot
*** SUMMARY ***
Total pot 590 | No rake
Seat 3: _SKR (small blind) (button) won 590


Winamax Poker - Tournament "Expresso Nitro" buyIn: 0.93€ + 0.07€ level: 3 - HandId: #2718612507643084801-16-1676291778 - Holdem no limit (20/40) - 2023/02/13 12:36:18 UTC
Table: 'Expresso Nitro(632976300)#0' 3-max (real money) Seat #1 is the button
Seat 1: golderack 98 (310)
Seat 3: _SKR (590)
*** ANTE/BLINDS ***
golderack 98 posts small blind 20
_SKR posts big blind 40
Dealt to _SKR [4c Td]
*** PRE-FLOP *** 
golderack 98 folds
_SKR collected 60 from pot
*** SUMMARY ***
Total pot 60 | No rake
Seat 3: _SKR (big blind) won 60


Winamax Poker - Tournament "Expresso Nitro" buyIn: 0.93€ + 0.07€ level: 3 - HandId: #2718612507643084801-17-1676291781 - Holdem no limit (20/40) - 2023/02/13 12:36:21 UTC
Table: 'Expresso Nitro(632976300)#0' 3-max (real money) Seat #3 is the button
Seat 1: golderack 98 (290)
Seat 3: _SKR (610)
*** ANTE/BLINDS ***
_SKR posts small blind 20
golderack 98 posts big blind 40
Dealt to _SKR [As 2s]
*** PRE-FLOP *** 
_SKR raises 570 to 610 and is all-in
golderack 98 calls 250 and is all-in
*** FLOP *** [7d 9s 2c]
*** TURN *** [7d 9s 2c][8d]
*** RIVER *** [7d 9s 2c 8d][9c]
*** SHOW DOWN ***
golderack 98 shows [Th Qh] (One pair : 9)
_SKR shows [As 2s] (Two pairs : 9 and 2)
_SKR collected 900 from pot
*** SUMMARY ***
Total pot 900 | No rake
Board: [7d 9s 2c 8d 9c]
Seat 1: golderack 98 (big blind) showed [Th Qh] and lost with One pair : 9
Seat 3: _SKR (small blind) (button) showed [As 2s] and won 900 with Two pairs : 9 and 2


