Winamax Poker - Tournament "Expresso Nitro" buyIn: 0.93€ + 0.07€ level: 1 - HandId: #2730604245312077825-1-1676988147 - Holdem no limit (10/20) - 2023/02/21 14:02:27 UTC
Table: 'Expresso Nitro(635768344)#0' 3-max (real money) Seat #2 is the button
Seat 1: Loukatox (300)
Seat 2: _SKR (300)
Seat 3: PinpZerz (300)
*** ANTE/BLINDS ***
PinpZerz posts small blind 10
Loukatox posts big blind 20
Dealt to _SKR [5s Tc]
*** PRE-FLOP *** 
_SKR folds
PinpZerz folds
Loukatox collected 30 from pot
*** SUMMARY ***
Total pot 30 | No rake
Seat 1: Loukatox (big blind) won 30


Winamax Poker - Tournament "Expresso Nitro" buyIn: 0.93€ + 0.07€ level: 1 - HandId: #2730604245312077825-2-1676988158 - Holdem no limit (10/20) - 2023/02/21 14:02:38 UTC
Table: 'Expresso Nitro(635768344)#0' 3-max (real money) Seat #3 is the button
Seat 1: Loukatox (310)
Seat 2: _SKR (300)
Seat 3: PinpZerz (290)
*** ANTE/BLINDS ***
Loukatox posts small blind 10
_SKR posts big blind 20
Dealt to _SKR [2c 3c]
*** PRE-FLOP *** 
PinpZerz calls 20
Loukatox folds
_SKR checks
*** FLOP *** [Ts 7d 2h]
_SKR checks
PinpZerz bets 20
_SKR calls 20
*** TURN *** [Ts 7d 2h][9c]
_SKR checks
PinpZerz bets 20
_SKR folds
PinpZerz collected 110 from pot
*** SUMMARY ***
Total pot 110 | No rake
Board: [Ts 7d 2h 9c]
Seat 3: PinpZerz (button) won 110


Winamax Poker - Tournament "Expresso Nitro" buyIn: 0.93€ + 0.07€ level: 1 - HandId: #2730604245312077825-3-1676988193 - Holdem no limit (10/20) - 2023/02/21 14:03:13 UTC
Table: 'Expresso Nitro(635768344)#0' 3-max (real money) Seat #1 is the button
Seat 1: Loukatox (300)
Seat 2: _SKR (260)
Seat 3: PinpZerz (340)
*** ANTE/BLINDS ***
_SKR posts small blind 10
PinpZerz posts big blind 20
Dealt to _SKR [5s 8h]
*** PRE-FLOP *** 
Loukatox folds
_SKR folds
PinpZerz collected 30 from pot
*** SUMMARY ***
Total pot 30 | No rake
Seat 3: PinpZerz (big blind) won 30


Winamax Poker - Tournament "Expresso Nitro" buyIn: 0.93€ + 0.07€ level: 2 - HandId: #2730604245312077825-4-1676988205 - Holdem no limit (15/30) - 2023/02/21 14:03:25 UTC
Table: 'Expresso Nitro(635768344)#0' 3-max (real money) Seat #2 is the button
Seat 1: Loukatox (300)
Seat 2: _SKR (250)
Seat 3: PinpZerz (350)
*** ANTE/BLINDS ***
PinpZerz posts small blind 15
Loukatox posts big blind 30
Dealt to _SKR [Jh 8h]
*** PRE-FLOP *** 
_SKR raises 220 to 250 and is all-in
PinpZerz calls 235
Loukatox folds
*** FLOP *** [9s 4c 2s]
*** TURN *** [9s 4c 2s][8s]
*** RIVER *** [9s 4c 2s 8s][5h]
*** SHOW DOWN ***
PinpZerz shows [Ad Th] (High card : Ace)
_SKR shows [Jh 8h] (One pair : 8)
_SKR collected 530 from pot
*** SUMMARY ***
Total pot 530 | No rake
Board: [9s 4c 2s 8s 5h]
Seat 2: _SKR (button) showed [Jh 8h] and won 530 with One pair : 8
Seat 3: PinpZerz (small blind) showed [Ad Th] and lost with High card : Ace


Winamax Poker - Tournament "Expresso Nitro" buyIn: 0.93€ + 0.07€ level: 2 - HandId: #2730604245312077825-5-1676988224 - Holdem no limit (15/30) - 2023/02/21 14:03:44 UTC
Table: 'Expresso Nitro(635768344)#0' 3-max (real money) Seat #3 is the button
Seat 1: Loukatox (270)
Seat 2: _SKR (530)
Seat 3: PinpZerz (100)
*** ANTE/BLINDS ***
Loukatox posts small blind 15
_SKR posts big blind 30
Dealt to _SKR [5s 3c]
*** PRE-FLOP *** 
PinpZerz folds
Loukatox folds
_SKR collected 45 from pot
*** SUMMARY ***
Total pot 45 | No rake
Seat 2: _SKR (big blind) won 45


Winamax Poker - Tournament "Expresso Nitro" buyIn: 0.93€ + 0.07€ level: 2 - HandId: #2730604245312077825-6-1676988229 - Holdem no limit (15/30) - 2023/02/21 14:03:49 UTC
Table: 'Expresso Nitro(635768344)#0' 3-max (real money) Seat #1 is the button
Seat 1: Loukatox (255)
Seat 2: _SKR (545)
Seat 3: PinpZerz (100)
*** ANTE/BLINDS ***
_SKR posts small blind 15
PinpZerz posts big blind 30
Dealt to _SKR [6h Qd]
*** PRE-FLOP *** 
Loukatox raises 225 to 255 and is all-in
_SKR folds
PinpZerz calls 70 and is all-in
*** FLOP *** [6c Jc 8s]
*** TURN *** [6c Jc 8s][9s]
*** RIVER *** [6c Jc 8s 9s][Js]
*** SHOW DOWN ***
Loukatox shows [Ks Qc] (One pair : Jacks)
PinpZerz shows [8h 7h] (Two pairs : Jacks and 8)
PinpZerz collected 215 from main pot
Loukatox collected 155 from side pot 1
*** SUMMARY ***
Total pot 370 | No rake
Board: [6c Jc 8s 9s Js]
Seat 1: Loukatox (button) showed [Ks Qc] and won 155 with One pair : Jacks
Seat 3: PinpZerz (big blind) showed [8h 7h] and won 215 with Two pairs : Jacks and 8


Winamax Poker - Tournament "Expresso Nitro" buyIn: 0.93€ + 0.07€ level: 2 - HandId: #2730604245312077825-7-1676988241 - Holdem no limit (15/30) - 2023/02/21 14:04:01 UTC
Table: 'Expresso Nitro(635768344)#0' 3-max (real money) Seat #2 is the button
Seat 1: Loukatox (155)
Seat 2: _SKR (530)
Seat 3: PinpZerz (215)
*** ANTE/BLINDS ***
PinpZerz posts small blind 15
Loukatox posts big blind 30
Dealt to _SKR [9s 8c]
*** PRE-FLOP *** 
_SKR folds
PinpZerz calls 15
Loukatox raises 125 to 155 and is all-in
PinpZerz folds
Loukatox collected 185 from pot
*** SUMMARY ***
Total pot 185 | No rake
Seat 1: Loukatox (big blind) won 185


Winamax Poker - Tournament "Expresso Nitro" buyIn: 0.93€ + 0.07€ level: 2 - HandId: #2730604245312077825-8-1676988251 - Holdem no limit (15/30) - 2023/02/21 14:04:11 UTC
Table: 'Expresso Nitro(635768344)#0' 3-max (real money) Seat #3 is the button
Seat 1: Loukatox (185)
Seat 2: _SKR (530)
Seat 3: PinpZerz (185)
*** ANTE/BLINDS ***
Loukatox posts small blind 15
_SKR posts big blind 30
Dealt to _SKR [3h 9d]
*** PRE-FLOP *** 
PinpZerz calls 30
Loukatox raises 155 to 185 and is all-in
_SKR folds
PinpZerz calls 155 and is all-in
*** FLOP *** [6h 7c 9c]
*** TURN *** [6h 7c 9c][2d]
*** RIVER *** [6h 7c 9c 2d][Ad]
*** SHOW DOWN ***
Loukatox shows [4h Kh] (High card : Ace)
PinpZerz shows [Qs 6s] (One pair : 6)
PinpZerz collected 400 from pot
*** SUMMARY ***
Total pot 400 | No rake
Board: [6h 7c 9c 2d Ad]
Seat 1: Loukatox (small blind) showed [4h Kh] and lost with High card : Ace
Seat 3: PinpZerz (button) showed [Qs 6s] and won 400 with One pair : 6


Winamax Poker - Tournament "Expresso Nitro" buyIn: 0.93€ + 0.07€ level: 3 - HandId: #2730604245312077825-9-1676988272 - Holdem no limit (20/40) - 2023/02/21 14:04:32 UTC
Table: 'Expresso Nitro(635768344)#0' 3-max (real money) Seat #2 is the button
Seat 2: _SKR (500)
Seat 3: PinpZerz (400)
*** ANTE/BLINDS ***
_SKR posts small blind 20
PinpZerz posts big blind 40
Dealt to _SKR [7h Jc]
*** PRE-FLOP *** 
_SKR folds
PinpZerz collected 60 from pot
*** SUMMARY ***
Total pot 60 | No rake
Seat 3: PinpZerz (big blind) won 60


Winamax Poker - Tournament "Expresso Nitro" buyIn: 0.93€ + 0.07€ level: 3 - HandId: #2730604245312077825-10-1676988275 - Holdem no limit (20/40) - 2023/02/21 14:04:35 UTC
Table: 'Expresso Nitro(635768344)#0' 3-max (real money) Seat #3 is the button
Seat 2: _SKR (480)
Seat 3: PinpZerz (420)
*** ANTE/BLINDS ***
PinpZerz posts small blind 20
_SKR posts big blind 40
Dealt to _SKR [6c 7s]
*** PRE-FLOP *** 
PinpZerz calls 20
_SKR checks
*** FLOP *** [4s 2s 9c]
_SKR checks
PinpZerz checks
*** TURN *** [4s 2s 9c][4h]
_SKR checks
PinpZerz checks
*** RIVER *** [4s 2s 9c 4h][Tc]
_SKR checks
PinpZerz checks
*** SHOW DOWN ***
_SKR shows [6c 7s] (One pair : 4)
PinpZerz shows [Kh Js] (One pair : 4)
PinpZerz collected 80 from pot
*** SUMMARY ***
Total pot 80 | No rake
Board: [4s 2s 9c 4h Tc]
Seat 2: _SKR (big blind) showed [6c 7s] and lost with One pair : 4
Seat 3: PinpZerz (small blind) (button) showed [Kh Js] and won 80 with One pair : 4


Winamax Poker - Tournament "Expresso Nitro" buyIn: 0.93€ + 0.07€ level: 3 - HandId: #2730604245312077825-11-1676988297 - Holdem no limit (20/40) - 2023/02/21 14:04:57 UTC
Table: 'Expresso Nitro(635768344)#0' 3-max (real money) Seat #2 is the button
Seat 2: _SKR (440)
Seat 3: PinpZerz (460)
*** ANTE/BLINDS ***
_SKR posts small blind 20
PinpZerz posts big blind 40
Dealt to _SKR [3d 8d]
*** PRE-FLOP *** 
_SKR folds
PinpZerz collected 60 from pot
*** SUMMARY ***
Total pot 60 | No rake
Seat 3: PinpZerz (big blind) won 60


Winamax Poker - Tournament "Expresso Nitro" buyIn: 0.93€ + 0.07€ level: 3 - HandId: #2730604245312077825-12-1676988304 - Holdem no limit (20/40) - 2023/02/21 14:05:04 UTC
Table: 'Expresso Nitro(635768344)#0' 3-max (real money) Seat #3 is the button
Seat 2: _SKR (420)
Seat 3: PinpZerz (480)
*** ANTE/BLINDS ***
PinpZerz posts small blind 20
_SKR posts big blind 40
Dealt to _SKR [Ts 9c]
*** PRE-FLOP *** 
PinpZerz folds
_SKR collected 60 from pot
*** SUMMARY ***
Total pot 60 | No rake
Seat 2: _SKR (big blind) won 60


Winamax Poker - Tournament "Expresso Nitro" buyIn: 0.93€ + 0.07€ level: 3 - HandId: #2730604245312077825-13-1676988309 - Holdem no limit (20/40) - 2023/02/21 14:05:09 UTC
Table: 'Expresso Nitro(635768344)#0' 3-max (real money) Seat #2 is the button
Seat 2: _SKR (440)
Seat 3: PinpZerz (460)
*** ANTE/BLINDS ***
_SKR posts small blind 20
PinpZerz posts big blind 40
Dealt to _SKR [6s Td]
*** PRE-FLOP *** 
_SKR folds
PinpZerz collected 60 from pot
*** SUMMARY ***
Total pot 60 | No rake
Seat 3: PinpZerz (big blind) won 60


Winamax Poker - Tournament "Expresso Nitro" buyIn: 0.93€ + 0.07€ level: 3 - HandId: #2730604245312077825-14-1676988313 - Holdem no limit (20/40) - 2023/02/21 14:05:13 UTC
Table: 'Expresso Nitro(635768344)#0' 3-max (real money) Seat #3 is the button
Seat 2: _SKR (420)
Seat 3: PinpZerz (480)
*** ANTE/BLINDS ***
PinpZerz posts small blind 20
_SKR posts big blind 40
Dealt to _SKR [9d Jh]
*** PRE-FLOP *** 
PinpZerz folds
_SKR collected 60 from pot
*** SUMMARY ***
Total pot 60 | No rake
Seat 2: _SKR (big blind) won 60


Winamax Poker - Tournament "Expresso Nitro" buyIn: 0.93€ + 0.07€ level: 3 - HandId: #2730604245312077825-15-1676988316 - Holdem no limit (20/40) - 2023/02/21 14:05:16 UTC
Table: 'Expresso Nitro(635768344)#0' 3-max (real money) Seat #2 is the button
Seat 2: _SKR (440)
Seat 3: PinpZerz (460)
*** ANTE/BLINDS ***
_SKR posts small blind 20
PinpZerz posts big blind 40
Dealt to _SKR [Kc 3h]
*** PRE-FLOP *** 
_SKR calls 20
PinpZerz checks
*** FLOP *** [Th 6h Td]
PinpZerz checks
_SKR checks
*** TURN *** [Th 6h Td][9d]
PinpZerz checks
_SKR checks
*** RIVER *** [Th 6h Td 9d][6s]
PinpZerz checks
_SKR checks
*** SHOW DOWN ***
_SKR shows [Kc 3h] (Two pairs : Tens and 6)
PinpZerz shows [2c As] (Two pairs : Tens and 6)
PinpZerz collected 80 from pot
*** SUMMARY ***
Total pot 80 | No rake
Board: [Th 6h Td 9d 6s]
Seat 2: _SKR (small blind) (button) showed [Kc 3h] and lost with Two pairs : Tens and 6
Seat 3: PinpZerz (big blind) showed [2c As] and won 80 with Two pairs : Tens and 6


Winamax Poker - Tournament "Expresso Nitro" buyIn: 0.93€ + 0.07€ level: 4 - HandId: #2730604245312077825-16-1676988348 - Holdem no limit (30/60) - 2023/02/21 14:05:48 UTC
Table: 'Expresso Nitro(635768344)#0' 3-max (real money) Seat #3 is the button
Seat 2: _SKR (400)
Seat 3: PinpZerz (500)
*** ANTE/BLINDS ***
PinpZerz posts small blind 30
_SKR posts big blind 60
Dealt to _SKR [Qd 6s]
*** PRE-FLOP *** 
PinpZerz calls 30
_SKR raises 340 to 400 and is all-in
PinpZerz folds
_SKR collected 460 from pot
*** SUMMARY ***
Total pot 460 | No rake
Seat 2: _SKR (big blind) won 460


Winamax Poker - Tournament "Expresso Nitro" buyIn: 0.93€ + 0.07€ level: 4 - HandId: #2730604245312077825-17-1676988358 - Holdem no limit (30/60) - 2023/02/21 14:05:58 UTC
Table: 'Expresso Nitro(635768344)#0' 3-max (real money) Seat #2 is the button
Seat 2: _SKR (460)
Seat 3: PinpZerz (440)
*** ANTE/BLINDS ***
_SKR posts small blind 30
PinpZerz posts big blind 60
Dealt to _SKR [7s 4d]
*** PRE-FLOP *** 
_SKR folds
PinpZerz collected 90 from pot
*** SUMMARY ***
Total pot 90 | No rake
Seat 3: PinpZerz (big blind) won 90


Winamax Poker - Tournament "Expresso Nitro" buyIn: 0.93€ + 0.07€ level: 4 - HandId: #2730604245312077825-18-1676988361 - Holdem no limit (30/60) - 2023/02/21 14:06:01 UTC
Table: 'Expresso Nitro(635768344)#0' 3-max (real money) Seat #3 is the button
Seat 2: _SKR (430)
Seat 3: PinpZerz (470)
*** ANTE/BLINDS ***
PinpZerz posts small blind 30
_SKR posts big blind 60
Dealt to _SKR [Qc As]
*** PRE-FLOP *** 
PinpZerz folds
_SKR collected 90 from pot
*** SUMMARY ***
Total pot 90 | No rake
Seat 2: _SKR (big blind) won 90


Winamax Poker - Tournament "Expresso Nitro" buyIn: 0.93€ + 0.07€ level: 4 - HandId: #2730604245312077825-19-1676988365 - Holdem no limit (30/60) - 2023/02/21 14:06:05 UTC
Table: 'Expresso Nitro(635768344)#0' 3-max (real money) Seat #2 is the button
Seat 2: _SKR (460)
Seat 3: PinpZerz (440)
*** ANTE/BLINDS ***
_SKR posts small blind 30
PinpZerz posts big blind 60
Dealt to _SKR [Qd 3c]
*** PRE-FLOP *** 
_SKR calls 30
PinpZerz checks
*** FLOP *** [9d 4d 8s]
PinpZerz bets 60
_SKR folds
PinpZerz collected 180 from pot
*** SUMMARY ***
Total pot 180 | No rake
Board: [9d 4d 8s]
Seat 3: PinpZerz (big blind) won 180


Winamax Poker - Tournament "Expresso Nitro" buyIn: 0.93€ + 0.07€ level: 4 - HandId: #2730604245312077825-20-1676988375 - Holdem no limit (30/60) - 2023/02/21 14:06:15 UTC
Table: 'Expresso Nitro(635768344)#0' 3-max (real money) Seat #3 is the button
Seat 2: _SKR (400)
Seat 3: PinpZerz (500)
*** ANTE/BLINDS ***
PinpZerz posts small blind 30
_SKR posts big blind 60
Dealt to _SKR [Ks 4h]
*** PRE-FLOP *** 
PinpZerz calls 30
_SKR raises 340 to 400 and is all-in
PinpZerz calls 340
*** FLOP *** [4d 7c Jc]
*** TURN *** [4d 7c Jc][8h]
*** RIVER *** [4d 7c Jc 8h][Qd]
*** SHOW DOWN ***
PinpZerz shows [Kh Tc] (High card : King)
_SKR shows [Ks 4h] (One pair : 4)
_SKR collected 800 from pot
*** SUMMARY ***
Total pot 800 | No rake
Board: [4d 7c Jc 8h Qd]
Seat 2: _SKR (big blind) showed [Ks 4h] and won 800 with One pair : 4
Seat 3: PinpZerz (small blind) (button) showed [Kh Tc] and lost with High card : King


Winamax Poker - Tournament "Expresso Nitro" buyIn: 0.93€ + 0.07€ level: 5 - HandId: #2730604245312077825-21-1676988397 - Holdem no limit (40/80) - 2023/02/21 14:06:37 UTC
Table: 'Expresso Nitro(635768344)#0' 3-max (real money) Seat #2 is the button
Seat 2: _SKR (800)
Seat 3: PinpZerz (100)
*** ANTE/BLINDS ***
_SKR posts small blind 40
PinpZerz posts big blind 80
Dealt to _SKR [5s 3d]
*** PRE-FLOP *** 
_SKR folds
PinpZerz collected 120 from pot
*** SUMMARY ***
Total pot 120 | No rake
Seat 3: PinpZerz (big blind) won 120


Winamax Poker - Tournament "Expresso Nitro" buyIn: 0.93€ + 0.07€ level: 5 - HandId: #2730604245312077825-22-1676988403 - Holdem no limit (40/80) - 2023/02/21 14:06:43 UTC
Table: 'Expresso Nitro(635768344)#0' 3-max (real money) Seat #3 is the button
Seat 2: _SKR (760)
Seat 3: PinpZerz (140)
*** ANTE/BLINDS ***
PinpZerz posts small blind 40
_SKR posts big blind 80
Dealt to _SKR [Ks As]
*** PRE-FLOP *** 
PinpZerz raises 60 to 140 and is all-in
_SKR calls 60
*** FLOP *** [4s 5c 9s]
*** TURN *** [4s 5c 9s][5d]
*** RIVER *** [4s 5c 9s 5d][2c]
*** SHOW DOWN ***
PinpZerz shows [Ah Th] (One pair : 5)
_SKR shows [Ks As] (One pair : 5)
_SKR collected 280 from pot
*** SUMMARY ***
Total pot 280 | No rake
Board: [4s 5c 9s 5d 2c]
Seat 2: _SKR (big blind) showed [Ks As] and won 280 with One pair : 5
Seat 3: PinpZerz (small blind) (button) showed [Ah Th] and lost with One pair : 5


