Winamax Poker - Tournament "Expresso Nitro" buyIn: 0.93€ + 0.07€ level: 1 - HandId: #2717957237367635969-1-1676241153 - Holdem no limit (10/20) - 2023/02/12 22:32:33 UTC
Table: 'Expresso Nitro(632823733)#0' 3-max (real money) Seat #2 is the button
Seat 1: _SKR (300)
Seat 2: Mika-89 (300)
Seat 3: _ResteZen_ (300)
*** ANTE/BLINDS ***
_ResteZen_ posts small blind 10
_SKR posts big blind 20
Dealt to _SKR [4d 3s]
*** PRE-FLOP *** 
Mika-89 folds
_ResteZen_ raises 20 to 40
_SKR folds
_ResteZen_ collected 60 from pot
*** SUMMARY ***
Total pot 60 | No rake
Seat 3: _ResteZen_ (small blind) won 60


Winamax Poker - Tournament "Expresso Nitro" buyIn: 0.93€ + 0.07€ level: 1 - HandId: #2717957237367635969-2-1676241162 - Holdem no limit (10/20) - 2023/02/12 22:32:42 UTC
Table: 'Expresso Nitro(632823733)#0' 3-max (real money) Seat #3 is the button
Seat 1: _SKR (280)
Seat 2: Mika-89 (300)
Seat 3: _ResteZen_ (320)
*** ANTE/BLINDS ***
_SKR posts small blind 10
Mika-89 posts big blind 20
Dealt to _SKR [8s 4s]
*** PRE-FLOP *** 
_ResteZen_ folds
_SKR calls 10
Mika-89 checks
*** FLOP *** [6d 3c 5d]
_SKR checks
Mika-89 checks
*** TURN *** [6d 3c 5d][9c]
_SKR checks
Mika-89 bets 40
_SKR folds
Mika-89 collected 80 from pot
*** SUMMARY ***
Total pot 80 | No rake
Board: [6d 3c 5d 9c]
Seat 2: Mika-89 (big blind) won 80


Winamax Poker - Tournament "Expresso Nitro" buyIn: 0.93€ + 0.07€ level: 1 - HandId: #2717957237367635969-3-1676241180 - Holdem no limit (10/20) - 2023/02/12 22:33:00 UTC
Table: 'Expresso Nitro(632823733)#0' 3-max (real money) Seat #1 is the button
Seat 1: _SKR (260)
Seat 2: Mika-89 (320)
Seat 3: _ResteZen_ (320)
*** ANTE/BLINDS ***
Mika-89 posts small blind 10
_ResteZen_ posts big blind 20
Dealt to _SKR [4d Kd]
*** PRE-FLOP *** 
_SKR folds
Mika-89 folds
_ResteZen_ collected 30 from pot
*** SUMMARY ***
Total pot 30 | No rake
Seat 3: _ResteZen_ (big blind) won 30


Winamax Poker - Tournament "Expresso Nitro" buyIn: 0.93€ + 0.07€ level: 1 - HandId: #2717957237367635969-4-1676241188 - Holdem no limit (10/20) - 2023/02/12 22:33:08 UTC
Table: 'Expresso Nitro(632823733)#0' 3-max (real money) Seat #2 is the button
Seat 1: _SKR (260)
Seat 2: Mika-89 (310)
Seat 3: _ResteZen_ (330)
*** ANTE/BLINDS ***
_ResteZen_ posts small blind 10
_SKR posts big blind 20
Dealt to _SKR [6h Qd]
*** PRE-FLOP *** 
Mika-89 calls 20
_ResteZen_ raises 310 to 330 and is all-in
_SKR folds
Mika-89 folds
_ResteZen_ collected 370 from pot
*** SUMMARY ***
Total pot 370 | No rake
Seat 3: _ResteZen_ (small blind) won 370


Winamax Poker - Tournament "Expresso Nitro" buyIn: 0.93€ + 0.07€ level: 1 - HandId: #2717957237367635969-5-1676241201 - Holdem no limit (10/20) - 2023/02/12 22:33:21 UTC
Table: 'Expresso Nitro(632823733)#0' 3-max (real money) Seat #3 is the button
Seat 1: _SKR (240)
Seat 2: Mika-89 (290)
Seat 3: _ResteZen_ (370)
*** ANTE/BLINDS ***
_SKR posts small blind 10
Mika-89 posts big blind 20
Dealt to _SKR [6c 5h]
*** PRE-FLOP *** 
_ResteZen_ folds
_SKR folds
Mika-89 collected 30 from pot
*** SUMMARY ***
Total pot 30 | No rake
Seat 2: Mika-89 (big blind) won 30


Winamax Poker - Tournament "Expresso Nitro" buyIn: 0.93€ + 0.07€ level: 2 - HandId: #2717957237367635969-6-1676241213 - Holdem no limit (15/30) - 2023/02/12 22:33:33 UTC
Table: 'Expresso Nitro(632823733)#0' 3-max (real money) Seat #1 is the button
Seat 1: _SKR (230)
Seat 2: Mika-89 (300)
Seat 3: _ResteZen_ (370)
*** ANTE/BLINDS ***
Mika-89 posts small blind 15
_ResteZen_ posts big blind 30
Dealt to _SKR [7h 4c]
*** PRE-FLOP *** 
_SKR folds
Mika-89 calls 15
_ResteZen_ raises 340 to 370 and is all-in
Mika-89 folds
_ResteZen_ collected 400 from pot
*** SUMMARY ***
Total pot 400 | No rake
Seat 3: _ResteZen_ (big blind) won 400


Winamax Poker - Tournament "Expresso Nitro" buyIn: 0.93€ + 0.07€ level: 2 - HandId: #2717957237367635969-7-1676241224 - Holdem no limit (15/30) - 2023/02/12 22:33:44 UTC
Table: 'Expresso Nitro(632823733)#0' 3-max (real money) Seat #2 is the button
Seat 1: _SKR (230)
Seat 2: Mika-89 (270)
Seat 3: _ResteZen_ (400)
*** ANTE/BLINDS ***
_ResteZen_ posts small blind 15
_SKR posts big blind 30
Dealt to _SKR [4s Th]
*** PRE-FLOP *** 
Mika-89 folds
_ResteZen_ folds
_SKR collected 45 from pot
*** SUMMARY ***
Total pot 45 | No rake
Seat 1: _SKR (big blind) won 45


Winamax Poker - Tournament "Expresso Nitro" buyIn: 0.93€ + 0.07€ level: 2 - HandId: #2717957237367635969-8-1676241228 - Holdem no limit (15/30) - 2023/02/12 22:33:48 UTC
Table: 'Expresso Nitro(632823733)#0' 3-max (real money) Seat #3 is the button
Seat 1: _SKR (245)
Seat 2: Mika-89 (270)
Seat 3: _ResteZen_ (385)
*** ANTE/BLINDS ***
_SKR posts small blind 15
Mika-89 posts big blind 30
Dealt to _SKR [7h Kh]
*** PRE-FLOP *** 
_ResteZen_ folds
_SKR raises 215 to 245 and is all-in
Mika-89 folds
_SKR collected 275 from pot
*** SUMMARY ***
Total pot 275 | No rake
Seat 1: _SKR (small blind) won 275


Winamax Poker - Tournament "Expresso Nitro" buyIn: 0.93€ + 0.07€ level: 2 - HandId: #2717957237367635969-9-1676241240 - Holdem no limit (15/30) - 2023/02/12 22:34:00 UTC
Table: 'Expresso Nitro(632823733)#0' 3-max (real money) Seat #1 is the button
Seat 1: _SKR (275)
Seat 2: Mika-89 (240)
Seat 3: _ResteZen_ (385)
*** ANTE/BLINDS ***
Mika-89 posts small blind 15
_ResteZen_ posts big blind 30
Dealt to _SKR [7d 4d]
*** PRE-FLOP *** 
_SKR folds
Mika-89 calls 15
_ResteZen_ checks
*** FLOP *** [6c 2d 8d]
Mika-89 checks
_ResteZen_ checks
*** TURN *** [6c 2d 8d][Kh]
Mika-89 checks
_ResteZen_ checks
*** RIVER *** [6c 2d 8d Kh][4h]
Mika-89 bets 30
_ResteZen_ calls 30
*** SHOW DOWN ***
Mika-89 shows [9s 2s] (One pair : 2)
_ResteZen_ shows [7s 6h] (One pair : 6)
_ResteZen_ collected 120 from pot
*** SUMMARY ***
Total pot 120 | No rake
Board: [6c 2d 8d Kh 4h]
Seat 2: Mika-89 (small blind) showed [9s 2s] and lost with One pair : 2
Seat 3: _ResteZen_ (big blind) showed [7s 6h] and won 120 with One pair : 6


Winamax Poker - Tournament "Expresso Nitro" buyIn: 0.93€ + 0.07€ level: 2 - HandId: #2717957237367635969-10-1676241260 - Holdem no limit (15/30) - 2023/02/12 22:34:20 UTC
Table: 'Expresso Nitro(632823733)#0' 3-max (real money) Seat #2 is the button
Seat 1: _SKR (275)
Seat 2: Mika-89 (180)
Seat 3: _ResteZen_ (445)
*** ANTE/BLINDS ***
_ResteZen_ posts small blind 15
_SKR posts big blind 30
Dealt to _SKR [Qd Td]
*** PRE-FLOP *** 
Mika-89 folds
_ResteZen_ folds
_SKR collected 45 from pot
*** SUMMARY ***
Total pot 45 | No rake
Seat 1: _SKR (big blind) won 45


Winamax Poker - Tournament "Expresso Nitro" buyIn: 0.93€ + 0.07€ level: 2 - HandId: #2717957237367635969-11-1676241265 - Holdem no limit (15/30) - 2023/02/12 22:34:25 UTC
Table: 'Expresso Nitro(632823733)#0' 3-max (real money) Seat #3 is the button
Seat 1: _SKR (290)
Seat 2: Mika-89 (180)
Seat 3: _ResteZen_ (430)
*** ANTE/BLINDS ***
_SKR posts small blind 15
Mika-89 posts big blind 30
Dealt to _SKR [9s 6s]
*** PRE-FLOP *** 
_ResteZen_ calls 30
_SKR folds
Mika-89 checks
*** FLOP *** [Kc 3s 5h]
Mika-89 checks
_ResteZen_ checks
*** TURN *** [Kc 3s 5h][Qh]
Mika-89 checks
_ResteZen_ checks
*** RIVER *** [Kc 3s 5h Qh][7c]
Mika-89 checks
_ResteZen_ bets 30
Mika-89 calls 30
*** SHOW DOWN ***
Mika-89 shows [4c 5d] (One pair : 5)
_ResteZen_ shows [6h Kd] (One pair : Kings)
_ResteZen_ collected 135 from pot
*** SUMMARY ***
Total pot 135 | No rake
Board: [Kc 3s 5h Qh 7c]
Seat 2: Mika-89 (big blind) showed [4c 5d] and lost with One pair : 5
Seat 3: _ResteZen_ (button) showed [6h Kd] and won 135 with One pair : Kings


Winamax Poker - Tournament "Expresso Nitro" buyIn: 0.93€ + 0.07€ level: 3 - HandId: #2717957237367635969-12-1676241292 - Holdem no limit (20/40) - 2023/02/12 22:34:52 UTC
Table: 'Expresso Nitro(632823733)#0' 3-max (real money) Seat #1 is the button
Seat 1: _SKR (275)
Seat 2: Mika-89 (120)
Seat 3: _ResteZen_ (505)
*** ANTE/BLINDS ***
Mika-89 posts small blind 20
_ResteZen_ posts big blind 40
Dealt to _SKR [Jd 5c]
*** PRE-FLOP *** 
_SKR folds
Mika-89 raises 80 to 120 and is all-in
_ResteZen_ raises 80 to 200
*** FLOP *** [Qd 8s Qc]
*** TURN *** [Qd 8s Qc][7h]
*** RIVER *** [Qd 8s Qc 7h][6h]
*** SHOW DOWN ***
Mika-89 shows [7d 6c] (Two pairs : Queens and 7)
_ResteZen_ shows [Ah Jh] (One pair : Queens)
_ResteZen_ collected 80 from side pot 1
Mika-89 collected 240 from main pot
*** SUMMARY ***
Total pot 320 | No rake
Board: [Qd 8s Qc 7h 6h]
Seat 2: Mika-89 (small blind) showed [7d 6c] and won 240 with Two pairs : Queens and 7
Seat 3: _ResteZen_ (big blind) showed [Ah Jh] and won 80 with One pair : Queens


Winamax Poker - Tournament "Expresso Nitro" buyIn: 0.93€ + 0.07€ level: 3 - HandId: #2717957237367635969-13-1676241308 - Holdem no limit (20/40) - 2023/02/12 22:35:08 UTC
Table: 'Expresso Nitro(632823733)#0' 3-max (real money) Seat #2 is the button
Seat 1: _SKR (275)
Seat 2: Mika-89 (240)
Seat 3: _ResteZen_ (385)
*** ANTE/BLINDS ***
_ResteZen_ posts small blind 20
_SKR posts big blind 40
Dealt to _SKR [4s Ts]
*** PRE-FLOP *** 
Mika-89 calls 40
_ResteZen_ raises 345 to 385 and is all-in
_SKR folds
Mika-89 calls 200 and is all-in
*** FLOP *** [Jh 3h 4d]
*** TURN *** [Jh 3h 4d][9c]
*** RIVER *** [Jh 3h 4d 9c][4h]
*** SHOW DOWN ***
Mika-89 shows [2d Ks] (One pair : 4)
_ResteZen_ shows [Jc Qs] (Two pairs : Jacks and 4)
_ResteZen_ collected 665 from pot
*** SUMMARY ***
Total pot 665 | No rake
Board: [Jh 3h 4d 9c 4h]
Seat 2: Mika-89 (button) showed [2d Ks] and lost with One pair : 4
Seat 3: _ResteZen_ (small blind) showed [Jc Qs] and won 665 with Two pairs : Jacks and 4


Winamax Poker - Tournament "Expresso Nitro" buyIn: 0.93€ + 0.07€ level: 3 - HandId: #2717957237367635969-14-1676241326 - Holdem no limit (20/40) - 2023/02/12 22:35:26 UTC
Table: 'Expresso Nitro(632823733)#0' 3-max (real money) Seat #1 is the button
Seat 1: _SKR (235)
Seat 3: _ResteZen_ (665)
*** ANTE/BLINDS ***
_SKR posts small blind 20
_ResteZen_ posts big blind 40
Dealt to _SKR [5d 2h]
*** PRE-FLOP *** 
_SKR folds
_ResteZen_ collected 60 from pot
*** SUMMARY ***
Total pot 60 | No rake
Seat 3: _ResteZen_ (big blind) won 60


Winamax Poker - Tournament "Expresso Nitro" buyIn: 0.93€ + 0.07€ level: 4 - HandId: #2717957237367635969-15-1676241334 - Holdem no limit (30/60) - 2023/02/12 22:35:34 UTC
Table: 'Expresso Nitro(632823733)#0' 3-max (real money) Seat #3 is the button
Seat 1: _SKR (215)
Seat 3: _ResteZen_ (685)
*** ANTE/BLINDS ***
_ResteZen_ posts small blind 30
_SKR posts big blind 60
Dealt to _SKR [Kd 2d]
*** PRE-FLOP *** 
_ResteZen_ raises 625 to 685 and is all-in
_SKR calls 155 and is all-in
*** FLOP *** [9c 5h 7c]
*** TURN *** [9c 5h 7c][6h]
*** RIVER *** [9c 5h 7c 6h][4c]
*** SHOW DOWN ***
_SKR shows [Kd 2d] (High card : King)
_ResteZen_ shows [8h 6c] (Straight 9 high)
_ResteZen_ collected 900 from pot
*** SUMMARY ***
Total pot 900 | No rake
Board: [9c 5h 7c 6h 4c]
Seat 1: _SKR (big blind) showed [Kd 2d] and lost with High card : King
Seat 3: _ResteZen_ (small blind) (button) showed [8h 6c] and won 900 with Straight 9 high


