Winamax Poker - Tournament "Expresso Nitro" buyIn: 0.93€ + 0.07€ level: 1 - HandId: #2692553575258652673-1-1674830348 - Holdem no limit (10/20) - 2023/01/27 14:39:08 UTC
Table: 'Expresso Nitro(626908982)#0' 3-max (real money) Seat #3 is the button
Seat 1: _SKR (300)
Seat 2: quentin paci (300)
Seat 3: quentin2222 (300)
*** ANTE/BLINDS ***
_SKR posts small blind 10
quentin paci posts big blind 20
Dealt to _SKR [9c Ks]
*** PRE-FLOP *** 
quentin2222 raises 30 to 50
_SKR folds
quentin paci folds
quentin2222 collected 80 from pot
*** SUMMARY ***
Total pot 80 | No rake
Seat 3: quentin2222 (button) won 80


Winamax Poker - Tournament "Expresso Nitro" buyIn: 0.93€ + 0.07€ level: 1 - HandId: #2692553575258652673-2-1674830353 - Holdem no limit (10/20) - 2023/01/27 14:39:13 UTC
Table: 'Expresso Nitro(626908982)#0' 3-max (real money) Seat #1 is the button
Seat 1: _SKR (290)
Seat 2: quentin paci (280)
Seat 3: quentin2222 (330)
*** ANTE/BLINDS ***
quentin paci posts small blind 10
quentin2222 posts big blind 20
Dealt to _SKR [Ts 4s]
*** PRE-FLOP *** 
_SKR folds
quentin paci raises 260 to 280 and is all-in
quentin2222 folds
quentin paci collected 300 from pot
*** SUMMARY ***
Total pot 300 | No rake
Seat 2: quentin paci (small blind) won 300


Winamax Poker - Tournament "Expresso Nitro" buyIn: 0.93€ + 0.07€ level: 1 - HandId: #2692553575258652673-3-1674830360 - Holdem no limit (10/20) - 2023/01/27 14:39:20 UTC
Table: 'Expresso Nitro(626908982)#0' 3-max (real money) Seat #2 is the button
Seat 1: _SKR (290)
Seat 2: quentin paci (300)
Seat 3: quentin2222 (310)
*** ANTE/BLINDS ***
quentin2222 posts small blind 10
_SKR posts big blind 20
Dealt to _SKR [4d Qd]
*** PRE-FLOP *** 
quentin paci calls 20
quentin2222 calls 10
_SKR checks
*** FLOP *** [8d 5c 9c]
quentin2222 checks
_SKR checks
quentin paci bets 20
quentin2222 calls 20
_SKR folds
*** TURN *** [8d 5c 9c][2s]
quentin2222 checks
quentin paci checks
*** RIVER *** [8d 5c 9c 2s][4h]
quentin2222 checks
quentin paci bets 20
quentin2222 folds
quentin paci collected 120 from pot
*** SUMMARY ***
Total pot 120 | No rake
Board: [8d 5c 9c 2s 4h]
Seat 2: quentin paci (button) won 120


Winamax Poker - Tournament "Expresso Nitro" buyIn: 0.93€ + 0.07€ level: 1 - HandId: #2692553575258652673-4-1674830384 - Holdem no limit (10/20) - 2023/01/27 14:39:44 UTC
Table: 'Expresso Nitro(626908982)#0' 3-max (real money) Seat #3 is the button
Seat 1: _SKR (270)
Seat 2: quentin paci (360)
Seat 3: quentin2222 (270)
*** ANTE/BLINDS ***
_SKR posts small blind 10
quentin paci posts big blind 20
Dealt to _SKR [5h Ks]
*** PRE-FLOP *** 
quentin2222 folds
_SKR folds
quentin paci collected 30 from pot
*** SUMMARY ***
Total pot 30 | No rake
Seat 2: quentin paci (big blind) won 30


Winamax Poker - Tournament "Expresso Nitro" buyIn: 0.93€ + 0.07€ level: 1 - HandId: #2692553575258652673-5-1674830389 - Holdem no limit (10/20) - 2023/01/27 14:39:49 UTC
Table: 'Expresso Nitro(626908982)#0' 3-max (real money) Seat #1 is the button
Seat 1: _SKR (260)
Seat 2: quentin paci (370)
Seat 3: quentin2222 (270)
*** ANTE/BLINDS ***
quentin paci posts small blind 10
quentin2222 posts big blind 20
Dealt to _SKR [Td 2c]
*** PRE-FLOP *** 
_SKR folds
quentin paci raises 350 to 370 and is all-in
quentin2222 folds
quentin paci collected 390 from pot
*** SUMMARY ***
Total pot 390 | No rake
Seat 2: quentin paci (small blind) won 390


Winamax Poker - Tournament "Expresso Nitro" buyIn: 0.93€ + 0.07€ level: 1 - HandId: #2692553575258652673-6-1674830396 - Holdem no limit (10/20) - 2023/01/27 14:39:56 UTC
Table: 'Expresso Nitro(626908982)#0' 3-max (real money) Seat #2 is the button
Seat 1: _SKR (260)
Seat 2: quentin paci (390)
Seat 3: quentin2222 (250)
*** ANTE/BLINDS ***
quentin2222 posts small blind 10
_SKR posts big blind 20
Dealt to _SKR [Ac 8s]
*** PRE-FLOP *** 
quentin paci folds
quentin2222 folds
_SKR collected 30 from pot
*** SUMMARY ***
Total pot 30 | No rake
Seat 1: _SKR (big blind) won 30


Winamax Poker - Tournament "Expresso Nitro" buyIn: 0.93€ + 0.07€ level: 1 - HandId: #2692553575258652673-7-1674830400 - Holdem no limit (10/20) - 2023/01/27 14:40:00 UTC
Table: 'Expresso Nitro(626908982)#0' 3-max (real money) Seat #3 is the button
Seat 1: _SKR (270)
Seat 2: quentin paci (390)
Seat 3: quentin2222 (240)
*** ANTE/BLINDS ***
_SKR posts small blind 10
quentin paci posts big blind 20
Dealt to _SKR [5s Ad]
*** PRE-FLOP *** 
quentin2222 raises 30 to 50
_SKR folds
quentin paci raises 340 to 390 and is all-in
quentin2222 calls 190 and is all-in
*** FLOP *** [Tc Qh 7s]
*** TURN *** [Tc Qh 7s][Ah]
*** RIVER *** [Tc Qh 7s Ah][7c]
*** SHOW DOWN ***
quentin paci shows [6c 6h] (Two pairs : 7 and 6)
quentin2222 shows [Jh Ks] (Straight Ace high)
quentin2222 collected 490 from main pot
quentin paci collected 150 from side pot 1
*** SUMMARY ***
Total pot 640 | No rake
Board: [Tc Qh 7s Ah 7c]
Seat 2: quentin paci (big blind) showed [6c 6h] and won 150 with Two pairs : 7 and 6
Seat 3: quentin2222 (button) showed [Jh Ks] and won 490 with Straight Ace high


Winamax Poker - Tournament "Expresso Nitro" buyIn: 0.93€ + 0.07€ level: 2 - HandId: #2692553575258652673-8-1674830418 - Holdem no limit (15/30) - 2023/01/27 14:40:18 UTC
Table: 'Expresso Nitro(626908982)#0' 3-max (real money) Seat #1 is the button
Seat 1: _SKR (260)
Seat 2: quentin paci (150)
Seat 3: quentin2222 (490)
*** ANTE/BLINDS ***
quentin paci posts small blind 15
quentin2222 posts big blind 30
Dealt to _SKR [2h 5s]
*** PRE-FLOP *** 
_SKR folds
quentin paci raises 120 to 150 and is all-in
quentin2222 calls 120
*** FLOP *** [7h 9c Jh]
*** TURN *** [7h 9c Jh][Qd]
*** RIVER *** [7h 9c Jh Qd][8d]
*** SHOW DOWN ***
quentin2222 shows [4c 4h] (One pair : 4)
quentin paci shows [7s Ad] (One pair : 7)
quentin paci collected 300 from pot
*** SUMMARY ***
Total pot 300 | No rake
Board: [7h 9c Jh Qd 8d]
Seat 2: quentin paci (small blind) showed [7s Ad] and won 300 with One pair : 7
Seat 3: quentin2222 (big blind) showed [4c 4h] and lost with One pair : 4


Winamax Poker - Tournament "Expresso Nitro" buyIn: 0.93€ + 0.07€ level: 2 - HandId: #2692553575258652673-9-1674830432 - Holdem no limit (15/30) - 2023/01/27 14:40:32 UTC
Table: 'Expresso Nitro(626908982)#0' 3-max (real money) Seat #2 is the button
Seat 1: _SKR (260)
Seat 2: quentin paci (300)
Seat 3: quentin2222 (340)
*** ANTE/BLINDS ***
quentin2222 posts small blind 15
_SKR posts big blind 30
Dealt to _SKR [7c 8h]
*** PRE-FLOP *** 
quentin paci folds
quentin2222 raises 310 to 340 and is all-in
_SKR folds
quentin2222 collected 370 from pot
*** SUMMARY ***
Total pot 370 | No rake
Seat 3: quentin2222 (small blind) won 370


Winamax Poker - Tournament "Expresso Nitro" buyIn: 0.93€ + 0.07€ level: 2 - HandId: #2692553575258652673-10-1674830441 - Holdem no limit (15/30) - 2023/01/27 14:40:41 UTC
Table: 'Expresso Nitro(626908982)#0' 3-max (real money) Seat #3 is the button
Seat 1: _SKR (230)
Seat 2: quentin paci (300)
Seat 3: quentin2222 (370)
*** ANTE/BLINDS ***
_SKR posts small blind 15
quentin paci posts big blind 30
Dealt to _SKR [Tc 7s]
*** PRE-FLOP *** 
quentin2222 folds
_SKR folds
quentin paci collected 45 from pot
*** SUMMARY ***
Total pot 45 | No rake
Seat 2: quentin paci (big blind) won 45


Winamax Poker - Tournament "Expresso Nitro" buyIn: 0.93€ + 0.07€ level: 2 - HandId: #2692553575258652673-11-1674830455 - Holdem no limit (15/30) - 2023/01/27 14:40:55 UTC
Table: 'Expresso Nitro(626908982)#0' 3-max (real money) Seat #1 is the button
Seat 1: _SKR (215)
Seat 2: quentin paci (315)
Seat 3: quentin2222 (370)
*** ANTE/BLINDS ***
quentin paci posts small blind 15
quentin2222 posts big blind 30
Dealt to _SKR [2d 8h]
*** PRE-FLOP *** 
_SKR folds
quentin paci folds
quentin2222 collected 45 from pot
*** SUMMARY ***
Total pot 45 | No rake
Seat 3: quentin2222 (big blind) won 45


Winamax Poker - Tournament "Expresso Nitro" buyIn: 0.93€ + 0.07€ level: 2 - HandId: #2692553575258652673-12-1674830462 - Holdem no limit (15/30) - 2023/01/27 14:41:02 UTC
Table: 'Expresso Nitro(626908982)#0' 3-max (real money) Seat #2 is the button
Seat 1: _SKR (215)
Seat 2: quentin paci (300)
Seat 3: quentin2222 (385)
*** ANTE/BLINDS ***
quentin2222 posts small blind 15
_SKR posts big blind 30
Dealt to _SKR [2c 6h]
*** PRE-FLOP *** 
quentin paci folds
quentin2222 folds
_SKR collected 45 from pot
*** SUMMARY ***
Total pot 45 | No rake
Seat 1: _SKR (big blind) won 45


Winamax Poker - Tournament "Expresso Nitro" buyIn: 0.93€ + 0.07€ level: 3 - HandId: #2692553575258652673-13-1674830467 - Holdem no limit (20/40) - 2023/01/27 14:41:07 UTC
Table: 'Expresso Nitro(626908982)#0' 3-max (real money) Seat #3 is the button
Seat 1: _SKR (230)
Seat 2: quentin paci (300)
Seat 3: quentin2222 (370)
*** ANTE/BLINDS ***
_SKR posts small blind 20
quentin paci posts big blind 40
Dealt to _SKR [4h Qc]
*** PRE-FLOP *** 
quentin2222 raises 60 to 100
_SKR folds
quentin paci raises 200 to 300 and is all-in
quentin2222 calls 200
*** FLOP *** [7h 4s Jd]
*** TURN *** [7h 4s Jd][9d]
*** RIVER *** [7h 4s Jd 9d][3d]
*** SHOW DOWN ***
quentin paci shows [Kh 8h] (High card : King)
quentin2222 shows [9c Ah] (One pair : 9)
quentin2222 collected 620 from pot
*** SUMMARY ***
Total pot 620 | No rake
Board: [7h 4s Jd 9d 3d]
Seat 2: quentin paci (big blind) showed [Kh 8h] and lost with High card : King
Seat 3: quentin2222 (button) showed [9c Ah] and won 620 with One pair : 9


Winamax Poker - Tournament "Expresso Nitro" buyIn: 0.93€ + 0.07€ level: 3 - HandId: #2692553575258652673-14-1674830484 - Holdem no limit (20/40) - 2023/01/27 14:41:24 UTC
Table: 'Expresso Nitro(626908982)#0' 3-max (real money) Seat #3 is the button
Seat 1: _SKR (210)
Seat 3: quentin2222 (690)
*** ANTE/BLINDS ***
quentin2222 posts small blind 20
_SKR posts big blind 40
Dealt to _SKR [6c 3d]
*** PRE-FLOP *** 
quentin2222 folds
_SKR collected 60 from pot
*** SUMMARY ***
Total pot 60 | No rake
Seat 1: _SKR (big blind) won 60


Winamax Poker - Tournament "Expresso Nitro" buyIn: 0.93€ + 0.07€ level: 3 - HandId: #2692553575258652673-15-1674830487 - Holdem no limit (20/40) - 2023/01/27 14:41:27 UTC
Table: 'Expresso Nitro(626908982)#0' 3-max (real money) Seat #1 is the button
Seat 1: _SKR (230)
Seat 3: quentin2222 (670)
*** ANTE/BLINDS ***
_SKR posts small blind 20
quentin2222 posts big blind 40
Dealt to _SKR [9c 2d]
*** PRE-FLOP *** 
_SKR folds
quentin2222 collected 60 from pot
*** SUMMARY ***
Total pot 60 | No rake
Seat 3: quentin2222 (big blind) won 60


Winamax Poker - Tournament "Expresso Nitro" buyIn: 0.93€ + 0.07€ level: 3 - HandId: #2692553575258652673-16-1674830491 - Holdem no limit (20/40) - 2023/01/27 14:41:31 UTC
Table: 'Expresso Nitro(626908982)#0' 3-max (real money) Seat #3 is the button
Seat 1: _SKR (210)
Seat 3: quentin2222 (690)
*** ANTE/BLINDS ***
quentin2222 posts small blind 20
_SKR posts big blind 40
Dealt to _SKR [Ac 2s]
*** PRE-FLOP *** 
quentin2222 folds
_SKR collected 60 from pot
*** SUMMARY ***
Total pot 60 | No rake
Seat 1: _SKR (big blind) won 60


Winamax Poker - Tournament "Expresso Nitro" buyIn: 0.93€ + 0.07€ level: 3 - HandId: #2692553575258652673-17-1674830494 - Holdem no limit (20/40) - 2023/01/27 14:41:34 UTC
Table: 'Expresso Nitro(626908982)#0' 3-max (real money) Seat #1 is the button
Seat 1: _SKR (230)
Seat 3: quentin2222 (670)
*** ANTE/BLINDS ***
_SKR posts small blind 20
quentin2222 posts big blind 40
Dealt to _SKR [Jc 4d]
*** PRE-FLOP *** 
_SKR folds
quentin2222 collected 60 from pot
*** SUMMARY ***
Total pot 60 | No rake
Seat 3: quentin2222 (big blind) won 60


Winamax Poker - Tournament "Expresso Nitro" buyIn: 0.93€ + 0.07€ level: 3 - HandId: #2692553575258652673-18-1674830499 - Holdem no limit (20/40) - 2023/01/27 14:41:39 UTC
Table: 'Expresso Nitro(626908982)#0' 3-max (real money) Seat #3 is the button
Seat 1: _SKR (210)
Seat 3: quentin2222 (690)
*** ANTE/BLINDS ***
quentin2222 posts small blind 20
_SKR posts big blind 40
Dealt to _SKR [Qs 7c]
*** PRE-FLOP *** 
quentin2222 folds
_SKR collected 60 from pot
*** SUMMARY ***
Total pot 60 | No rake
Seat 1: _SKR (big blind) won 60


Winamax Poker - Tournament "Expresso Nitro" buyIn: 0.93€ + 0.07€ level: 3 - HandId: #2692553575258652673-19-1674830502 - Holdem no limit (20/40) - 2023/01/27 14:41:42 UTC
Table: 'Expresso Nitro(626908982)#0' 3-max (real money) Seat #1 is the button
Seat 1: _SKR (230)
Seat 3: quentin2222 (670)
*** ANTE/BLINDS ***
_SKR posts small blind 20
quentin2222 posts big blind 40
Dealt to _SKR [2c Kd]
*** PRE-FLOP *** 
_SKR folds
quentin2222 collected 60 from pot
*** SUMMARY ***
Total pot 60 | No rake
Seat 3: quentin2222 (big blind) won 60


Winamax Poker - Tournament "Expresso Nitro" buyIn: 0.93€ + 0.07€ level: 3 - HandId: #2692553575258652673-20-1674830507 - Holdem no limit (20/40) - 2023/01/27 14:41:47 UTC
Table: 'Expresso Nitro(626908982)#0' 3-max (real money) Seat #3 is the button
Seat 1: _SKR (210)
Seat 3: quentin2222 (690)
*** ANTE/BLINDS ***
quentin2222 posts small blind 20
_SKR posts big blind 40
Dealt to _SKR [9s 8d]
*** PRE-FLOP *** 
quentin2222 folds
_SKR collected 60 from pot
*** SUMMARY ***
Total pot 60 | No rake
Seat 1: _SKR (big blind) won 60


Winamax Poker - Tournament "Expresso Nitro" buyIn: 0.93€ + 0.07€ level: 3 - HandId: #2692553575258652673-21-1674830511 - Holdem no limit (20/40) - 2023/01/27 14:41:51 UTC
Table: 'Expresso Nitro(626908982)#0' 3-max (real money) Seat #1 is the button
Seat 1: _SKR (230)
Seat 3: quentin2222 (670)
*** ANTE/BLINDS ***
_SKR posts small blind 20
quentin2222 posts big blind 40
Dealt to _SKR [9d 9h]
*** PRE-FLOP *** 
_SKR raises 190 to 230 and is all-in
quentin2222 calls 190
*** FLOP *** [Ah 7s 6s]
*** TURN *** [Ah 7s 6s][Ac]
*** RIVER *** [Ah 7s 6s Ac][Ad]
*** SHOW DOWN ***
quentin2222 shows [Js Kc] (Trips of Aces)
_SKR shows [9d 9h] (Full of Aces and 9)
_SKR collected 460 from pot
*** SUMMARY ***
Total pot 460 | No rake
Board: [Ah 7s 6s Ac Ad]
Seat 1: _SKR (small blind) (button) showed [9d 9h] and won 460 with Full of Aces and 9
Seat 3: quentin2222 (big blind) showed [Js Kc] and lost with Trips of Aces


Winamax Poker - Tournament "Expresso Nitro" buyIn: 0.93€ + 0.07€ level: 4 - HandId: #2692553575258652673-22-1674830525 - Holdem no limit (30/60) - 2023/01/27 14:42:05 UTC
Table: 'Expresso Nitro(626908982)#0' 3-max (real money) Seat #3 is the button
Seat 1: _SKR (460)
Seat 3: quentin2222 (440)
*** ANTE/BLINDS ***
quentin2222 posts small blind 30
_SKR posts big blind 60
Dealt to _SKR [Th 8s]
*** PRE-FLOP *** 
quentin2222 raises 90 to 150
_SKR folds
quentin2222 collected 210 from pot
*** SUMMARY ***
Total pot 210 | No rake
Seat 3: quentin2222 (small blind) (button) won 210


Winamax Poker - Tournament "Expresso Nitro" buyIn: 0.93€ + 0.07€ level: 4 - HandId: #2692553575258652673-23-1674830531 - Holdem no limit (30/60) - 2023/01/27 14:42:11 UTC
Table: 'Expresso Nitro(626908982)#0' 3-max (real money) Seat #1 is the button
Seat 1: _SKR (400)
Seat 3: quentin2222 (500)
*** ANTE/BLINDS ***
_SKR posts small blind 30
quentin2222 posts big blind 60
Dealt to _SKR [3s 6d]
*** PRE-FLOP *** 
_SKR folds
quentin2222 collected 90 from pot
*** SUMMARY ***
Total pot 90 | No rake
Seat 3: quentin2222 (big blind) won 90


Winamax Poker - Tournament "Expresso Nitro" buyIn: 0.93€ + 0.07€ level: 4 - HandId: #2692553575258652673-24-1674830535 - Holdem no limit (30/60) - 2023/01/27 14:42:15 UTC
Table: 'Expresso Nitro(626908982)#0' 3-max (real money) Seat #3 is the button
Seat 1: _SKR (370)
Seat 3: quentin2222 (530)
*** ANTE/BLINDS ***
quentin2222 posts small blind 30
_SKR posts big blind 60
Dealt to _SKR [5d 9s]
*** PRE-FLOP *** 
quentin2222 raises 470 to 530 and is all-in
_SKR folds
quentin2222 collected 590 from pot
*** SUMMARY ***
Total pot 590 | No rake
Seat 3: quentin2222 (small blind) (button) won 590


Winamax Poker - Tournament "Expresso Nitro" buyIn: 0.93€ + 0.07€ level: 4 - HandId: #2692553575258652673-25-1674830539 - Holdem no limit (30/60) - 2023/01/27 14:42:19 UTC
Table: 'Expresso Nitro(626908982)#0' 3-max (real money) Seat #1 is the button
Seat 1: _SKR (310)
Seat 3: quentin2222 (590)
*** ANTE/BLINDS ***
_SKR posts small blind 30
quentin2222 posts big blind 60
Dealt to _SKR [2s 2c]
*** PRE-FLOP *** 
_SKR raises 250 to 310 and is all-in
quentin2222 calls 250
*** FLOP *** [9h 9d Kd]
*** TURN *** [9h 9d Kd][4s]
*** RIVER *** [9h 9d Kd 4s][6c]
*** SHOW DOWN ***
_SKR shows [2s 2c] (Two pairs : 9 and 2)
quentin2222 shows [Ad Ks] (Two pairs : Kings and 9)
quentin2222 collected 620 from pot
*** SUMMARY ***
Total pot 620 | No rake
Board: [9h 9d Kd 4s 6c]
Seat 1: _SKR (small blind) (button) showed [2s 2c] and lost with Two pairs : 9 and 2
Seat 3: quentin2222 (big blind) showed [Ad Ks] and won 620 with Two pairs : Kings and 9


