Winamax Poker - Tournament "Expresso Nitro" buyIn: 0.93€ + 0.07€ level: 1 - HandId: #2691964597803417601-1-1674775397 - Holdem no limit (10/20) - 2023/01/26 23:23:17 UTC
Table: 'Expresso Nitro(626771850)#0' 3-max (real money) Seat #1 is the button
Seat 1: _SKR (300)
Seat 2: gota93 (300)
Seat 3: Tibag&Yona (300)
*** ANTE/BLINDS ***
gota93 posts small blind 10
Tibag&Yona posts big blind 20
Dealt to _SKR [8c 5s]
*** PRE-FLOP *** 
_SKR folds
gota93 calls 10
Tibag&Yona checks
*** FLOP *** [3c As 4h]
gota93 bets 40
Tibag&Yona folds
gota93 collected 80 from pot
*** SUMMARY ***
Total pot 80 | No rake
Board: [3c As 4h]
Seat 2: gota93 (small blind) won 80


Winamax Poker - Tournament "Expresso Nitro" buyIn: 0.93€ + 0.07€ level: 1 - HandId: #2691964597803417601-2-1674775412 - Holdem no limit (10/20) - 2023/01/26 23:23:32 UTC
Table: 'Expresso Nitro(626771850)#0' 3-max (real money) Seat #2 is the button
Seat 1: _SKR (300)
Seat 2: gota93 (320)
Seat 3: Tibag&Yona (280)
*** ANTE/BLINDS ***
Tibag&Yona posts small blind 10
_SKR posts big blind 20
Dealt to _SKR [9d 9h]
*** PRE-FLOP *** 
gota93 calls 20
Tibag&Yona folds
_SKR raises 280 to 300 and is all-in
gota93 calls 280
*** FLOP *** [Ah Qh 8h]
*** TURN *** [Ah Qh 8h][4s]
*** RIVER *** [Ah Qh 8h 4s][Qc]
*** SHOW DOWN ***
gota93 shows [8c 3d] (Two pairs : Queens and 8)
_SKR shows [9d 9h] (Two pairs : Queens and 9)
_SKR collected 610 from pot
*** SUMMARY ***
Total pot 610 | No rake
Board: [Ah Qh 8h 4s Qc]
Seat 1: _SKR (big blind) showed [9d 9h] and won 610 with Two pairs : Queens and 9
Seat 2: gota93 (button) showed [8c 3d] and lost with Two pairs : Queens and 8


Winamax Poker - Tournament "Expresso Nitro" buyIn: 0.93€ + 0.07€ level: 1 - HandId: #2691964597803417601-3-1674775430 - Holdem no limit (10/20) - 2023/01/26 23:23:50 UTC
Table: 'Expresso Nitro(626771850)#0' 3-max (real money) Seat #3 is the button
Seat 1: _SKR (610)
Seat 2: gota93 (20)
Seat 3: Tibag&Yona (270)
*** ANTE/BLINDS ***
_SKR posts small blind 10
gota93 posts big blind 20 and is all-in
Dealt to _SKR [9s 9c]
*** PRE-FLOP *** 
Tibag&Yona folds
_SKR calls 10
*** FLOP *** [9d Tc 4d]
*** TURN *** [9d Tc 4d][2h]
*** RIVER *** [9d Tc 4d 2h][Td]
*** SHOW DOWN ***
gota93 shows [5c 3d] (One pair : Tens)
_SKR shows [9s 9c] (Full of 9 and Tens)
_SKR collected 40 from pot
*** SUMMARY ***
Total pot 40 | No rake
Board: [9d Tc 4d 2h Td]
Seat 1: _SKR (small blind) showed [9s 9c] and won 40 with Full of 9 and Tens
Seat 2: gota93 (big blind) showed [5c 3d] and lost with One pair : Tens


Winamax Poker - Tournament "Expresso Nitro" buyIn: 0.93€ + 0.07€ level: 1 - HandId: #2691964597803417601-4-1674775445 - Holdem no limit (10/20) - 2023/01/26 23:24:05 UTC
Table: 'Expresso Nitro(626771850)#0' 3-max (real money) Seat #3 is the button
Seat 1: _SKR (630)
Seat 3: Tibag&Yona (270)
*** ANTE/BLINDS ***
Tibag&Yona posts small blind 10
_SKR posts big blind 20
Dealt to _SKR [7c 8s]
*** PRE-FLOP *** 
Tibag&Yona calls 10
_SKR checks
*** FLOP *** [5c 3h 8d]
_SKR checks
Tibag&Yona checks
*** TURN *** [5c 3h 8d][Tc]
_SKR checks
Tibag&Yona checks
*** RIVER *** [5c 3h 8d Tc][Jc]
_SKR checks
Tibag&Yona checks
*** SHOW DOWN ***
Tibag&Yona shows [Ks 7h] (High card : King)
_SKR shows [7c 8s] (One pair : 8)
_SKR collected 40 from pot
*** SUMMARY ***
Total pot 40 | No rake
Board: [5c 3h 8d Tc Jc]
Seat 1: _SKR (big blind) showed [7c 8s] and won 40 with One pair : 8
Seat 3: Tibag&Yona (small blind) (button) showed [Ks 7h] and lost with High card : King


Winamax Poker - Tournament "Expresso Nitro" buyIn: 0.93€ + 0.07€ level: 2 - HandId: #2691964597803417601-5-1674775479 - Holdem no limit (15/30) - 2023/01/26 23:24:39 UTC
Table: 'Expresso Nitro(626771850)#0' 3-max (real money) Seat #1 is the button
Seat 1: _SKR (650)
Seat 3: Tibag&Yona (250)
*** ANTE/BLINDS ***
_SKR posts small blind 15
Tibag&Yona posts big blind 30
Dealt to _SKR [Th 7s]
*** PRE-FLOP *** 
_SKR folds
Tibag&Yona collected 45 from pot
*** SUMMARY ***
Total pot 45 | No rake
Seat 3: Tibag&Yona (big blind) won 45


Winamax Poker - Tournament "Expresso Nitro" buyIn: 0.93€ + 0.07€ level: 2 - HandId: #2691964597803417601-6-1674775490 - Holdem no limit (15/30) - 2023/01/26 23:24:50 UTC
Table: 'Expresso Nitro(626771850)#0' 3-max (real money) Seat #3 is the button
Seat 1: _SKR (635)
Seat 3: Tibag&Yona (265)
*** ANTE/BLINDS ***
Tibag&Yona posts small blind 15
_SKR posts big blind 30
Dealt to _SKR [4h 9h]
*** PRE-FLOP *** 
Tibag&Yona folds
_SKR collected 45 from pot
*** SUMMARY ***
Total pot 45 | No rake
Seat 1: _SKR (big blind) won 45


Winamax Poker - Tournament "Expresso Nitro" buyIn: 0.93€ + 0.07€ level: 2 - HandId: #2691964597803417601-7-1674775494 - Holdem no limit (15/30) - 2023/01/26 23:24:54 UTC
Table: 'Expresso Nitro(626771850)#0' 3-max (real money) Seat #1 is the button
Seat 1: _SKR (650)
Seat 3: Tibag&Yona (250)
*** ANTE/BLINDS ***
_SKR posts small blind 15
Tibag&Yona posts big blind 30
Dealt to _SKR [Jh 4d]
*** PRE-FLOP *** 
_SKR folds
Tibag&Yona collected 45 from pot
*** SUMMARY ***
Total pot 45 | No rake
Seat 3: Tibag&Yona (big blind) won 45


Winamax Poker - Tournament "Expresso Nitro" buyIn: 0.93€ + 0.07€ level: 2 - HandId: #2691964597803417601-8-1674775501 - Holdem no limit (15/30) - 2023/01/26 23:25:01 UTC
Table: 'Expresso Nitro(626771850)#0' 3-max (real money) Seat #3 is the button
Seat 1: _SKR (635)
Seat 3: Tibag&Yona (265)
*** ANTE/BLINDS ***
Tibag&Yona posts small blind 15
_SKR posts big blind 30
Dealt to _SKR [6h 3s]
*** PRE-FLOP *** 
Tibag&Yona calls 15
_SKR checks
*** FLOP *** [Kh Td 4d]
_SKR checks
Tibag&Yona bets 60
_SKR folds
Tibag&Yona collected 120 from pot
*** SUMMARY ***
Total pot 120 | No rake
Board: [Kh Td 4d]
Seat 3: Tibag&Yona (small blind) (button) won 120


Winamax Poker - Tournament "Expresso Nitro" buyIn: 0.93€ + 0.07€ level: 3 - HandId: #2691964597803417601-9-1674775537 - Holdem no limit (20/40) - 2023/01/26 23:25:37 UTC
Table: 'Expresso Nitro(626771850)#0' 3-max (real money) Seat #1 is the button
Seat 1: _SKR (605)
Seat 3: Tibag&Yona (295)
*** ANTE/BLINDS ***
_SKR posts small blind 20
Tibag&Yona posts big blind 40
Dealt to _SKR [Qc 9c]
*** PRE-FLOP *** 
_SKR raises 565 to 605 and is all-in
Tibag&Yona folds
_SKR collected 645 from pot
*** SUMMARY ***
Total pot 645 | No rake
Seat 1: _SKR (small blind) (button) won 645


Winamax Poker - Tournament "Expresso Nitro" buyIn: 0.93€ + 0.07€ level: 3 - HandId: #2691964597803417601-10-1674775551 - Holdem no limit (20/40) - 2023/01/26 23:25:51 UTC
Table: 'Expresso Nitro(626771850)#0' 3-max (real money) Seat #3 is the button
Seat 1: _SKR (645)
Seat 3: Tibag&Yona (255)
*** ANTE/BLINDS ***
Tibag&Yona posts small blind 20
_SKR posts big blind 40
Dealt to _SKR [Qd Ks]
*** PRE-FLOP *** 
Tibag&Yona raises 40 to 80
_SKR raises 565 to 645 and is all-in
Tibag&Yona calls 175 and is all-in
*** FLOP *** [9d 8c 4s]
*** TURN *** [9d 8c 4s][Ah]
*** RIVER *** [9d 8c 4s Ah][8d]
*** SHOW DOWN ***
Tibag&Yona shows [Qs Jd] (One pair : 8)
_SKR shows [Qd Ks] (One pair : 8)
_SKR collected 900 from pot
*** SUMMARY ***
Total pot 900 | No rake
Board: [9d 8c 4s Ah 8d]
Seat 1: _SKR (big blind) showed [Qd Ks] and won 900 with One pair : 8
Seat 3: Tibag&Yona (small blind) (button) showed [Qs Jd] and lost with One pair : 8


