Winamax Poker - Tournament "Expresso Nitro" buyIn: 1.86€ + 0.14€ level: 1 - HandId: #2696608526897250305-1-1675089660 - Holdem no limit (10/20) - 2023/01/30 14:41:00 UTC
Table: 'Expresso Nitro(627853099)#0' 3-max (real money) Seat #2 is the button
Seat 1: _SKR (300)
Seat 2: Im FeZziZyr (300)
Seat 3: Delgado25 (300)
*** ANTE/BLINDS ***
Delgado25 posts small blind 10
_SKR posts big blind 20
Dealt to _SKR [7s 2c]
*** PRE-FLOP *** 
Im FeZziZyr raises 30 to 50
Delgado25 folds
_SKR folds
Im FeZziZyr collected 80 from pot
*** SUMMARY ***
Total pot 80 | No rake
Seat 2: Im FeZziZyr (button) won 80


Winamax Poker - Tournament "Expresso Nitro" buyIn: 1.86€ + 0.14€ level: 1 - HandId: #2696608526897250305-2-1675089672 - Holdem no limit (10/20) - 2023/01/30 14:41:12 UTC
Table: 'Expresso Nitro(627853099)#0' 3-max (real money) Seat #3 is the button
Seat 1: _SKR (280)
Seat 2: Im FeZziZyr (330)
Seat 3: Delgado25 (290)
*** ANTE/BLINDS ***
_SKR posts small blind 10
Im FeZziZyr posts big blind 20
Dealt to _SKR [2c 6h]
*** PRE-FLOP *** 
Delgado25 raises 270 to 290 and is all-in
_SKR folds
Im FeZziZyr folds
Delgado25 collected 320 from pot
*** SUMMARY ***
Total pot 320 | No rake
Seat 3: Delgado25 (button) won 320


Winamax Poker - Tournament "Expresso Nitro" buyIn: 1.86€ + 0.14€ level: 1 - HandId: #2696608526897250305-3-1675089679 - Holdem no limit (10/20) - 2023/01/30 14:41:19 UTC
Table: 'Expresso Nitro(627853099)#0' 3-max (real money) Seat #1 is the button
Seat 1: _SKR (270)
Seat 2: Im FeZziZyr (310)
Seat 3: Delgado25 (320)
*** ANTE/BLINDS ***
Im FeZziZyr posts small blind 10
Delgado25 posts big blind 20
Dealt to _SKR [Jh 6h]
*** PRE-FLOP *** 
_SKR folds
Im FeZziZyr folds
Delgado25 collected 30 from pot
*** SUMMARY ***
Total pot 30 | No rake
Seat 3: Delgado25 (big blind) won 30


Winamax Poker - Tournament "Expresso Nitro" buyIn: 1.86€ + 0.14€ level: 1 - HandId: #2696608526897250305-4-1675089688 - Holdem no limit (10/20) - 2023/01/30 14:41:28 UTC
Table: 'Expresso Nitro(627853099)#0' 3-max (real money) Seat #2 is the button
Seat 1: _SKR (270)
Seat 2: Im FeZziZyr (300)
Seat 3: Delgado25 (330)
*** ANTE/BLINDS ***
Delgado25 posts small blind 10
_SKR posts big blind 20
Dealt to _SKR [2d Js]
*** PRE-FLOP *** 
Im FeZziZyr folds
Delgado25 raises 310 to 330 and is all-in
_SKR folds
Delgado25 collected 350 from pot
*** SUMMARY ***
Total pot 350 | No rake
Seat 3: Delgado25 (small blind) won 350


Winamax Poker - Tournament "Expresso Nitro" buyIn: 1.86€ + 0.14€ level: 1 - HandId: #2696608526897250305-5-1675089702 - Holdem no limit (10/20) - 2023/01/30 14:41:42 UTC
Table: 'Expresso Nitro(627853099)#0' 3-max (real money) Seat #3 is the button
Seat 1: _SKR (250)
Seat 2: Im FeZziZyr (300)
Seat 3: Delgado25 (350)
*** ANTE/BLINDS ***
_SKR posts small blind 10
Im FeZziZyr posts big blind 20
Dealt to _SKR [Kh Th]
*** PRE-FLOP *** 
Delgado25 calls 20
_SKR raises 230 to 250 and is all-in
Im FeZziZyr folds
Delgado25 folds
_SKR collected 290 from pot
*** SUMMARY ***
Total pot 290 | No rake
Seat 1: _SKR (small blind) won 290


Winamax Poker - Tournament "Expresso Nitro" buyIn: 1.86€ + 0.14€ level: 2 - HandId: #2696608526897250305-6-1675089726 - Holdem no limit (15/30) - 2023/01/30 14:42:06 UTC
Table: 'Expresso Nitro(627853099)#0' 3-max (real money) Seat #1 is the button
Seat 1: _SKR (290)
Seat 2: Im FeZziZyr (280)
Seat 3: Delgado25 (330)
*** ANTE/BLINDS ***
Im FeZziZyr posts small blind 15
Delgado25 posts big blind 30
Dealt to _SKR [Jc Tc]
*** PRE-FLOP *** 
_SKR raises 260 to 290 and is all-in
Im FeZziZyr folds
Delgado25 folds
_SKR collected 335 from pot
*** SUMMARY ***
Total pot 335 | No rake
Seat 1: _SKR (button) won 335


Winamax Poker - Tournament "Expresso Nitro" buyIn: 1.86€ + 0.14€ level: 2 - HandId: #2696608526897250305-7-1675089738 - Holdem no limit (15/30) - 2023/01/30 14:42:18 UTC
Table: 'Expresso Nitro(627853099)#0' 3-max (real money) Seat #2 is the button
Seat 1: _SKR (335)
Seat 2: Im FeZziZyr (265)
Seat 3: Delgado25 (300)
*** ANTE/BLINDS ***
Delgado25 posts small blind 15
_SKR posts big blind 30
Dealt to _SKR [9s 9c]
*** PRE-FLOP *** 
Im FeZziZyr folds
Delgado25 folds
_SKR collected 45 from pot
*** SUMMARY ***
Total pot 45 | No rake
Seat 1: _SKR (big blind) won 45


Winamax Poker - Tournament "Expresso Nitro" buyIn: 1.86€ + 0.14€ level: 2 - HandId: #2696608526897250305-8-1675089747 - Holdem no limit (15/30) - 2023/01/30 14:42:27 UTC
Table: 'Expresso Nitro(627853099)#0' 3-max (real money) Seat #3 is the button
Seat 1: _SKR (350)
Seat 2: Im FeZziZyr (265)
Seat 3: Delgado25 (285)
*** ANTE/BLINDS ***
_SKR posts small blind 15
Im FeZziZyr posts big blind 30
Dealt to _SKR [8d 6h]
*** PRE-FLOP *** 
Delgado25 folds
_SKR folds
Im FeZziZyr collected 45 from pot
*** SUMMARY ***
Total pot 45 | No rake
Seat 2: Im FeZziZyr (big blind) won 45


Winamax Poker - Tournament "Expresso Nitro" buyIn: 1.86€ + 0.14€ level: 2 - HandId: #2696608526897250305-9-1675089762 - Holdem no limit (15/30) - 2023/01/30 14:42:42 UTC
Table: 'Expresso Nitro(627853099)#0' 3-max (real money) Seat #1 is the button
Seat 1: _SKR (335)
Seat 2: Im FeZziZyr (280)
Seat 3: Delgado25 (285)
*** ANTE/BLINDS ***
Im FeZziZyr posts small blind 15
Delgado25 posts big blind 30
Dealt to _SKR [Td 8d]
*** PRE-FLOP *** 
_SKR folds
Im FeZziZyr folds
Delgado25 collected 45 from pot
*** SUMMARY ***
Total pot 45 | No rake
Seat 3: Delgado25 (big blind) won 45


Winamax Poker - Tournament "Expresso Nitro" buyIn: 1.86€ + 0.14€ level: 2 - HandId: #2696608526897250305-10-1675089767 - Holdem no limit (15/30) - 2023/01/30 14:42:47 UTC
Table: 'Expresso Nitro(627853099)#0' 3-max (real money) Seat #2 is the button
Seat 1: _SKR (335)
Seat 2: Im FeZziZyr (265)
Seat 3: Delgado25 (300)
*** ANTE/BLINDS ***
Delgado25 posts small blind 15
_SKR posts big blind 30
Dealt to _SKR [4c 8d]
*** PRE-FLOP *** 
Im FeZziZyr raises 235 to 265 and is all-in
Delgado25 folds
_SKR folds
Im FeZziZyr collected 310 from pot
*** SUMMARY ***
Total pot 310 | No rake
Seat 2: Im FeZziZyr (button) won 310


Winamax Poker - Tournament "Expresso Nitro" buyIn: 1.86€ + 0.14€ level: 3 - HandId: #2696608526897250305-11-1675089794 - Holdem no limit (20/40) - 2023/01/30 14:43:14 UTC
Table: 'Expresso Nitro(627853099)#0' 3-max (real money) Seat #3 is the button
Seat 1: _SKR (305)
Seat 2: Im FeZziZyr (310)
Seat 3: Delgado25 (285)
*** ANTE/BLINDS ***
_SKR posts small blind 20
Im FeZziZyr posts big blind 40
Dealt to _SKR [Ts 5h]
*** PRE-FLOP *** 
Delgado25 raises 245 to 285 and is all-in
_SKR folds
Im FeZziZyr calls 245
*** FLOP *** [7d Qh 4h]
*** TURN *** [7d Qh 4h][7s]
*** RIVER *** [7d Qh 4h 7s][Ah]
*** SHOW DOWN ***
Delgado25 shows [5c Jc] (One pair : 7)
Im FeZziZyr shows [Ac 6s] (Two pairs : Aces and 7)
Im FeZziZyr collected 590 from pot
*** SUMMARY ***
Total pot 590 | No rake
Board: [7d Qh 4h 7s Ah]
Seat 2: Im FeZziZyr (big blind) showed [Ac 6s] and won 590 with Two pairs : Aces and 7
Seat 3: Delgado25 (button) showed [5c Jc] and lost with One pair : 7


Winamax Poker - Tournament "Expresso Nitro" buyIn: 1.86€ + 0.14€ level: 3 - HandId: #2696608526897250305-12-1675089811 - Holdem no limit (20/40) - 2023/01/30 14:43:31 UTC
Table: 'Expresso Nitro(627853099)#0' 3-max (real money) Seat #2 is the button
Seat 1: _SKR (285)
Seat 2: Im FeZziZyr (615)
*** ANTE/BLINDS ***
Im FeZziZyr posts small blind 20
_SKR posts big blind 40
Dealt to _SKR [7h 9h]
*** PRE-FLOP *** 
Im FeZziZyr folds
_SKR collected 60 from pot
*** SUMMARY ***
Total pot 60 | No rake
Seat 1: _SKR (big blind) won 60


Winamax Poker - Tournament "Expresso Nitro" buyIn: 1.86€ + 0.14€ level: 3 - HandId: #2696608526897250305-13-1675089815 - Holdem no limit (20/40) - 2023/01/30 14:43:35 UTC
Table: 'Expresso Nitro(627853099)#0' 3-max (real money) Seat #1 is the button
Seat 1: _SKR (305)
Seat 2: Im FeZziZyr (595)
*** ANTE/BLINDS ***
_SKR posts small blind 20
Im FeZziZyr posts big blind 40
Dealt to _SKR [Ks 4c]
*** PRE-FLOP *** 
_SKR raises 265 to 305 and is all-in
Im FeZziZyr folds
_SKR collected 345 from pot
*** SUMMARY ***
Total pot 345 | No rake
Seat 1: _SKR (small blind) (button) won 345


Winamax Poker - Tournament "Expresso Nitro" buyIn: 1.86€ + 0.14€ level: 3 - HandId: #2696608526897250305-14-1675089821 - Holdem no limit (20/40) - 2023/01/30 14:43:41 UTC
Table: 'Expresso Nitro(627853099)#0' 3-max (real money) Seat #2 is the button
Seat 1: _SKR (345)
Seat 2: Im FeZziZyr (555)
*** ANTE/BLINDS ***
Im FeZziZyr posts small blind 20
_SKR posts big blind 40
Dealt to _SKR [2d 3s]
*** PRE-FLOP *** 
Im FeZziZyr raises 515 to 555 and is all-in
_SKR folds
Im FeZziZyr collected 595 from pot
*** SUMMARY ***
Total pot 595 | No rake
Seat 2: Im FeZziZyr (small blind) (button) won 595


Winamax Poker - Tournament "Expresso Nitro" buyIn: 1.86€ + 0.14€ level: 3 - HandId: #2696608526897250305-15-1675089827 - Holdem no limit (20/40) - 2023/01/30 14:43:47 UTC
Table: 'Expresso Nitro(627853099)#0' 3-max (real money) Seat #1 is the button
Seat 1: _SKR (305)
Seat 2: Im FeZziZyr (595)
*** ANTE/BLINDS ***
_SKR posts small blind 20
Im FeZziZyr posts big blind 40
Dealt to _SKR [Qs 5s]
*** PRE-FLOP *** 
_SKR raises 265 to 305 and is all-in
Im FeZziZyr calls 265
*** FLOP *** [9d 6h 2h]
*** TURN *** [9d 6h 2h][Td]
*** RIVER *** [9d 6h 2h Td][7h]
*** SHOW DOWN ***
_SKR shows [Qs 5s] (High card : Queen)
Im FeZziZyr shows [Kd 6d] (One pair : 6)
Im FeZziZyr collected 610 from pot
*** SUMMARY ***
Total pot 610 | No rake
Board: [9d 6h 2h Td 7h]
Seat 1: _SKR (small blind) (button) showed [Qs 5s] and lost with High card : Queen
Seat 2: Im FeZziZyr (big blind) showed [Kd 6d] and won 610 with One pair : 6


