Winamax Poker - Tournament "Expresso Nitro" buyIn: 1.86€ + 0.14€ level: 1 - HandId: #2696664773788958721-1-1675092364 - Holdem no limit (10/20) - 2023/01/30 15:26:04 UTC
Table: 'Expresso Nitro(627866195)#0' 3-max (real money) Seat #2 is the button
Seat 1: apavorado (300)
Seat 2: Lasdecoeur91 (300)
Seat 3: _SKR (300)
*** ANTE/BLINDS ***
_SKR posts small blind 10
apavorado posts big blind 20
Dealt to _SKR [2h Js]
*** PRE-FLOP *** 
Lasdecoeur91 calls 20
_SKR folds
apavorado checks
*** FLOP *** [Jd Td 2s]
apavorado checks
Lasdecoeur91 bets 33
apavorado calls 33
*** TURN *** [Jd Td 2s][7c]
apavorado checks
Lasdecoeur91 checks
*** RIVER *** [Jd Td 2s 7c][2c]
apavorado bets 50
Lasdecoeur91 folds
apavorado collected 166 from pot
*** SUMMARY ***
Total pot 166 | No rake
Board: [Jd Td 2s 7c 2c]
Seat 1: apavorado (big blind) won 166


Winamax Poker - Tournament "Expresso Nitro" buyIn: 1.86€ + 0.14€ level: 1 - HandId: #2696664773788958721-2-1675092398 - Holdem no limit (10/20) - 2023/01/30 15:26:38 UTC
Table: 'Expresso Nitro(627866195)#0' 3-max (real money) Seat #3 is the button
Seat 1: apavorado (363)
Seat 2: Lasdecoeur91 (247)
Seat 3: _SKR (290)
*** ANTE/BLINDS ***
apavorado posts small blind 10
Lasdecoeur91 posts big blind 20
Dealt to _SKR [9s 4c]
*** PRE-FLOP *** 
_SKR folds
apavorado calls 10
Lasdecoeur91 checks
*** FLOP *** [3h 7d Kd]
apavorado checks
Lasdecoeur91 checks
*** TURN *** [3h 7d Kd][Qs]
apavorado checks
Lasdecoeur91 checks
*** RIVER *** [3h 7d Kd Qs][Ad]
apavorado bets 20
Lasdecoeur91 raises 45 to 65
apavorado folds
Lasdecoeur91 collected 125 from pot
*** SUMMARY ***
Total pot 125 | No rake
Board: [3h 7d Kd Qs Ad]
Seat 2: Lasdecoeur91 (big blind) won 125


Winamax Poker - Tournament "Expresso Nitro" buyIn: 1.86€ + 0.14€ level: 1 - HandId: #2696664773788958721-3-1675092419 - Holdem no limit (10/20) - 2023/01/30 15:26:59 UTC
Table: 'Expresso Nitro(627866195)#0' 3-max (real money) Seat #1 is the button
Seat 1: apavorado (323)
Seat 2: Lasdecoeur91 (287)
Seat 3: _SKR (290)
*** ANTE/BLINDS ***
Lasdecoeur91 posts small blind 10
_SKR posts big blind 20
Dealt to _SKR [Th 4c]
*** PRE-FLOP *** 
apavorado calls 20
Lasdecoeur91 calls 10
_SKR checks
*** FLOP *** [8c 9s 9d]
Lasdecoeur91 checks
_SKR checks
apavorado bets 40
Lasdecoeur91 calls 40
_SKR folds
*** TURN *** [8c 9s 9d][Ks]
Lasdecoeur91 bets 20
apavorado raises 20 to 40
Lasdecoeur91 raises 20 to 60
apavorado calls 20
*** RIVER *** [8c 9s 9d Ks][7d]
Lasdecoeur91 bets 167 and is all-in
apavorado calls 167
*** SHOW DOWN ***
apavorado shows [8s Js] (Two pairs : 9 and 8)
Lasdecoeur91 shows [9h Kc] (Full of 9 and Kings)
Lasdecoeur91 collected 594 from pot
*** SUMMARY ***
Total pot 594 | No rake
Board: [8c 9s 9d Ks 7d]
Seat 1: apavorado (button) showed [8s Js] and lost with Two pairs : 9 and 8
Seat 2: Lasdecoeur91 (small blind) showed [9h Kc] and won 594 with Full of 9 and Kings


Winamax Poker - Tournament "Expresso Nitro" buyIn: 1.86€ + 0.14€ level: 2 - HandId: #2696664773788958721-4-1675092455 - Holdem no limit (15/30) - 2023/01/30 15:27:35 UTC
Table: 'Expresso Nitro(627866195)#0' 3-max (real money) Seat #2 is the button
Seat 1: apavorado (36)
Seat 2: Lasdecoeur91 (594)
Seat 3: _SKR (270)
*** ANTE/BLINDS ***
_SKR posts small blind 15
apavorado posts big blind 30
Dealt to _SKR [2c 7h]
*** PRE-FLOP *** 
Lasdecoeur91 calls 30
_SKR folds
apavorado raises 6 to 36 and is all-in
Lasdecoeur91 calls 6
*** FLOP *** [Jc Kc 5d]
*** TURN *** [Jc Kc 5d][5h]
*** RIVER *** [Jc Kc 5d 5h][Td]
*** SHOW DOWN ***
Lasdecoeur91 shows [Tc 3d] (Two pairs : Tens and 5)
apavorado shows [Kh 6h] (Two pairs : Kings and 5)
apavorado collected 87 from pot
*** SUMMARY ***
Total pot 87 | No rake
Board: [Jc Kc 5d 5h Td]
Seat 1: apavorado (big blind) showed [Kh 6h] and won 87 with Two pairs : Kings and 5
Seat 2: Lasdecoeur91 (button) showed [Tc 3d] and lost with Two pairs : Tens and 5


Winamax Poker - Tournament "Expresso Nitro" buyIn: 1.86€ + 0.14€ level: 2 - HandId: #2696664773788958721-5-1675092477 - Holdem no limit (15/30) - 2023/01/30 15:27:57 UTC
Table: 'Expresso Nitro(627866195)#0' 3-max (real money) Seat #3 is the button
Seat 1: apavorado (87)
Seat 2: Lasdecoeur91 (558)
Seat 3: _SKR (255)
*** ANTE/BLINDS ***
apavorado posts small blind 15
Lasdecoeur91 posts big blind 30
Dealt to _SKR [7d Tc]
*** PRE-FLOP *** 
_SKR folds
apavorado raises 30 to 60
Lasdecoeur91 calls 30
*** FLOP *** [5c Ks 3s]
apavorado bets 27 and is all-in
Lasdecoeur91 calls 27
*** TURN *** [5c Ks 3s][8d]
*** RIVER *** [5c Ks 3s 8d][5s]
*** SHOW DOWN ***
Lasdecoeur91 shows [Kc 3d] (Two pairs : Kings and 5)
apavorado shows [Qs 4s] (Flush King high)
apavorado collected 174 from pot
*** SUMMARY ***
Total pot 174 | No rake
Board: [5c Ks 3s 8d 5s]
Seat 1: apavorado (small blind) showed [Qs 4s] and won 174 with Flush King high
Seat 2: Lasdecoeur91 (big blind) showed [Kc 3d] and lost with Two pairs : Kings and 5


Winamax Poker - Tournament "Expresso Nitro" buyIn: 1.86€ + 0.14€ level: 3 - HandId: #2696664773788958721-6-1675092495 - Holdem no limit (20/40) - 2023/01/30 15:28:15 UTC
Table: 'Expresso Nitro(627866195)#0' 3-max (real money) Seat #1 is the button
Seat 1: apavorado (174)
Seat 2: Lasdecoeur91 (471)
Seat 3: _SKR (255)
*** ANTE/BLINDS ***
Lasdecoeur91 posts small blind 20
_SKR posts big blind 40
Dealt to _SKR [8d 7c]
*** PRE-FLOP *** 
apavorado calls 40
Lasdecoeur91 calls 20
_SKR checks
*** FLOP *** [7h 9d 3h]
Lasdecoeur91 checks
_SKR checks
apavorado bets 134 and is all-in
Lasdecoeur91 folds
_SKR calls 134
*** TURN *** [7h 9d 3h][Qh]
*** RIVER *** [7h 9d 3h Qh][Jd]
*** SHOW DOWN ***
_SKR shows [8d 7c] (One pair : 7)
apavorado shows [9h 8s] (One pair : 9)
apavorado collected 388 from pot
*** SUMMARY ***
Total pot 388 | No rake
Board: [7h 9d 3h Qh Jd]
Seat 1: apavorado (button) showed [9h 8s] and won 388 with One pair : 9
Seat 3: _SKR (big blind) showed [8d 7c] and lost with One pair : 7


Winamax Poker - Tournament "Expresso Nitro" buyIn: 1.86€ + 0.14€ level: 3 - HandId: #2696664773788958721-7-1675092528 - Holdem no limit (20/40) - 2023/01/30 15:28:48 UTC
Table: 'Expresso Nitro(627866195)#0' 3-max (real money) Seat #2 is the button
Seat 1: apavorado (388)
Seat 2: Lasdecoeur91 (431)
Seat 3: _SKR (81)
*** ANTE/BLINDS ***
_SKR posts small blind 20
apavorado posts big blind 40
Dealt to _SKR [6d Ks]
*** PRE-FLOP *** 
Lasdecoeur91 calls 40
_SKR raises 41 to 81 and is all-in
apavorado folds
Lasdecoeur91 calls 41
*** FLOP *** [3s 8d 7c]
*** TURN *** [3s 8d 7c][Js]
*** RIVER *** [3s 8d 7c Js][7d]
*** SHOW DOWN ***
_SKR shows [6d Ks] (One pair : 7)
Lasdecoeur91 shows [Kd Jc] (Two pairs : Jacks and 7)
Lasdecoeur91 collected 202 from pot
*** SUMMARY ***
Total pot 202 | No rake
Board: [3s 8d 7c Js 7d]
Seat 2: Lasdecoeur91 (button) showed [Kd Jc] and won 202 with Two pairs : Jacks and 7
Seat 3: _SKR (small blind) showed [6d Ks] and lost with One pair : 7


