Winamax Poker - Tournament "Expresso Nitro" buyIn: 1.86€ + 0.14€ level: 1 - HandId: #2694785540913364993-1-1674957113 - Holdem no limit (10/20) - 2023/01/29 01:51:53 UTC
Table: 'Expresso Nitro(627428652)#0' 3-max (real money) Seat #2 is the button
Seat 1: Scam4win (300)
Seat 2: AALL_IN (300)
Seat 3: _SKR (300)
*** ANTE/BLINDS ***
_SKR posts small blind 10
Scam4win posts big blind 20
Dealt to _SKR [3h Jc]
*** PRE-FLOP *** 
AALL_IN raises 20 to 40
_SKR folds
Scam4win folds
AALL_IN collected 70 from pot
*** SUMMARY ***
Total pot 70 | No rake
Seat 2: AALL_IN (button) won 70


Winamax Poker - Tournament "Expresso Nitro" buyIn: 1.86€ + 0.14€ level: 1 - HandId: #2694785540913364993-2-1674957129 - Holdem no limit (10/20) - 2023/01/29 01:52:09 UTC
Table: 'Expresso Nitro(627428652)#0' 3-max (real money) Seat #3 is the button
Seat 1: Scam4win (280)
Seat 2: AALL_IN (330)
Seat 3: _SKR (290)
*** ANTE/BLINDS ***
Scam4win posts small blind 10
AALL_IN posts big blind 20
Dealt to _SKR [Qc Kc]
*** PRE-FLOP *** 
_SKR raises 20 to 40
Scam4win calls 30
AALL_IN calls 20
*** FLOP *** [4c Jh 7s]
Scam4win bets 40
AALL_IN raises 250 to 290 and is all-in
_SKR folds
Scam4win folds
AALL_IN collected 450 from pot
*** SUMMARY ***
Total pot 450 | No rake
Board: [4c Jh 7s]
Seat 2: AALL_IN (big blind) won 450


Winamax Poker - Tournament "Expresso Nitro" buyIn: 1.86€ + 0.14€ level: 1 - HandId: #2694785540913364993-3-1674957166 - Holdem no limit (10/20) - 2023/01/29 01:52:46 UTC
Table: 'Expresso Nitro(627428652)#0' 3-max (real money) Seat #1 is the button
Seat 1: Scam4win (200)
Seat 2: AALL_IN (450)
Seat 3: _SKR (250)
*** ANTE/BLINDS ***
AALL_IN posts small blind 10
_SKR posts big blind 20
Dealt to _SKR [5s 7s]
*** PRE-FLOP *** 
Scam4win raises 180 to 200 and is all-in
AALL_IN folds
_SKR folds
Scam4win collected 230 from pot
*** SUMMARY ***
Total pot 230 | No rake
Seat 1: Scam4win (button) won 230


Winamax Poker - Tournament "Expresso Nitro" buyIn: 1.86€ + 0.14€ level: 2 - HandId: #2694785540913364993-4-1674957181 - Holdem no limit (15/30) - 2023/01/29 01:53:01 UTC
Table: 'Expresso Nitro(627428652)#0' 3-max (real money) Seat #2 is the button
Seat 1: Scam4win (230)
Seat 2: AALL_IN (440)
Seat 3: _SKR (230)
*** ANTE/BLINDS ***
_SKR posts small blind 15
Scam4win posts big blind 30
Dealt to _SKR [2h Ts]
*** PRE-FLOP *** 
AALL_IN folds
_SKR folds
Scam4win collected 45 from pot
*** SUMMARY ***
Total pot 45 | No rake
Seat 1: Scam4win (big blind) won 45


Winamax Poker - Tournament "Expresso Nitro" buyIn: 1.86€ + 0.14€ level: 2 - HandId: #2694785540913364993-5-1674957192 - Holdem no limit (15/30) - 2023/01/29 01:53:12 UTC
Table: 'Expresso Nitro(627428652)#0' 3-max (real money) Seat #3 is the button
Seat 1: Scam4win (245)
Seat 2: AALL_IN (440)
Seat 3: _SKR (215)
*** ANTE/BLINDS ***
Scam4win posts small blind 15
AALL_IN posts big blind 30
Dealt to _SKR [5d Kd]
*** PRE-FLOP *** 
_SKR folds
Scam4win raises 215 to 245 and is all-in
AALL_IN calls 215
*** FLOP *** [3d 8d 9c]
*** TURN *** [3d 8d 9c][3s]
*** RIVER *** [3d 8d 9c 3s][Qc]
*** SHOW DOWN ***
Scam4win shows [Jh 4h] (One pair : 3)
AALL_IN shows [6d 6c] (Two pairs : 6 and 3)
AALL_IN collected 490 from pot
*** SUMMARY ***
Total pot 490 | No rake
Board: [3d 8d 9c 3s Qc]
Seat 1: Scam4win (small blind) showed [Jh 4h] and lost with One pair : 3
Seat 2: AALL_IN (big blind) showed [6d 6c] and won 490 with Two pairs : 6 and 3


Winamax Poker - Tournament "Expresso Nitro" buyIn: 1.86€ + 0.14€ level: 2 - HandId: #2694785540913364993-6-1674957213 - Holdem no limit (15/30) - 2023/01/29 01:53:33 UTC
Table: 'Expresso Nitro(627428652)#0' 3-max (real money) Seat #2 is the button
Seat 2: AALL_IN (685)
Seat 3: _SKR (215)
*** ANTE/BLINDS ***
AALL_IN posts small blind 15
_SKR posts big blind 30
Dealt to _SKR [8h 2c]
*** PRE-FLOP *** 
AALL_IN calls 15
_SKR checks
*** FLOP *** [3d Ah Qs]
_SKR checks
AALL_IN bets 39
_SKR folds
AALL_IN collected 99 from pot
*** SUMMARY ***
Total pot 99 | No rake
Board: [3d Ah Qs]
Seat 2: AALL_IN (small blind) (button) won 99


Winamax Poker - Tournament "Expresso Nitro" buyIn: 1.86€ + 0.14€ level: 3 - HandId: #2694785540913364993-7-1674957236 - Holdem no limit (20/40) - 2023/01/29 01:53:56 UTC
Table: 'Expresso Nitro(627428652)#0' 3-max (real money) Seat #3 is the button
Seat 2: AALL_IN (715)
Seat 3: _SKR (185)
*** ANTE/BLINDS ***
_SKR posts small blind 20
AALL_IN posts big blind 40
Dealt to _SKR [7d 9d]
*** PRE-FLOP *** 
_SKR raises 145 to 185 and is all-in
AALL_IN calls 145
*** FLOP *** [Ac 2h 7h]
*** TURN *** [Ac 2h 7h][9h]
*** RIVER *** [Ac 2h 7h 9h][5d]
*** SHOW DOWN ***
AALL_IN shows [8d Ah] (One pair : Aces)
_SKR shows [7d 9d] (Two pairs : 9 and 7)
_SKR collected 370 from pot
*** SUMMARY ***
Total pot 370 | No rake
Board: [Ac 2h 7h 9h 5d]
Seat 2: AALL_IN (big blind) showed [8d Ah] and lost with One pair : Aces
Seat 3: _SKR (small blind) (button) showed [7d 9d] and won 370 with Two pairs : 9 and 7


Winamax Poker - Tournament "Expresso Nitro" buyIn: 1.86€ + 0.14€ level: 3 - HandId: #2694785540913364993-8-1674957250 - Holdem no limit (20/40) - 2023/01/29 01:54:10 UTC
Table: 'Expresso Nitro(627428652)#0' 3-max (real money) Seat #2 is the button
Seat 2: AALL_IN (530)
Seat 3: _SKR (370)
*** ANTE/BLINDS ***
AALL_IN posts small blind 20
_SKR posts big blind 40
Dealt to _SKR [4d Ah]
*** PRE-FLOP *** 
AALL_IN raises 40 to 80
_SKR raises 290 to 370 and is all-in
AALL_IN calls 290
*** FLOP *** [Ad 6c 4s]
*** TURN *** [Ad 6c 4s][8c]
*** RIVER *** [Ad 6c 4s 8c][Jd]
*** SHOW DOWN ***
AALL_IN shows [Ks 6d] (One pair : 6)
_SKR shows [4d Ah] (Two pairs : Aces and 4)
_SKR collected 740 from pot
*** SUMMARY ***
Total pot 740 | No rake
Board: [Ad 6c 4s 8c Jd]
Seat 2: AALL_IN (small blind) (button) showed [Ks 6d] and lost with One pair : 6
Seat 3: _SKR (big blind) showed [4d Ah] and won 740 with Two pairs : Aces and 4


Winamax Poker - Tournament "Expresso Nitro" buyIn: 1.86€ + 0.14€ level: 3 - HandId: #2694785540913364993-9-1674957266 - Holdem no limit (20/40) - 2023/01/29 01:54:26 UTC
Table: 'Expresso Nitro(627428652)#0' 3-max (real money) Seat #3 is the button
Seat 2: AALL_IN (160)
Seat 3: _SKR (740)
*** ANTE/BLINDS ***
_SKR posts small blind 20
AALL_IN posts big blind 40
Dealt to _SKR [8s 5s]
*** PRE-FLOP *** 
_SKR folds
AALL_IN collected 60 from pot
*** SUMMARY ***
Total pot 60 | No rake
Seat 2: AALL_IN (big blind) won 60


Winamax Poker - Tournament "Expresso Nitro" buyIn: 1.86€ + 0.14€ level: 3 - HandId: #2694785540913364993-10-1674957270 - Holdem no limit (20/40) - 2023/01/29 01:54:30 UTC
Table: 'Expresso Nitro(627428652)#0' 3-max (real money) Seat #2 is the button
Seat 2: AALL_IN (180)
Seat 3: _SKR (720)
*** ANTE/BLINDS ***
AALL_IN posts small blind 20
_SKR posts big blind 40
Dealt to _SKR [Ac 8h]
*** PRE-FLOP *** 
AALL_IN folds
_SKR collected 60 from pot
*** SUMMARY ***
Total pot 60 | No rake
Seat 3: _SKR (big blind) won 60


Winamax Poker - Tournament "Expresso Nitro" buyIn: 1.86€ + 0.14€ level: 3 - HandId: #2694785540913364993-11-1674957274 - Holdem no limit (20/40) - 2023/01/29 01:54:34 UTC
Table: 'Expresso Nitro(627428652)#0' 3-max (real money) Seat #3 is the button
Seat 2: AALL_IN (160)
Seat 3: _SKR (740)
*** ANTE/BLINDS ***
_SKR posts small blind 20
AALL_IN posts big blind 40
Dealt to _SKR [7d 4s]
*** PRE-FLOP *** 
_SKR folds
AALL_IN collected 60 from pot
*** SUMMARY ***
Total pot 60 | No rake
Seat 2: AALL_IN (big blind) won 60


Winamax Poker - Tournament "Expresso Nitro" buyIn: 1.86€ + 0.14€ level: 3 - HandId: #2694785540913364993-12-1674957277 - Holdem no limit (20/40) - 2023/01/29 01:54:37 UTC
Table: 'Expresso Nitro(627428652)#0' 3-max (real money) Seat #2 is the button
Seat 2: AALL_IN (180)
Seat 3: _SKR (720)
*** ANTE/BLINDS ***
AALL_IN posts small blind 20
_SKR posts big blind 40
Dealt to _SKR [8c 7s]
*** PRE-FLOP *** 
AALL_IN raises 140 to 180 and is all-in
_SKR folds
AALL_IN collected 220 from pot
*** SUMMARY ***
Total pot 220 | No rake
Seat 2: AALL_IN (small blind) (button) won 220


Winamax Poker - Tournament "Expresso Nitro" buyIn: 1.86€ + 0.14€ level: 3 - HandId: #2694785540913364993-13-1674957283 - Holdem no limit (20/40) - 2023/01/29 01:54:43 UTC
Table: 'Expresso Nitro(627428652)#0' 3-max (real money) Seat #3 is the button
Seat 2: AALL_IN (220)
Seat 3: _SKR (680)
*** ANTE/BLINDS ***
_SKR posts small blind 20
AALL_IN posts big blind 40
Dealt to _SKR [8d 4c]
*** PRE-FLOP *** 
_SKR folds
AALL_IN collected 60 from pot
*** SUMMARY ***
Total pot 60 | No rake
Seat 2: AALL_IN (big blind) won 60


Winamax Poker - Tournament "Expresso Nitro" buyIn: 1.86€ + 0.14€ level: 3 - HandId: #2694785540913364993-14-1674957287 - Holdem no limit (20/40) - 2023/01/29 01:54:47 UTC
Table: 'Expresso Nitro(627428652)#0' 3-max (real money) Seat #2 is the button
Seat 2: AALL_IN (240)
Seat 3: _SKR (660)
*** ANTE/BLINDS ***
AALL_IN posts small blind 20
_SKR posts big blind 40
Dealt to _SKR [6c Qc]
*** PRE-FLOP *** 
AALL_IN folds
_SKR collected 60 from pot
*** SUMMARY ***
Total pot 60 | No rake
Seat 3: _SKR (big blind) won 60


Winamax Poker - Tournament "Expresso Nitro" buyIn: 1.86€ + 0.14€ level: 4 - HandId: #2694785540913364993-15-1674957291 - Holdem no limit (30/60) - 2023/01/29 01:54:51 UTC
Table: 'Expresso Nitro(627428652)#0' 3-max (real money) Seat #3 is the button
Seat 2: AALL_IN (220)
Seat 3: _SKR (680)
*** ANTE/BLINDS ***
_SKR posts small blind 30
AALL_IN posts big blind 60
Dealt to _SKR [Td 8c]
*** PRE-FLOP *** 
_SKR folds
AALL_IN collected 90 from pot
*** SUMMARY ***
Total pot 90 | No rake
Seat 2: AALL_IN (big blind) won 90


Winamax Poker - Tournament "Expresso Nitro" buyIn: 1.86€ + 0.14€ level: 4 - HandId: #2694785540913364993-16-1674957294 - Holdem no limit (30/60) - 2023/01/29 01:54:54 UTC
Table: 'Expresso Nitro(627428652)#0' 3-max (real money) Seat #2 is the button
Seat 2: AALL_IN (250)
Seat 3: _SKR (650)
*** ANTE/BLINDS ***
AALL_IN posts small blind 30
_SKR posts big blind 60
Dealt to _SKR [Qc Ts]
*** PRE-FLOP *** 
AALL_IN raises 120 to 180
_SKR raises 470 to 650 and is all-in
AALL_IN calls 70 and is all-in
*** FLOP *** [7h 3h 5s]
*** TURN *** [7h 3h 5s][8d]
*** RIVER *** [7h 3h 5s 8d][5c]
*** SHOW DOWN ***
AALL_IN shows [5d Kc] (Trips of 5)
_SKR shows [Qc Ts] (One pair : 5)
_SKR collected 400 from side pot 1
AALL_IN collected 500 from main pot
*** SUMMARY ***
Total pot 900 | No rake
Board: [7h 3h 5s 8d 5c]
Seat 2: AALL_IN (small blind) (button) showed [5d Kc] and won 500 with Trips of 5
Seat 3: _SKR (big blind) showed [Qc Ts] and won 400 with One pair : 5


Winamax Poker - Tournament "Expresso Nitro" buyIn: 1.86€ + 0.14€ level: 4 - HandId: #2694785540913364993-17-1674957307 - Holdem no limit (30/60) - 2023/01/29 01:55:07 UTC
Table: 'Expresso Nitro(627428652)#0' 3-max (real money) Seat #3 is the button
Seat 2: AALL_IN (500)
Seat 3: _SKR (400)
*** ANTE/BLINDS ***
_SKR posts small blind 30
AALL_IN posts big blind 60
Dealt to _SKR [2c 9h]
*** PRE-FLOP *** 
_SKR folds
AALL_IN collected 90 from pot
*** SUMMARY ***
Total pot 90 | No rake
Seat 2: AALL_IN (big blind) won 90


Winamax Poker - Tournament "Expresso Nitro" buyIn: 1.86€ + 0.14€ level: 4 - HandId: #2694785540913364993-18-1674957311 - Holdem no limit (30/60) - 2023/01/29 01:55:11 UTC
Table: 'Expresso Nitro(627428652)#0' 3-max (real money) Seat #2 is the button
Seat 2: AALL_IN (530)
Seat 3: _SKR (370)
*** ANTE/BLINDS ***
AALL_IN posts small blind 30
_SKR posts big blind 60
Dealt to _SKR [3s 4h]
*** PRE-FLOP *** 
AALL_IN folds
_SKR collected 90 from pot
*** SUMMARY ***
Total pot 90 | No rake
Seat 3: _SKR (big blind) won 90


Winamax Poker - Tournament "Expresso Nitro" buyIn: 1.86€ + 0.14€ level: 4 - HandId: #2694785540913364993-19-1674957314 - Holdem no limit (30/60) - 2023/01/29 01:55:14 UTC
Table: 'Expresso Nitro(627428652)#0' 3-max (real money) Seat #3 is the button
Seat 2: AALL_IN (500)
Seat 3: _SKR (400)
*** ANTE/BLINDS ***
_SKR posts small blind 30
AALL_IN posts big blind 60
Dealt to _SKR [2s 8d]
*** PRE-FLOP *** 
_SKR folds
AALL_IN collected 90 from pot
*** SUMMARY ***
Total pot 90 | No rake
Seat 2: AALL_IN (big blind) won 90


Winamax Poker - Tournament "Expresso Nitro" buyIn: 1.86€ + 0.14€ level: 4 - HandId: #2694785540913364993-20-1674957318 - Holdem no limit (30/60) - 2023/01/29 01:55:18 UTC
Table: 'Expresso Nitro(627428652)#0' 3-max (real money) Seat #2 is the button
Seat 2: AALL_IN (530)
Seat 3: _SKR (370)
*** ANTE/BLINDS ***
AALL_IN posts small blind 30
_SKR posts big blind 60
Dealt to _SKR [Js 4s]
*** PRE-FLOP *** 
AALL_IN raises 470 to 530 and is all-in
_SKR folds
AALL_IN collected 590 from pot
*** SUMMARY ***
Total pot 590 | No rake
Seat 2: AALL_IN (small blind) (button) won 590


Winamax Poker - Tournament "Expresso Nitro" buyIn: 1.86€ + 0.14€ level: 4 - HandId: #2694785540913364993-21-1674957324 - Holdem no limit (30/60) - 2023/01/29 01:55:24 UTC
Table: 'Expresso Nitro(627428652)#0' 3-max (real money) Seat #3 is the button
Seat 2: AALL_IN (590)
Seat 3: _SKR (310)
*** ANTE/BLINDS ***
_SKR posts small blind 30
AALL_IN posts big blind 60
Dealt to _SKR [9d Ad]
*** PRE-FLOP *** 
_SKR raises 250 to 310 and is all-in
AALL_IN calls 250
*** FLOP *** [6c Qd Jh]
*** TURN *** [6c Qd Jh][7s]
*** RIVER *** [6c Qd Jh 7s][Tc]
*** SHOW DOWN ***
AALL_IN shows [4s Ah] (High card : Ace)
_SKR shows [9d Ad] (High card : Ace)
_SKR collected 620 from pot
*** SUMMARY ***
Total pot 620 | No rake
Board: [6c Qd Jh 7s Tc]
Seat 2: AALL_IN (big blind) showed [4s Ah] and lost with High card : Ace
Seat 3: _SKR (small blind) (button) showed [9d Ad] and won 620 with High card : Ace


Winamax Poker - Tournament "Expresso Nitro" buyIn: 1.86€ + 0.14€ level: 4 - HandId: #2694785540913364993-22-1674957340 - Holdem no limit (30/60) - 2023/01/29 01:55:40 UTC
Table: 'Expresso Nitro(627428652)#0' 3-max (real money) Seat #2 is the button
Seat 2: AALL_IN (280)
Seat 3: _SKR (620)
*** ANTE/BLINDS ***
AALL_IN posts small blind 30
_SKR posts big blind 60
Dealt to _SKR [Jc 6h]
*** PRE-FLOP *** 
AALL_IN folds
_SKR collected 90 from pot
*** SUMMARY ***
Total pot 90 | No rake
Seat 3: _SKR (big blind) won 90


Winamax Poker - Tournament "Expresso Nitro" buyIn: 1.86€ + 0.14€ level: 4 - HandId: #2694785540913364993-23-1674957343 - Holdem no limit (30/60) - 2023/01/29 01:55:43 UTC
Table: 'Expresso Nitro(627428652)#0' 3-max (real money) Seat #3 is the button
Seat 2: AALL_IN (250)
Seat 3: _SKR (650)
*** ANTE/BLINDS ***
_SKR posts small blind 30
AALL_IN posts big blind 60
Dealt to _SKR [5c Ah]
*** PRE-FLOP *** 
_SKR raises 590 to 650 and is all-in
AALL_IN calls 190 and is all-in
*** FLOP *** [6c Qd 9h]
*** TURN *** [6c Qd 9h][6s]
*** RIVER *** [6c Qd 9h 6s][4s]
*** SHOW DOWN ***
AALL_IN shows [Js Qc] (Two pairs : Queens and 6)
_SKR shows [5c Ah] (One pair : 6)
_SKR collected 400 from side pot 1
AALL_IN collected 500 from main pot
*** SUMMARY ***
Total pot 900 | No rake
Board: [6c Qd 9h 6s 4s]
Seat 2: AALL_IN (big blind) showed [Js Qc] and won 500 with Two pairs : Queens and 6
Seat 3: _SKR (small blind) (button) showed [5c Ah] and won 400 with One pair : 6


Winamax Poker - Tournament "Expresso Nitro" buyIn: 1.86€ + 0.14€ level: 5 - HandId: #2694785540913364993-24-1674957356 - Holdem no limit (40/80) - 2023/01/29 01:55:56 UTC
Table: 'Expresso Nitro(627428652)#0' 3-max (real money) Seat #2 is the button
Seat 2: AALL_IN (500)
Seat 3: _SKR (400)
*** ANTE/BLINDS ***
AALL_IN posts small blind 40
_SKR posts big blind 80
Dealt to _SKR [Qs Js]
*** PRE-FLOP *** 
AALL_IN raises 420 to 500 and is all-in
_SKR calls 320 and is all-in
*** FLOP *** [7h Ts 8c]
*** TURN *** [7h Ts 8c][4d]
*** RIVER *** [7h Ts 8c 4d][4h]
*** SHOW DOWN ***
_SKR shows [Qs Js] (One pair : 4)
AALL_IN shows [9h Ac] (One pair : 4)
AALL_IN collected 900 from pot
*** SUMMARY ***
Total pot 900 | No rake
Board: [7h Ts 8c 4d 4h]
Seat 2: AALL_IN (small blind) (button) showed [9h Ac] and won 900 with One pair : 4
Seat 3: _SKR (big blind) showed [Qs Js] and lost with One pair : 4


