Winamax Poker - Tournament "Expresso Nitro" buyIn: 0.93€ + 0.07€ level: 1 - HandId: #2717950133491728385-1-1676240918 - Holdem no limit (10/20) - 2023/02/12 22:28:38 UTC
Table: 'Expresso Nitro(632822079)#0' 3-max (real money) Seat #1 is the button
Seat 1: _SKR (300)
Seat 2: Blazerlo (300)
Seat 3: Ogre-9073285 (300)
*** ANTE/BLINDS ***
Blazerlo posts small blind 10
Ogre-9073285 posts big blind 20
Dealt to _SKR [8s Kh]
*** PRE-FLOP *** 
_SKR raises 20 to 40
Blazerlo folds
Ogre-9073285 folds
_SKR collected 70 from pot
*** SUMMARY ***
Total pot 70 | No rake
Seat 1: _SKR (button) won 70


Winamax Poker - Tournament "Expresso Nitro" buyIn: 0.93€ + 0.07€ level: 1 - HandId: #2717950133491728385-2-1676240927 - Holdem no limit (10/20) - 2023/02/12 22:28:47 UTC
Table: 'Expresso Nitro(632822079)#0' 3-max (real money) Seat #2 is the button
Seat 1: _SKR (330)
Seat 2: Blazerlo (290)
Seat 3: Ogre-9073285 (280)
*** ANTE/BLINDS ***
Ogre-9073285 posts small blind 10
_SKR posts big blind 20
Dealt to _SKR [Kc Qc]
*** PRE-FLOP *** 
Blazerlo folds
Ogre-9073285 calls 10
_SKR raises 310 to 330 and is all-in
Ogre-9073285 folds
_SKR collected 350 from pot
*** SUMMARY ***
Total pot 350 | No rake
Seat 1: _SKR (big blind) won 350


Winamax Poker - Tournament "Expresso Nitro" buyIn: 0.93€ + 0.07€ level: 1 - HandId: #2717950133491728385-3-1676240944 - Holdem no limit (10/20) - 2023/02/12 22:29:04 UTC
Table: 'Expresso Nitro(632822079)#0' 3-max (real money) Seat #3 is the button
Seat 1: _SKR (350)
Seat 2: Blazerlo (290)
Seat 3: Ogre-9073285 (260)
*** ANTE/BLINDS ***
_SKR posts small blind 10
Blazerlo posts big blind 20
Dealt to _SKR [2s Ks]
*** PRE-FLOP *** 
Ogre-9073285 folds
_SKR calls 10
Blazerlo checks
*** FLOP *** [5c 6h 7s]
_SKR checks
Blazerlo bets 40
_SKR folds
Blazerlo collected 80 from pot
*** SUMMARY ***
Total pot 80 | No rake
Board: [5c 6h 7s]
Seat 2: Blazerlo (big blind) won 80


Winamax Poker - Tournament "Expresso Nitro" buyIn: 0.93€ + 0.07€ level: 1 - HandId: #2717950133491728385-4-1676240964 - Holdem no limit (10/20) - 2023/02/12 22:29:24 UTC
Table: 'Expresso Nitro(632822079)#0' 3-max (real money) Seat #1 is the button
Seat 1: _SKR (330)
Seat 2: Blazerlo (310)
Seat 3: Ogre-9073285 (260)
*** ANTE/BLINDS ***
Blazerlo posts small blind 10
Ogre-9073285 posts big blind 20
Dealt to _SKR [9h 7c]
*** PRE-FLOP *** 
_SKR folds
Blazerlo raises 30 to 50
Ogre-9073285 raises 210 to 260 and is all-in
Blazerlo calls 210
*** FLOP *** [4h 3s 9s]
*** TURN *** [4h 3s 9s][Kd]
*** RIVER *** [4h 3s 9s Kd][Jh]
*** SHOW DOWN ***
Blazerlo shows [Qd 3d] (One pair : 3)
Ogre-9073285 shows [Ah 3h] (One pair : 3)
Ogre-9073285 collected 520 from pot
*** SUMMARY ***
Total pot 520 | No rake
Board: [4h 3s 9s Kd Jh]
Seat 2: Blazerlo (small blind) showed [Qd 3d] and lost with One pair : 3
Seat 3: Ogre-9073285 (big blind) showed [Ah 3h] and won 520 with One pair : 3


Winamax Poker - Tournament "Expresso Nitro" buyIn: 0.93€ + 0.07€ level: 2 - HandId: #2717950133491728385-5-1676240989 - Holdem no limit (15/30) - 2023/02/12 22:29:49 UTC
Table: 'Expresso Nitro(632822079)#0' 3-max (real money) Seat #2 is the button
Seat 1: _SKR (330)
Seat 2: Blazerlo (50)
Seat 3: Ogre-9073285 (520)
*** ANTE/BLINDS ***
Ogre-9073285 posts small blind 15
_SKR posts big blind 30
Dealt to _SKR [3c 4h]
*** PRE-FLOP *** 
Blazerlo raises 20 to 50 and is all-in
Ogre-9073285 calls 35
_SKR folds
*** FLOP *** [Td 9s 4c]
*** TURN *** [Td 9s 4c][Ah]
*** RIVER *** [Td 9s 4c Ah][Jh]
*** SHOW DOWN ***
Ogre-9073285 shows [9d 5d] (One pair : 9)
Blazerlo shows [Ad 3d] (One pair : Aces)
Blazerlo collected 130 from pot
*** SUMMARY ***
Total pot 130 | No rake
Board: [Td 9s 4c Ah Jh]
Seat 2: Blazerlo (button) showed [Ad 3d] and won 130 with One pair : Aces
Seat 3: Ogre-9073285 (small blind) showed [9d 5d] and lost with One pair : 9


Winamax Poker - Tournament "Expresso Nitro" buyIn: 0.93€ + 0.07€ level: 2 - HandId: #2717950133491728385-6-1676241004 - Holdem no limit (15/30) - 2023/02/12 22:30:04 UTC
Table: 'Expresso Nitro(632822079)#0' 3-max (real money) Seat #3 is the button
Seat 1: _SKR (300)
Seat 2: Blazerlo (130)
Seat 3: Ogre-9073285 (470)
*** ANTE/BLINDS ***
_SKR posts small blind 15
Blazerlo posts big blind 30
Dealt to _SKR [5c 8s]
*** PRE-FLOP *** 
Ogre-9073285 calls 30
_SKR folds
Blazerlo raises 100 to 130 and is all-in
Ogre-9073285 calls 100
*** FLOP *** [4s 4c 4d]
*** TURN *** [4s 4c 4d][Ac]
*** RIVER *** [4s 4c 4d Ac][Qc]
*** SHOW DOWN ***
Blazerlo shows [Js Td] (Trips of 4)
Ogre-9073285 shows [As Ad] (Full of Aces and 4)
Ogre-9073285 collected 275 from pot
*** SUMMARY ***
Total pot 275 | No rake
Board: [4s 4c 4d Ac Qc]
Seat 2: Blazerlo (big blind) showed [Js Td] and lost with Trips of 4
Seat 3: Ogre-9073285 (button) showed [As Ad] and won 275 with Full of Aces and 4


Winamax Poker - Tournament "Expresso Nitro" buyIn: 0.93€ + 0.07€ level: 2 - HandId: #2717950133491728385-7-1676241020 - Holdem no limit (15/30) - 2023/02/12 22:30:20 UTC
Table: 'Expresso Nitro(632822079)#0' 3-max (real money) Seat #3 is the button
Seat 1: _SKR (285)
Seat 3: Ogre-9073285 (615)
*** ANTE/BLINDS ***
Ogre-9073285 posts small blind 15
_SKR posts big blind 30
Dealt to _SKR [5d Jd]
*** PRE-FLOP *** 
Ogre-9073285 calls 15
_SKR checks
*** FLOP *** [As 5c 7h]
_SKR checks
Ogre-9073285 bets 30
_SKR calls 30
*** TURN *** [As 5c 7h][8h]
_SKR checks
Ogre-9073285 bets 30
_SKR folds
Ogre-9073285 collected 150 from pot
*** SUMMARY ***
Total pot 150 | No rake
Board: [As 5c 7h 8h]
Seat 3: Ogre-9073285 (small blind) (button) won 150


Winamax Poker - Tournament "Expresso Nitro" buyIn: 0.93€ + 0.07€ level: 3 - HandId: #2717950133491728385-8-1676241041 - Holdem no limit (20/40) - 2023/02/12 22:30:41 UTC
Table: 'Expresso Nitro(632822079)#0' 3-max (real money) Seat #1 is the button
Seat 1: _SKR (225)
Seat 3: Ogre-9073285 (675)
*** ANTE/BLINDS ***
_SKR posts small blind 20
Ogre-9073285 posts big blind 40
Dealt to _SKR [Jh Ts]
*** PRE-FLOP *** 
_SKR raises 185 to 225 and is all-in
Ogre-9073285 folds
_SKR collected 265 from pot
*** SUMMARY ***
Total pot 265 | No rake
Seat 1: _SKR (small blind) (button) won 265


Winamax Poker - Tournament "Expresso Nitro" buyIn: 0.93€ + 0.07€ level: 3 - HandId: #2717950133491728385-9-1676241047 - Holdem no limit (20/40) - 2023/02/12 22:30:47 UTC
Table: 'Expresso Nitro(632822079)#0' 3-max (real money) Seat #3 is the button
Seat 1: _SKR (265)
Seat 3: Ogre-9073285 (635)
*** ANTE/BLINDS ***
Ogre-9073285 posts small blind 20
_SKR posts big blind 40
Dealt to _SKR [Kh As]
*** PRE-FLOP *** 
Ogre-9073285 folds
_SKR collected 60 from pot
*** SUMMARY ***
Total pot 60 | No rake
Seat 1: _SKR (big blind) won 60


Winamax Poker - Tournament "Expresso Nitro" buyIn: 0.93€ + 0.07€ level: 3 - HandId: #2717950133491728385-10-1676241051 - Holdem no limit (20/40) - 2023/02/12 22:30:51 UTC
Table: 'Expresso Nitro(632822079)#0' 3-max (real money) Seat #1 is the button
Seat 1: _SKR (285)
Seat 3: Ogre-9073285 (615)
*** ANTE/BLINDS ***
_SKR posts small blind 20
Ogre-9073285 posts big blind 40
Dealt to _SKR [9s 7d]
*** PRE-FLOP *** 
_SKR folds
Ogre-9073285 collected 60 from pot
*** SUMMARY ***
Total pot 60 | No rake
Seat 3: Ogre-9073285 (big blind) won 60


Winamax Poker - Tournament "Expresso Nitro" buyIn: 0.93€ + 0.07€ level: 3 - HandId: #2717950133491728385-11-1676241055 - Holdem no limit (20/40) - 2023/02/12 22:30:55 UTC
Table: 'Expresso Nitro(632822079)#0' 3-max (real money) Seat #3 is the button
Seat 1: _SKR (265)
Seat 3: Ogre-9073285 (635)
*** ANTE/BLINDS ***
Ogre-9073285 posts small blind 20
_SKR posts big blind 40
Dealt to _SKR [3s 2d]
*** PRE-FLOP *** 
Ogre-9073285 folds
_SKR collected 60 from pot
*** SUMMARY ***
Total pot 60 | No rake
Seat 1: _SKR (big blind) won 60


Winamax Poker - Tournament "Expresso Nitro" buyIn: 0.93€ + 0.07€ level: 3 - HandId: #2717950133491728385-12-1676241058 - Holdem no limit (20/40) - 2023/02/12 22:30:58 UTC
Table: 'Expresso Nitro(632822079)#0' 3-max (real money) Seat #1 is the button
Seat 1: _SKR (285)
Seat 3: Ogre-9073285 (615)
*** ANTE/BLINDS ***
_SKR posts small blind 20
Ogre-9073285 posts big blind 40
Dealt to _SKR [3c 8s]
*** PRE-FLOP *** 
_SKR folds
Ogre-9073285 collected 60 from pot
*** SUMMARY ***
Total pot 60 | No rake
Seat 3: Ogre-9073285 (big blind) won 60


Winamax Poker - Tournament "Expresso Nitro" buyIn: 0.93€ + 0.07€ level: 3 - HandId: #2717950133491728385-13-1676241067 - Holdem no limit (20/40) - 2023/02/12 22:31:07 UTC
Table: 'Expresso Nitro(632822079)#0' 3-max (real money) Seat #3 is the button
Seat 1: _SKR (265)
Seat 3: Ogre-9073285 (635)
*** ANTE/BLINDS ***
Ogre-9073285 posts small blind 20
_SKR posts big blind 40
Dealt to _SKR [Kc Th]
*** PRE-FLOP *** 
Ogre-9073285 calls 20
_SKR raises 225 to 265 and is all-in
Ogre-9073285 calls 225
*** FLOP *** [Ks 4c 9s]
*** TURN *** [Ks 4c 9s][4s]
*** RIVER *** [Ks 4c 9s 4s][6h]
*** SHOW DOWN ***
Ogre-9073285 shows [Qh Js] (One pair : 4)
_SKR shows [Kc Th] (Two pairs : Kings and 4)
_SKR collected 530 from pot
*** SUMMARY ***
Total pot 530 | No rake
Board: [Ks 4c 9s 4s 6h]
Seat 1: _SKR (big blind) showed [Kc Th] and won 530 with Two pairs : Kings and 4
Seat 3: Ogre-9073285 (small blind) (button) showed [Qh Js] and lost with One pair : 4


Winamax Poker - Tournament "Expresso Nitro" buyIn: 0.93€ + 0.07€ level: 3 - HandId: #2717950133491728385-14-1676241082 - Holdem no limit (20/40) - 2023/02/12 22:31:22 UTC
Table: 'Expresso Nitro(632822079)#0' 3-max (real money) Seat #1 is the button
Seat 1: _SKR (530)
Seat 3: Ogre-9073285 (370)
*** ANTE/BLINDS ***
_SKR posts small blind 20
Ogre-9073285 posts big blind 40
Dealt to _SKR [7c Tc]
*** PRE-FLOP *** 
_SKR calls 20
Ogre-9073285 checks
*** FLOP *** [As 8c 6d]
Ogre-9073285 bets 40
_SKR folds
Ogre-9073285 collected 120 from pot
*** SUMMARY ***
Total pot 120 | No rake
Board: [As 8c 6d]
Seat 3: Ogre-9073285 (big blind) won 120


Winamax Poker - Tournament "Expresso Nitro" buyIn: 0.93€ + 0.07€ level: 3 - HandId: #2717950133491728385-15-1676241091 - Holdem no limit (20/40) - 2023/02/12 22:31:31 UTC
Table: 'Expresso Nitro(632822079)#0' 3-max (real money) Seat #3 is the button
Seat 1: _SKR (490)
Seat 3: Ogre-9073285 (410)
*** ANTE/BLINDS ***
Ogre-9073285 posts small blind 20
_SKR posts big blind 40
Dealt to _SKR [Qs 9c]
*** PRE-FLOP *** 
Ogre-9073285 folds
_SKR collected 60 from pot
*** SUMMARY ***
Total pot 60 | No rake
Seat 1: _SKR (big blind) won 60


Winamax Poker - Tournament "Expresso Nitro" buyIn: 0.93€ + 0.07€ level: 4 - HandId: #2717950133491728385-16-1676241095 - Holdem no limit (30/60) - 2023/02/12 22:31:35 UTC
Table: 'Expresso Nitro(632822079)#0' 3-max (real money) Seat #1 is the button
Seat 1: _SKR (510)
Seat 3: Ogre-9073285 (390)
*** ANTE/BLINDS ***
_SKR posts small blind 30
Ogre-9073285 posts big blind 60
Dealt to _SKR [5c Jh]
*** PRE-FLOP *** 
_SKR folds
Ogre-9073285 collected 90 from pot
*** SUMMARY ***
Total pot 90 | No rake
Seat 3: Ogre-9073285 (big blind) won 90


Winamax Poker - Tournament "Expresso Nitro" buyIn: 0.93€ + 0.07€ level: 4 - HandId: #2717950133491728385-17-1676241099 - Holdem no limit (30/60) - 2023/02/12 22:31:39 UTC
Table: 'Expresso Nitro(632822079)#0' 3-max (real money) Seat #3 is the button
Seat 1: _SKR (480)
Seat 3: Ogre-9073285 (420)
*** ANTE/BLINDS ***
Ogre-9073285 posts small blind 30
_SKR posts big blind 60
Dealt to _SKR [5s 8s]
*** PRE-FLOP *** 
Ogre-9073285 calls 30
_SKR checks
*** FLOP *** [2h Kd Ah]
_SKR checks
Ogre-9073285 bets 60
_SKR folds
Ogre-9073285 collected 180 from pot
*** SUMMARY ***
Total pot 180 | No rake
Board: [2h Kd Ah]
Seat 3: Ogre-9073285 (small blind) (button) won 180


Winamax Poker - Tournament "Expresso Nitro" buyIn: 0.93€ + 0.07€ level: 4 - HandId: #2717950133491728385-18-1676241134 - Holdem no limit (30/60) - 2023/02/12 22:32:14 UTC
Table: 'Expresso Nitro(632822079)#0' 3-max (real money) Seat #1 is the button
Seat 1: _SKR (420)
Seat 3: Ogre-9073285 (480)
*** ANTE/BLINDS ***
_SKR posts small blind 30
Ogre-9073285 posts big blind 60
Dealt to _SKR [Kd 2s]
*** PRE-FLOP *** 
_SKR raises 360 to 420 and is all-in
Ogre-9073285 folds
_SKR collected 480 from pot
*** SUMMARY ***
Total pot 480 | No rake
Seat 1: _SKR (small blind) (button) won 480


Winamax Poker - Tournament "Expresso Nitro" buyIn: 0.93€ + 0.07€ level: 4 - HandId: #2717950133491728385-19-1676241140 - Holdem no limit (30/60) - 2023/02/12 22:32:20 UTC
Table: 'Expresso Nitro(632822079)#0' 3-max (real money) Seat #3 is the button
Seat 1: _SKR (480)
Seat 3: Ogre-9073285 (420)
*** ANTE/BLINDS ***
Ogre-9073285 posts small blind 30
_SKR posts big blind 60
Dealt to _SKR [5s Qd]
*** PRE-FLOP *** 
Ogre-9073285 folds
_SKR collected 90 from pot
*** SUMMARY ***
Total pot 90 | No rake
Seat 1: _SKR (big blind) won 90


Winamax Poker - Tournament "Expresso Nitro" buyIn: 0.93€ + 0.07€ level: 4 - HandId: #2717950133491728385-20-1676241144 - Holdem no limit (30/60) - 2023/02/12 22:32:24 UTC
Table: 'Expresso Nitro(632822079)#0' 3-max (real money) Seat #1 is the button
Seat 1: _SKR (510)
Seat 3: Ogre-9073285 (390)
*** ANTE/BLINDS ***
_SKR posts small blind 30
Ogre-9073285 posts big blind 60
Dealt to _SKR [Kh Jh]
*** PRE-FLOP *** 
_SKR raises 450 to 510 and is all-in
Ogre-9073285 folds
_SKR collected 570 from pot
*** SUMMARY ***
Total pot 570 | No rake
Seat 1: _SKR (small blind) (button) won 570


Winamax Poker - Tournament "Expresso Nitro" buyIn: 0.93€ + 0.07€ level: 4 - HandId: #2717950133491728385-21-1676241153 - Holdem no limit (30/60) - 2023/02/12 22:32:33 UTC
Table: 'Expresso Nitro(632822079)#0' 3-max (real money) Seat #3 is the button
Seat 1: _SKR (570)
Seat 3: Ogre-9073285 (330)
*** ANTE/BLINDS ***
Ogre-9073285 posts small blind 30
_SKR posts big blind 60
Dealt to _SKR [7d 4s]
*** PRE-FLOP *** 
Ogre-9073285 calls 30
_SKR checks
*** FLOP *** [Kh 8s 2c]
_SKR checks
Ogre-9073285 checks
*** TURN *** [Kh 8s 2c][6d]
_SKR checks
Ogre-9073285 checks
*** RIVER *** [Kh 8s 2c 6d][5d]
_SKR bets 96
Ogre-9073285 folds
_SKR collected 216 from pot
*** SUMMARY ***
Total pot 216 | No rake
Board: [Kh 8s 2c 6d 5d]
Seat 1: _SKR (big blind) won 216


Winamax Poker - Tournament "Expresso Nitro" buyIn: 0.93€ + 0.07€ level: 5 - HandId: #2717950133491728385-22-1676241179 - Holdem no limit (40/80) - 2023/02/12 22:32:59 UTC
Table: 'Expresso Nitro(632822079)#0' 3-max (real money) Seat #1 is the button
Seat 1: _SKR (630)
Seat 3: Ogre-9073285 (270)
*** ANTE/BLINDS ***
_SKR posts small blind 40
Ogre-9073285 posts big blind 80
Dealt to _SKR [5d 7s]
*** PRE-FLOP *** 
_SKR folds
Ogre-9073285 collected 120 from pot
*** SUMMARY ***
Total pot 120 | No rake
Seat 3: Ogre-9073285 (big blind) won 120


Winamax Poker - Tournament "Expresso Nitro" buyIn: 0.93€ + 0.07€ level: 5 - HandId: #2717950133491728385-23-1676241184 - Holdem no limit (40/80) - 2023/02/12 22:33:04 UTC
Table: 'Expresso Nitro(632822079)#0' 3-max (real money) Seat #3 is the button
Seat 1: _SKR (590)
Seat 3: Ogre-9073285 (310)
*** ANTE/BLINDS ***
Ogre-9073285 posts small blind 40
_SKR posts big blind 80
Dealt to _SKR [Tc Jc]
*** PRE-FLOP *** 
Ogre-9073285 folds
_SKR collected 120 from pot
*** SUMMARY ***
Total pot 120 | No rake
Seat 1: _SKR (big blind) won 120


Winamax Poker - Tournament "Expresso Nitro" buyIn: 0.93€ + 0.07€ level: 5 - HandId: #2717950133491728385-24-1676241188 - Holdem no limit (40/80) - 2023/02/12 22:33:08 UTC
Table: 'Expresso Nitro(632822079)#0' 3-max (real money) Seat #1 is the button
Seat 1: _SKR (630)
Seat 3: Ogre-9073285 (270)
*** ANTE/BLINDS ***
_SKR posts small blind 40
Ogre-9073285 posts big blind 80
Dealt to _SKR [Jc Kd]
*** PRE-FLOP *** 
_SKR raises 550 to 630 and is all-in
Ogre-9073285 folds
_SKR collected 710 from pot
*** SUMMARY ***
Total pot 710 | No rake
Seat 1: _SKR (small blind) (button) won 710


Winamax Poker - Tournament "Expresso Nitro" buyIn: 0.93€ + 0.07€ level: 5 - HandId: #2717950133491728385-25-1676241198 - Holdem no limit (40/80) - 2023/02/12 22:33:18 UTC
Table: 'Expresso Nitro(632822079)#0' 3-max (real money) Seat #3 is the button
Seat 1: _SKR (710)
Seat 3: Ogre-9073285 (190)
*** ANTE/BLINDS ***
Ogre-9073285 posts small blind 40
_SKR posts big blind 80
Dealt to _SKR [Ah 4s]
*** PRE-FLOP *** 
Ogre-9073285 raises 110 to 190 and is all-in
_SKR raises 110 to 300
*** FLOP *** [Ac Jh Jd]
*** TURN *** [Ac Jh Jd][Tc]
*** RIVER *** [Ac Jh Jd Tc][3c]
*** SHOW DOWN ***
Ogre-9073285 shows [2h Kh] (One pair : Jacks)
_SKR shows [Ah 4s] (Two pairs : Aces and Jacks)
_SKR collected 490 from pot
*** SUMMARY ***
Total pot 490 | No rake
Board: [Ac Jh Jd Tc 3c]
Seat 1: _SKR (big blind) showed [Ah 4s] and won 490 with Two pairs : Aces and Jacks
Seat 3: Ogre-9073285 (small blind) (button) showed [2h Kh] and lost with One pair : Jacks


