Winamax Poker - Tournament "Expresso Nitro" buyIn: 0.93€ + 0.07€ level: 1 - HandId: #2721182732037128193-1-1676418570 - Holdem no limit (10/20) - 2023/02/14 23:49:30 UTC
Table: 'Expresso Nitro(633574727)#0' 3-max (real money) Seat #1 is the button
Seat 1: kevin155 (300)
Seat 2: Vicos9393 (300)
Seat 3: _SKR (300)
*** ANTE/BLINDS ***
Vicos9393 posts small blind 10
_SKR posts big blind 20
Dealt to _SKR [5s Ts]
*** PRE-FLOP *** 
kevin155 folds
Vicos9393 calls 10
_SKR checks
*** FLOP *** [6s 5h Qd]
Vicos9393 checks
_SKR checks
*** TURN *** [6s 5h Qd][Jh]
Vicos9393 checks
_SKR checks
*** RIVER *** [6s 5h Qd Jh][3s]
Vicos9393 checks
_SKR checks
*** SHOW DOWN ***
Vicos9393 shows [Ks 4s] (High card : King)
_SKR shows [5s Ts] (One pair : 5)
_SKR collected 40 from pot
*** SUMMARY ***
Total pot 40 | No rake
Board: [6s 5h Qd Jh 3s]
Seat 2: Vicos9393 (small blind) showed [Ks 4s] and lost with High card : King
Seat 3: _SKR (big blind) showed [5s Ts] and won 40 with One pair : 5


Winamax Poker - Tournament "Expresso Nitro" buyIn: 0.93€ + 0.07€ level: 1 - HandId: #2721182732037128193-2-1676418596 - Holdem no limit (10/20) - 2023/02/14 23:49:56 UTC
Table: 'Expresso Nitro(633574727)#0' 3-max (real money) Seat #2 is the button
Seat 1: kevin155 (300)
Seat 2: Vicos9393 (280)
Seat 3: _SKR (320)
*** ANTE/BLINDS ***
_SKR posts small blind 10
kevin155 posts big blind 20
Dealt to _SKR [Qh 4c]
*** PRE-FLOP *** 
Vicos9393 folds
_SKR calls 10
kevin155 raises 20 to 40
_SKR folds
kevin155 collected 60 from pot
*** SUMMARY ***
Total pot 60 | No rake
Seat 1: kevin155 (big blind) won 60


Winamax Poker - Tournament "Expresso Nitro" buyIn: 0.93€ + 0.07€ level: 1 - HandId: #2721182732037128193-3-1676418609 - Holdem no limit (10/20) - 2023/02/14 23:50:09 UTC
Table: 'Expresso Nitro(633574727)#0' 3-max (real money) Seat #3 is the button
Seat 1: kevin155 (320)
Seat 2: Vicos9393 (280)
Seat 3: _SKR (300)
*** ANTE/BLINDS ***
kevin155 posts small blind 10
Vicos9393 posts big blind 20
Dealt to _SKR [8d Ts]
*** PRE-FLOP *** 
_SKR folds
kevin155 calls 10
Vicos9393 checks
*** FLOP *** [Kc 4s 3h]
kevin155 bets 70
Vicos9393 calls 70
*** TURN *** [Kc 4s 3h][Ah]
kevin155 checks
Vicos9393 checks
*** RIVER *** [Kc 4s 3h Ah][6d]
kevin155 checks
Vicos9393 bets 63
kevin155 folds
Vicos9393 collected 243 from pot
*** SUMMARY ***
Total pot 243 | No rake
Board: [Kc 4s 3h Ah 6d]
Seat 2: Vicos9393 (big blind) won 243


Winamax Poker - Tournament "Expresso Nitro" buyIn: 0.93€ + 0.07€ level: 2 - HandId: #2721182732037128193-4-1676418633 - Holdem no limit (15/30) - 2023/02/14 23:50:33 UTC
Table: 'Expresso Nitro(633574727)#0' 3-max (real money) Seat #1 is the button
Seat 1: kevin155 (230)
Seat 2: Vicos9393 (370)
Seat 3: _SKR (300)
*** ANTE/BLINDS ***
Vicos9393 posts small blind 15
_SKR posts big blind 30
Dealt to _SKR [2d 8h]
*** PRE-FLOP *** 
kevin155 folds
Vicos9393 calls 15
_SKR checks
*** FLOP *** [Th 7h 9h]
Vicos9393 checks
_SKR checks
*** TURN *** [Th 7h 9h][Ac]
Vicos9393 checks
_SKR checks
*** RIVER *** [Th 7h 9h Ac][Jd]
Vicos9393 checks
_SKR bets 39
Vicos9393 calls 39
*** SHOW DOWN ***
Vicos9393 shows [Ts 6h] (One pair : Tens)
_SKR shows [2d 8h] (Straight Jack high)
_SKR collected 138 from pot
*** SUMMARY ***
Total pot 138 | No rake
Board: [Th 7h 9h Ac Jd]
Seat 2: Vicos9393 (small blind) showed [Ts 6h] and lost with One pair : Tens
Seat 3: _SKR (big blind) showed [2d 8h] and won 138 with Straight Jack high


Winamax Poker - Tournament "Expresso Nitro" buyIn: 0.93€ + 0.07€ level: 2 - HandId: #2721182732037128193-5-1676418677 - Holdem no limit (15/30) - 2023/02/14 23:51:17 UTC
Table: 'Expresso Nitro(633574727)#0' 3-max (real money) Seat #2 is the button
Seat 1: kevin155 (230)
Seat 2: Vicos9393 (301)
Seat 3: _SKR (369)
*** ANTE/BLINDS ***
_SKR posts small blind 15
kevin155 posts big blind 30
Dealt to _SKR [Ac 8c]
*** PRE-FLOP *** 
Vicos9393 folds
_SKR raises 339 to 369 and is all-in
kevin155 folds
_SKR collected 399 from pot
*** SUMMARY ***
Total pot 399 | No rake
Seat 3: _SKR (small blind) won 399


Winamax Poker - Tournament "Expresso Nitro" buyIn: 0.93€ + 0.07€ level: 2 - HandId: #2721182732037128193-6-1676418685 - Holdem no limit (15/30) - 2023/02/14 23:51:25 UTC
Table: 'Expresso Nitro(633574727)#0' 3-max (real money) Seat #3 is the button
Seat 1: kevin155 (200)
Seat 2: Vicos9393 (301)
Seat 3: _SKR (399)
*** ANTE/BLINDS ***
kevin155 posts small blind 15
Vicos9393 posts big blind 30
Dealt to _SKR [3c 8c]
*** PRE-FLOP *** 
_SKR folds
kevin155 raises 30 to 60
Vicos9393 raises 241 to 301 and is all-in
kevin155 calls 140 and is all-in
*** FLOP *** [Ah 5d 9d]
*** TURN *** [Ah 5d 9d][Td]
*** RIVER *** [Ah 5d 9d Td][Js]
*** SHOW DOWN ***
kevin155 shows [Qs Kh] (Straight Ace high)
Vicos9393 shows [4s 4c] (One pair : 4)
Vicos9393 collected 101 from side pot 1
kevin155 collected 400 from main pot
*** SUMMARY ***
Total pot 501 | No rake
Board: [Ah 5d 9d Td Js]
Seat 1: kevin155 (small blind) showed [Qs Kh] and won 400 with Straight Ace high
Seat 2: Vicos9393 (big blind) showed [4s 4c] and won 101 with One pair : 4


Winamax Poker - Tournament "Expresso Nitro" buyIn: 0.93€ + 0.07€ level: 3 - HandId: #2721182732037128193-7-1676418701 - Holdem no limit (20/40) - 2023/02/14 23:51:41 UTC
Table: 'Expresso Nitro(633574727)#0' 3-max (real money) Seat #1 is the button
Seat 1: kevin155 (400)
Seat 2: Vicos9393 (101)
Seat 3: _SKR (399)
*** ANTE/BLINDS ***
Vicos9393 posts small blind 20
_SKR posts big blind 40
Dealt to _SKR [Qc Kh]
*** PRE-FLOP *** 
kevin155 raises 40 to 80
Vicos9393 folds
_SKR raises 319 to 399 and is all-in
kevin155 calls 319
*** FLOP *** [2s 2d 9h]
*** TURN *** [2s 2d 9h][Th]
*** RIVER *** [2s 2d 9h Th][4h]
*** SHOW DOWN ***
_SKR shows [Qc Kh] (One pair : 2)
kevin155 shows [9d Kd] (Two pairs : 9 and 2)
kevin155 collected 818 from pot
*** SUMMARY ***
Total pot 818 | No rake
Board: [2s 2d 9h Th 4h]
Seat 1: kevin155 (button) showed [9d Kd] and won 818 with Two pairs : 9 and 2
Seat 3: _SKR (big blind) showed [Qc Kh] and lost with One pair : 2


