Winamax Poker - Tournament "Expresso Nitro" buyIn: 0.93€ + 0.07€ level: 1 - HandId: #2729602822147407873-1-1676921599 - Holdem no limit (10/20) - 2023/02/20 19:33:19 UTC
Table: 'Expresso Nitro(635535182)#0' 3-max (real money) Seat #3 is the button
Seat 1: AAvogadroo (300)
Seat 2: _SKR (300)
Seat 3: ALONSITO00 (300)
*** ANTE/BLINDS ***
AAvogadroo posts small blind 10
_SKR posts big blind 20
Dealt to _SKR [4h Kc]
*** PRE-FLOP *** 
ALONSITO00 folds
AAvogadroo folds
_SKR collected 30 from pot
*** SUMMARY ***
Total pot 30 | No rake
Seat 2: _SKR (big blind) won 30


Winamax Poker - Tournament "Expresso Nitro" buyIn: 0.93€ + 0.07€ level: 1 - HandId: #2729602822147407873-2-1676921610 - Holdem no limit (10/20) - 2023/02/20 19:33:30 UTC
Table: 'Expresso Nitro(635535182)#0' 3-max (real money) Seat #1 is the button
Seat 1: AAvogadroo (290)
Seat 2: _SKR (310)
Seat 3: ALONSITO00 (300)
*** ANTE/BLINDS ***
_SKR posts small blind 10
ALONSITO00 posts big blind 20
Dealt to _SKR [Ks Ah]
*** PRE-FLOP *** 
AAvogadroo folds
_SKR raises 20 to 40
ALONSITO00 calls 20
*** FLOP *** [2d 5d 6s]
_SKR checks
ALONSITO00 checks
*** TURN *** [2d 5d 6s][Ad]
_SKR bets 40
ALONSITO00 calls 40
*** RIVER *** [2d 5d 6s Ad][Js]
_SKR bets 80
ALONSITO00 folds
_SKR collected 240 from pot
*** SUMMARY ***
Total pot 240 | No rake
Board: [2d 5d 6s Ad Js]
Seat 2: _SKR (small blind) won 240


Winamax Poker - Tournament "Expresso Nitro" buyIn: 0.93€ + 0.07€ level: 1 - HandId: #2729602822147407873-3-1676921637 - Holdem no limit (10/20) - 2023/02/20 19:33:57 UTC
Table: 'Expresso Nitro(635535182)#0' 3-max (real money) Seat #2 is the button
Seat 1: AAvogadroo (290)
Seat 2: _SKR (390)
Seat 3: ALONSITO00 (220)
*** ANTE/BLINDS ***
ALONSITO00 posts small blind 10
AAvogadroo posts big blind 20
Dealt to _SKR [4h 7s]
*** PRE-FLOP *** 
_SKR folds
ALONSITO00 raises 20 to 40
AAvogadroo folds
ALONSITO00 collected 60 from pot
*** SUMMARY ***
Total pot 60 | No rake
Seat 3: ALONSITO00 (small blind) won 60


Winamax Poker - Tournament "Expresso Nitro" buyIn: 0.93€ + 0.07€ level: 1 - HandId: #2729602822147407873-4-1676921646 - Holdem no limit (10/20) - 2023/02/20 19:34:06 UTC
Table: 'Expresso Nitro(635535182)#0' 3-max (real money) Seat #3 is the button
Seat 1: AAvogadroo (270)
Seat 2: _SKR (390)
Seat 3: ALONSITO00 (240)
*** ANTE/BLINDS ***
AAvogadroo posts small blind 10
_SKR posts big blind 20
Dealt to _SKR [4s Qc]
*** PRE-FLOP *** 
ALONSITO00 folds
AAvogadroo folds
_SKR collected 30 from pot
*** SUMMARY ***
Total pot 30 | No rake
Seat 2: _SKR (big blind) won 30


Winamax Poker - Tournament "Expresso Nitro" buyIn: 0.93€ + 0.07€ level: 1 - HandId: #2729602822147407873-5-1676921654 - Holdem no limit (10/20) - 2023/02/20 19:34:14 UTC
Table: 'Expresso Nitro(635535182)#0' 3-max (real money) Seat #1 is the button
Seat 1: AAvogadroo (260)
Seat 2: _SKR (400)
Seat 3: ALONSITO00 (240)
*** ANTE/BLINDS ***
_SKR posts small blind 10
ALONSITO00 posts big blind 20
Dealt to _SKR [7c Js]
*** PRE-FLOP *** 
AAvogadroo raises 240 to 260 and is all-in
_SKR folds
ALONSITO00 folds
AAvogadroo collected 290 from pot
*** SUMMARY ***
Total pot 290 | No rake
Seat 1: AAvogadroo (button) won 290


Winamax Poker - Tournament "Expresso Nitro" buyIn: 0.93€ + 0.07€ level: 2 - HandId: #2729602822147407873-6-1676921663 - Holdem no limit (15/30) - 2023/02/20 19:34:23 UTC
Table: 'Expresso Nitro(635535182)#0' 3-max (real money) Seat #2 is the button
Seat 1: AAvogadroo (290)
Seat 2: _SKR (390)
Seat 3: ALONSITO00 (220)
*** ANTE/BLINDS ***
ALONSITO00 posts small blind 15
AAvogadroo posts big blind 30
Dealt to _SKR [9d 3d]
*** PRE-FLOP *** 
_SKR folds
ALONSITO00 raises 190 to 220 and is all-in
AAvogadroo calls 190
*** FLOP *** [Jc 4h As]
*** TURN *** [Jc 4h As][8d]
*** RIVER *** [Jc 4h As 8d][7c]
*** SHOW DOWN ***
ALONSITO00 shows [3h Kc] (High card : Ace)
AAvogadroo shows [Kd 8c] (One pair : 8)
AAvogadroo collected 440 from pot
*** SUMMARY ***
Total pot 440 | No rake
Board: [Jc 4h As 8d 7c]
Seat 1: AAvogadroo (big blind) showed [Kd 8c] and won 440 with One pair : 8
Seat 3: ALONSITO00 (small blind) showed [3h Kc] and lost with High card : Ace


Winamax Poker - Tournament "Expresso Nitro" buyIn: 0.93€ + 0.07€ level: 2 - HandId: #2729602822147407873-7-1676921693 - Holdem no limit (15/30) - 2023/02/20 19:34:53 UTC
Table: 'Expresso Nitro(635535182)#0' 3-max (real money) Seat #1 is the button
Seat 1: AAvogadroo (510)
Seat 2: _SKR (390)
*** ANTE/BLINDS ***
AAvogadroo posts small blind 15
_SKR posts big blind 30
Dealt to _SKR [Th 6s]
*** PRE-FLOP *** 
AAvogadroo folds
_SKR collected 45 from pot
*** SUMMARY ***
Total pot 45 | No rake
Seat 2: _SKR (big blind) won 45


Winamax Poker - Tournament "Expresso Nitro" buyIn: 0.93€ + 0.07€ level: 2 - HandId: #2729602822147407873-8-1676921696 - Holdem no limit (15/30) - 2023/02/20 19:34:56 UTC
Table: 'Expresso Nitro(635535182)#0' 3-max (real money) Seat #2 is the button
Seat 1: AAvogadroo (495)
Seat 2: _SKR (405)
*** ANTE/BLINDS ***
_SKR posts small blind 15
AAvogadroo posts big blind 30
Dealt to _SKR [6c 8d]
*** PRE-FLOP *** 
_SKR folds
AAvogadroo collected 45 from pot
*** SUMMARY ***
Total pot 45 | No rake
Seat 1: AAvogadroo (big blind) won 45


Winamax Poker - Tournament "Expresso Nitro" buyIn: 0.93€ + 0.07€ level: 2 - HandId: #2729602822147407873-9-1676921701 - Holdem no limit (15/30) - 2023/02/20 19:35:01 UTC
Table: 'Expresso Nitro(635535182)#0' 3-max (real money) Seat #1 is the button
Seat 1: AAvogadroo (510)
Seat 2: _SKR (390)
*** ANTE/BLINDS ***
AAvogadroo posts small blind 15
_SKR posts big blind 30
Dealt to _SKR [6c Jd]
*** PRE-FLOP *** 
AAvogadroo calls 15
_SKR checks
*** FLOP *** [2d 3h Tc]
_SKR checks
AAvogadroo bets 45
_SKR folds
AAvogadroo collected 105 from pot
*** SUMMARY ***
Total pot 105 | No rake
Board: [2d 3h Tc]
Seat 1: AAvogadroo (small blind) (button) won 105


Winamax Poker - Tournament "Expresso Nitro" buyIn: 0.93€ + 0.07€ level: 3 - HandId: #2729602822147407873-10-1676921724 - Holdem no limit (20/40) - 2023/02/20 19:35:24 UTC
Table: 'Expresso Nitro(635535182)#0' 3-max (real money) Seat #2 is the button
Seat 1: AAvogadroo (540)
Seat 2: _SKR (360)
*** ANTE/BLINDS ***
_SKR posts small blind 20
AAvogadroo posts big blind 40
Dealt to _SKR [Jh As]
*** PRE-FLOP *** 
_SKR raises 320 to 360 and is all-in
AAvogadroo folds
_SKR collected 400 from pot
*** SUMMARY ***
Total pot 400 | No rake
Seat 2: _SKR (small blind) (button) won 400


Winamax Poker - Tournament "Expresso Nitro" buyIn: 0.93€ + 0.07€ level: 3 - HandId: #2729602822147407873-11-1676921733 - Holdem no limit (20/40) - 2023/02/20 19:35:33 UTC
Table: 'Expresso Nitro(635535182)#0' 3-max (real money) Seat #1 is the button
Seat 1: AAvogadroo (500)
Seat 2: _SKR (400)
*** ANTE/BLINDS ***
AAvogadroo posts small blind 20
_SKR posts big blind 40
Dealt to _SKR [3h Ac]
*** PRE-FLOP *** 
AAvogadroo raises 460 to 500 and is all-in
_SKR calls 360 and is all-in
*** FLOP *** [2s 2d Tc]
*** TURN *** [2s 2d Tc][Ks]
*** RIVER *** [2s 2d Tc Ks][9d]
*** SHOW DOWN ***
AAvogadroo shows [Ad 7s] (One pair : 2)
_SKR shows [3h Ac] (One pair : 2)
_SKR collected 400 from main pot
AAvogadroo collected 500 from side pot 1
*** SUMMARY ***
Total pot 900 | No rake
Board: [2s 2d Tc Ks 9d]
Seat 1: AAvogadroo (small blind) (button) showed [Ad 7s] and won 500 with One pair : 2
Seat 2: _SKR (big blind) showed [3h Ac] and won 400 with One pair : 2


Winamax Poker - Tournament "Expresso Nitro" buyIn: 0.93€ + 0.07€ level: 3 - HandId: #2729602822147407873-12-1676921746 - Holdem no limit (20/40) - 2023/02/20 19:35:46 UTC
Table: 'Expresso Nitro(635535182)#0' 3-max (real money) Seat #2 is the button
Seat 1: AAvogadroo (500)
Seat 2: _SKR (400)
*** ANTE/BLINDS ***
_SKR posts small blind 20
AAvogadroo posts big blind 40
Dealt to _SKR [Ts 4s]
*** PRE-FLOP *** 
_SKR folds
AAvogadroo collected 60 from pot
*** SUMMARY ***
Total pot 60 | No rake
Seat 1: AAvogadroo (big blind) won 60


Winamax Poker - Tournament "Expresso Nitro" buyIn: 0.93€ + 0.07€ level: 3 - HandId: #2729602822147407873-13-1676921753 - Holdem no limit (20/40) - 2023/02/20 19:35:53 UTC
Table: 'Expresso Nitro(635535182)#0' 3-max (real money) Seat #1 is the button
Seat 1: AAvogadroo (520)
Seat 2: _SKR (380)
*** ANTE/BLINDS ***
AAvogadroo posts small blind 20
_SKR posts big blind 40
Dealt to _SKR [Qh 7c]
*** PRE-FLOP *** 
AAvogadroo calls 20
_SKR raises 60 to 100
AAvogadroo folds
_SKR collected 140 from pot
*** SUMMARY ***
Total pot 140 | No rake
Seat 2: _SKR (big blind) won 140


Winamax Poker - Tournament "Expresso Nitro" buyIn: 0.93€ + 0.07€ level: 3 - HandId: #2729602822147407873-14-1676921773 - Holdem no limit (20/40) - 2023/02/20 19:36:13 UTC
Table: 'Expresso Nitro(635535182)#0' 3-max (real money) Seat #2 is the button
Seat 1: AAvogadroo (480)
Seat 2: _SKR (420)
*** ANTE/BLINDS ***
_SKR posts small blind 20
AAvogadroo posts big blind 40
Dealt to _SKR [Th Jh]
*** PRE-FLOP *** 
_SKR raises 380 to 420 and is all-in
AAvogadroo calls 380
*** FLOP *** [7s 7c Kc]
*** TURN *** [7s 7c Kc][9s]
*** RIVER *** [7s 7c Kc 9s][7d]
*** SHOW DOWN ***
_SKR shows [Th Jh] (Trips of 7)
AAvogadroo shows [Tc Td] (Full of 7 and Tens)
AAvogadroo collected 840 from pot
*** SUMMARY ***
Total pot 840 | No rake
Board: [7s 7c Kc 9s 7d]
Seat 1: AAvogadroo (big blind) showed [Tc Td] and won 840 with Full of 7 and Tens
Seat 2: _SKR (small blind) (button) showed [Th Jh] and lost with Trips of 7


