Winamax Poker - Tournament "Expresso Nitro" buyIn: 1.86€ + 0.14€ level: 1 - HandId: #2698251051240259585-1-1675187431 - Holdem no limit (10/20) - 2023/01/31 17:50:31 UTC
Table: 'Expresso Nitro(628235529)#0' 3-max (real money) Seat #2 is the button
Seat 1: _SKR (300)
Seat 2: Nicop54260 (300)
Seat 3: meymaths56 (300)
*** ANTE/BLINDS ***
meymaths56 posts small blind 10
_SKR posts big blind 20
Dealt to _SKR [Tc 4h]
*** PRE-FLOP *** 
Nicop54260 calls 20
meymaths56 calls 10
_SKR checks
*** FLOP *** [5c 3d Ad]
meymaths56 checks
_SKR checks
Nicop54260 checks
*** TURN *** [5c 3d Ad][3s]
meymaths56 bets 20
_SKR folds
Nicop54260 folds
meymaths56 collected 80 from pot
*** SUMMARY ***
Total pot 80 | No rake
Board: [5c 3d Ad 3s]
Seat 3: meymaths56 (small blind) won 80


Winamax Poker - Tournament "Expresso Nitro" buyIn: 1.86€ + 0.14€ level: 1 - HandId: #2698251051240259585-2-1675187474 - Holdem no limit (10/20) - 2023/01/31 17:51:14 UTC
Table: 'Expresso Nitro(628235529)#0' 3-max (real money) Seat #3 is the button
Seat 1: _SKR (280)
Seat 2: Nicop54260 (280)
Seat 3: meymaths56 (340)
*** ANTE/BLINDS ***
_SKR posts small blind 10
Nicop54260 posts big blind 20
Dealt to _SKR [4d Jh]
*** PRE-FLOP *** 
meymaths56 calls 20
_SKR folds
Nicop54260 checks
*** FLOP *** [5d 5h 6s]
Nicop54260 bets 260 and is all-in
meymaths56 folds
Nicop54260 collected 310 from pot
*** SUMMARY ***
Total pot 310 | No rake
Board: [5d 5h 6s]
Seat 2: Nicop54260 (big blind) won 310


Winamax Poker - Tournament "Expresso Nitro" buyIn: 1.86€ + 0.14€ level: 2 - HandId: #2698251051240259585-3-1675187512 - Holdem no limit (15/30) - 2023/01/31 17:51:52 UTC
Table: 'Expresso Nitro(628235529)#0' 3-max (real money) Seat #1 is the button
Seat 1: _SKR (270)
Seat 2: Nicop54260 (310)
Seat 3: meymaths56 (320)
*** ANTE/BLINDS ***
Nicop54260 posts small blind 15
meymaths56 posts big blind 30
Dealt to _SKR [2h Qc]
*** PRE-FLOP *** 
_SKR folds
Nicop54260 calls 15
meymaths56 checks
*** FLOP *** [2s Th 5c]
Nicop54260 checks
meymaths56 checks
*** TURN *** [2s Th 5c][8s]
Nicop54260 checks
meymaths56 checks
*** RIVER *** [2s Th 5c 8s][Qd]
Nicop54260 checks
meymaths56 checks
*** SHOW DOWN ***
Nicop54260 shows [3c Jc] (High card : Queen)
meymaths56 shows [4d Kd] (High card : King)
meymaths56 collected 60 from pot
*** SUMMARY ***
Total pot 60 | No rake
Board: [2s Th 5c 8s Qd]
Seat 2: Nicop54260 (small blind) showed [3c Jc] and lost with High card : Queen
Seat 3: meymaths56 (big blind) showed [4d Kd] and won 60 with High card : King


Winamax Poker - Tournament "Expresso Nitro" buyIn: 1.86€ + 0.14€ level: 3 - HandId: #2698251051240259585-4-1675187561 - Holdem no limit (20/40) - 2023/01/31 17:52:41 UTC
Table: 'Expresso Nitro(628235529)#0' 3-max (real money) Seat #2 is the button
Seat 1: _SKR (270)
Seat 2: Nicop54260 (280)
Seat 3: meymaths56 (350)
*** ANTE/BLINDS ***
meymaths56 posts small blind 20
_SKR posts big blind 40
Dealt to _SKR [Jh 2h]
*** PRE-FLOP *** 
Nicop54260 calls 40
meymaths56 calls 20
_SKR checks
*** FLOP *** [5c 2c Qh]
meymaths56 bets 40
_SKR calls 40
Nicop54260 folds
*** TURN *** [5c 2c Qh][7h]
meymaths56 checks
_SKR bets 190 and is all-in
meymaths56 folds
_SKR collected 390 from pot
*** SUMMARY ***
Total pot 390 | No rake
Board: [5c 2c Qh 7h]
Seat 1: _SKR (big blind) won 390


Winamax Poker - Tournament "Expresso Nitro" buyIn: 1.86€ + 0.14€ level: 4 - HandId: #2698251051240259585-5-1675187609 - Holdem no limit (30/60) - 2023/01/31 17:53:29 UTC
Table: 'Expresso Nitro(628235529)#0' 3-max (real money) Seat #3 is the button
Seat 1: _SKR (390)
Seat 2: Nicop54260 (240)
Seat 3: meymaths56 (270)
*** ANTE/BLINDS ***
_SKR posts small blind 30
Nicop54260 posts big blind 60
Dealt to _SKR [Jh 7h]
*** PRE-FLOP *** 
meymaths56 raises 210 to 270 and is all-in
_SKR folds
Nicop54260 folds
meymaths56 collected 360 from pot
*** SUMMARY ***
Total pot 360 | No rake
Seat 3: meymaths56 (button) won 360


Winamax Poker - Tournament "Expresso Nitro" buyIn: 1.86€ + 0.14€ level: 4 - HandId: #2698251051240259585-6-1675187615 - Holdem no limit (30/60) - 2023/01/31 17:53:35 UTC
Table: 'Expresso Nitro(628235529)#0' 3-max (real money) Seat #1 is the button
Seat 1: _SKR (360)
Seat 2: Nicop54260 (180)
Seat 3: meymaths56 (360)
*** ANTE/BLINDS ***
Nicop54260 posts small blind 30
meymaths56 posts big blind 60
Dealt to _SKR [7h 9c]
*** PRE-FLOP *** 
_SKR folds
Nicop54260 calls 30
meymaths56 checks
*** FLOP *** [8d Qc Qd]
Nicop54260 checks
meymaths56 checks
*** TURN *** [8d Qc Qd][4s]
Nicop54260 checks
meymaths56 checks
*** RIVER *** [8d Qc Qd 4s][Qh]
Nicop54260 checks
meymaths56 bets 120
Nicop54260 folds
meymaths56 collected 240 from pot
*** SUMMARY ***
Total pot 240 | No rake
Board: [8d Qc Qd 4s Qh]
Seat 3: meymaths56 (big blind) won 240


Winamax Poker - Tournament "Expresso Nitro" buyIn: 1.86€ + 0.14€ level: 4 - HandId: #2698251051240259585-7-1675187643 - Holdem no limit (30/60) - 2023/01/31 17:54:03 UTC
Table: 'Expresso Nitro(628235529)#0' 3-max (real money) Seat #2 is the button
Seat 1: _SKR (360)
Seat 2: Nicop54260 (120)
Seat 3: meymaths56 (420)
*** ANTE/BLINDS ***
meymaths56 posts small blind 30
_SKR posts big blind 60
Dealt to _SKR [Jd 5s]
*** PRE-FLOP *** 
Nicop54260 calls 60
meymaths56 folds
_SKR checks
*** FLOP *** [8h Kc 7s]
_SKR checks
Nicop54260 bets 60 and is all-in
_SKR folds
Nicop54260 collected 210 from pot
*** SUMMARY ***
Total pot 210 | No rake
Board: [8h Kc 7s]
Seat 2: Nicop54260 (button) won 210


Winamax Poker - Tournament "Expresso Nitro" buyIn: 1.86€ + 0.14€ level: 5 - HandId: #2698251051240259585-8-1675187668 - Holdem no limit (40/80) - 2023/01/31 17:54:28 UTC
Table: 'Expresso Nitro(628235529)#0' 3-max (real money) Seat #3 is the button
Seat 1: _SKR (300)
Seat 2: Nicop54260 (210)
Seat 3: meymaths56 (390)
*** ANTE/BLINDS ***
_SKR posts small blind 40
Nicop54260 posts big blind 80
Dealt to _SKR [9c Qh]
*** PRE-FLOP *** 
meymaths56 calls 80
_SKR folds
Nicop54260 checks
*** FLOP *** [4d Kd 6c]
Nicop54260 checks
meymaths56 bets 80
Nicop54260 raises 50 to 130 and is all-in
meymaths56 calls 50
*** TURN *** [4d Kd 6c][8c]
*** RIVER *** [4d Kd 6c 8c][Td]
*** SHOW DOWN ***
meymaths56 shows [2h Kh] (One pair : Kings)
Nicop54260 shows [6d 4c] (Two pairs : 6 and 4)
Nicop54260 collected 460 from pot
*** SUMMARY ***
Total pot 460 | No rake
Board: [4d Kd 6c 8c Td]
Seat 2: Nicop54260 (big blind) showed [6d 4c] and won 460 with Two pairs : 6 and 4
Seat 3: meymaths56 (button) showed [2h Kh] and lost with One pair : Kings


Winamax Poker - Tournament "Expresso Nitro" buyIn: 1.86€ + 0.14€ level: 5 - HandId: #2698251051240259585-9-1675187704 - Holdem no limit (40/80) - 2023/01/31 17:55:04 UTC
Table: 'Expresso Nitro(628235529)#0' 3-max (real money) Seat #1 is the button
Seat 1: _SKR (260)
Seat 2: Nicop54260 (460)
Seat 3: meymaths56 (180)
*** ANTE/BLINDS ***
Nicop54260 posts small blind 40
meymaths56 posts big blind 80
Dealt to _SKR [4c 8h]
*** PRE-FLOP *** 
_SKR folds
Nicop54260 calls 40
meymaths56 raises 100 to 180 and is all-in
Nicop54260 calls 100
*** FLOP *** [Jd 8c 4h]
*** TURN *** [Jd 8c 4h][Ks]
*** RIVER *** [Jd 8c 4h Ks][5c]
*** SHOW DOWN ***
meymaths56 shows [Ac 7c] (High card : Ace)
Nicop54260 shows [As Td] (High card : Ace)
Nicop54260 collected 360 from pot
*** SUMMARY ***
Total pot 360 | No rake
Board: [Jd 8c 4h Ks 5c]
Seat 2: Nicop54260 (small blind) showed [As Td] and won 360 with High card : Ace
Seat 3: meymaths56 (big blind) showed [Ac 7c] and lost with High card : Ace


Winamax Poker - Tournament "Expresso Nitro" buyIn: 1.86€ + 0.14€ level: 5 - HandId: #2698251051240259585-10-1675187722 - Holdem no limit (40/80) - 2023/01/31 17:55:22 UTC
Table: 'Expresso Nitro(628235529)#0' 3-max (real money) Seat #1 is the button
Seat 1: _SKR (260)
Seat 2: Nicop54260 (640)
*** ANTE/BLINDS ***
_SKR posts small blind 40
Nicop54260 posts big blind 80
Dealt to _SKR [3d 3s]
*** PRE-FLOP *** 
_SKR raises 180 to 260 and is all-in
Nicop54260 folds
_SKR collected 340 from pot
*** SUMMARY ***
Total pot 340 | No rake
Seat 1: _SKR (small blind) (button) won 340


Winamax Poker - Tournament "Expresso Nitro" buyIn: 1.86€ + 0.14€ level: 6 - HandId: #2698251051240259585-11-1675187728 - Holdem no limit (50/100) - 2023/01/31 17:55:28 UTC
Table: 'Expresso Nitro(628235529)#0' 3-max (real money) Seat #2 is the button
Seat 1: _SKR (340)
Seat 2: Nicop54260 (560)
*** ANTE/BLINDS ***
Nicop54260 posts small blind 50
_SKR posts big blind 100
Dealt to _SKR [Th As]
*** PRE-FLOP *** 
Nicop54260 calls 50
_SKR raises 240 to 340 and is all-in
Nicop54260 folds
_SKR collected 440 from pot
*** SUMMARY ***
Total pot 440 | No rake
Seat 1: _SKR (big blind) won 440


Winamax Poker - Tournament "Expresso Nitro" buyIn: 1.86€ + 0.14€ level: 6 - HandId: #2698251051240259585-12-1675187740 - Holdem no limit (50/100) - 2023/01/31 17:55:40 UTC
Table: 'Expresso Nitro(628235529)#0' 3-max (real money) Seat #1 is the button
Seat 1: _SKR (440)
Seat 2: Nicop54260 (460)
*** ANTE/BLINDS ***
_SKR posts small blind 50
Nicop54260 posts big blind 100
Dealt to _SKR [8s 6c]
*** PRE-FLOP *** 
_SKR folds
Nicop54260 collected 150 from pot
*** SUMMARY ***
Total pot 150 | No rake
Seat 2: Nicop54260 (big blind) won 150


Winamax Poker - Tournament "Expresso Nitro" buyIn: 1.86€ + 0.14€ level: 6 - HandId: #2698251051240259585-13-1675187743 - Holdem no limit (50/100) - 2023/01/31 17:55:43 UTC
Table: 'Expresso Nitro(628235529)#0' 3-max (real money) Seat #2 is the button
Seat 1: _SKR (390)
Seat 2: Nicop54260 (510)
*** ANTE/BLINDS ***
Nicop54260 posts small blind 50
_SKR posts big blind 100
Dealt to _SKR [2c 9c]
*** PRE-FLOP *** 
Nicop54260 calls 50
_SKR checks
*** FLOP *** [4h Th 3c]
_SKR checks
Nicop54260 bets 410 and is all-in
_SKR folds
Nicop54260 collected 610 from pot
*** SUMMARY ***
Total pot 610 | No rake
Board: [4h Th 3c]
Seat 2: Nicop54260 (small blind) (button) won 610


Winamax Poker - Tournament "Expresso Nitro" buyIn: 1.86€ + 0.14€ level: 6 - HandId: #2698251051240259585-14-1675187757 - Holdem no limit (50/100) - 2023/01/31 17:55:57 UTC
Table: 'Expresso Nitro(628235529)#0' 3-max (real money) Seat #1 is the button
Seat 1: _SKR (290)
Seat 2: Nicop54260 (610)
*** ANTE/BLINDS ***
_SKR posts small blind 50
Nicop54260 posts big blind 100
Dealt to _SKR [Kc 7d]
*** PRE-FLOP *** 
_SKR raises 190 to 290 and is all-in
Nicop54260 folds
_SKR collected 390 from pot
*** SUMMARY ***
Total pot 390 | No rake
Seat 1: _SKR (small blind) (button) won 390


Winamax Poker - Tournament "Expresso Nitro" buyIn: 1.86€ + 0.14€ level: 6 - HandId: #2698251051240259585-15-1675187763 - Holdem no limit (50/100) - 2023/01/31 17:56:03 UTC
Table: 'Expresso Nitro(628235529)#0' 3-max (real money) Seat #2 is the button
Seat 1: _SKR (390)
Seat 2: Nicop54260 (510)
*** ANTE/BLINDS ***
Nicop54260 posts small blind 50
_SKR posts big blind 100
Dealt to _SKR [7d 6s]
*** PRE-FLOP *** 
Nicop54260 folds
_SKR collected 150 from pot
*** SUMMARY ***
Total pot 150 | No rake
Seat 1: _SKR (big blind) won 150


Winamax Poker - Tournament "Expresso Nitro" buyIn: 1.86€ + 0.14€ level: 6 - HandId: #2698251051240259585-16-1675187768 - Holdem no limit (50/100) - 2023/01/31 17:56:08 UTC
Table: 'Expresso Nitro(628235529)#0' 3-max (real money) Seat #1 is the button
Seat 1: _SKR (440)
Seat 2: Nicop54260 (460)
*** ANTE/BLINDS ***
_SKR posts small blind 50
Nicop54260 posts big blind 100
Dealt to _SKR [9s 6c]
*** PRE-FLOP *** 
_SKR folds
Nicop54260 collected 150 from pot
*** SUMMARY ***
Total pot 150 | No rake
Seat 2: Nicop54260 (big blind) won 150


Winamax Poker - Tournament "Expresso Nitro" buyIn: 1.86€ + 0.14€ level: 6 - HandId: #2698251051240259585-17-1675187772 - Holdem no limit (50/100) - 2023/01/31 17:56:12 UTC
Table: 'Expresso Nitro(628235529)#0' 3-max (real money) Seat #2 is the button
Seat 1: _SKR (390)
Seat 2: Nicop54260 (510)
*** ANTE/BLINDS ***
Nicop54260 posts small blind 50
_SKR posts big blind 100
Dealt to _SKR [Qs 8c]
*** PRE-FLOP *** 
Nicop54260 calls 50
_SKR raises 290 to 390 and is all-in
Nicop54260 folds
_SKR collected 490 from pot
*** SUMMARY ***
Total pot 490 | No rake
Seat 1: _SKR (big blind) won 490


Winamax Poker - Tournament "Expresso Nitro" buyIn: 1.86€ + 0.14€ level: 6 - HandId: #2698251051240259585-18-1675187781 - Holdem no limit (50/100) - 2023/01/31 17:56:21 UTC
Table: 'Expresso Nitro(628235529)#0' 3-max (real money) Seat #1 is the button
Seat 1: _SKR (490)
Seat 2: Nicop54260 (410)
*** ANTE/BLINDS ***
_SKR posts small blind 50
Nicop54260 posts big blind 100
Dealt to _SKR [9h Kc]
*** PRE-FLOP *** 
_SKR raises 390 to 490 and is all-in
Nicop54260 calls 310 and is all-in
*** FLOP *** [Ks 9c 3h]
*** TURN *** [Ks 9c 3h][2s]
*** RIVER *** [Ks 9c 3h 2s][Kh]
*** SHOW DOWN ***
Nicop54260 shows [Ad 4c] (One pair : Kings)
_SKR shows [9h Kc] (Full of Kings and 9)
_SKR collected 900 from pot
*** SUMMARY ***
Total pot 900 | No rake
Board: [Ks 9c 3h 2s Kh]
Seat 1: _SKR (small blind) (button) showed [9h Kc] and won 900 with Full of Kings and 9
Seat 2: Nicop54260 (big blind) showed [Ad 4c] and lost with One pair : Kings


