Winamax Poker - Tournament "Expresso Nitro" buyIn: 1.86€ + 0.14€ level: 1 - HandId: #2677108774077988865-1-1673877509 - Holdem no limit (10/20) - 2023/01/16 13:58:29 UTC
Table: 'Expresso Nitro(623312959)#0' 3-max (real money) Seat #1 is the button
Seat 1: as2pic_44 (300)
Seat 2: _SKR (300)
Seat 3: Whale10Ney (300)
*** ANTE/BLINDS ***
_SKR posts small blind 10
Whale10Ney posts big blind 20
Dealt to _SKR [Qh 7s]
*** PRE-FLOP *** 
as2pic_44 folds
_SKR raises 20 to 40
Whale10Ney calls 20
*** FLOP *** [9c Qc 8d]
_SKR bets 40
Whale10Ney calls 40
*** TURN *** [9c Qc 8d][Ac]
_SKR checks
Whale10Ney bets 20
_SKR calls 20
*** RIVER *** [9c Qc 8d Ac][Tc]
_SKR checks
Whale10Ney checks
*** SHOW DOWN ***
_SKR shows [Qh 7s] (One pair : Queens)
Whale10Ney shows [9s 8s] (Two pairs : 9 and 8)
Whale10Ney collected 200 from pot
*** SUMMARY ***
Total pot 200 | No rake
Board: [9c Qc 8d Ac Tc]
Seat 2: _SKR (small blind) showed [Qh 7s] and lost with One pair : Queens
Seat 3: Whale10Ney (big blind) showed [9s 8s] and won 200 with Two pairs : 9 and 8


Winamax Poker - Tournament "Expresso Nitro" buyIn: 1.86€ + 0.14€ level: 1 - HandId: #2677108774077988865-2-1673877554 - Holdem no limit (10/20) - 2023/01/16 13:59:14 UTC
Table: 'Expresso Nitro(623312959)#0' 3-max (real money) Seat #2 is the button
Seat 1: as2pic_44 (300)
Seat 2: _SKR (200)
Seat 3: Whale10Ney (400)
*** ANTE/BLINDS ***
Whale10Ney posts small blind 10
as2pic_44 posts big blind 20
Dealt to _SKR [7d 8d]
*** PRE-FLOP *** 
_SKR folds
Whale10Ney raises 380 to 400 and is all-in
as2pic_44 folds
Whale10Ney collected 420 from pot
*** SUMMARY ***
Total pot 420 | No rake
Seat 3: Whale10Ney (small blind) won 420


Winamax Poker - Tournament "Expresso Nitro" buyIn: 1.86€ + 0.14€ level: 2 - HandId: #2677108774077988865-3-1673877566 - Holdem no limit (15/30) - 2023/01/16 13:59:26 UTC
Table: 'Expresso Nitro(623312959)#0' 3-max (real money) Seat #3 is the button
Seat 1: as2pic_44 (280)
Seat 2: _SKR (200)
Seat 3: Whale10Ney (420)
*** ANTE/BLINDS ***
as2pic_44 posts small blind 15
_SKR posts big blind 30
Dealt to _SKR [3c As]
*** PRE-FLOP *** 
Whale10Ney raises 390 to 420 and is all-in
as2pic_44 calls 265 and is all-in
_SKR folds
*** FLOP *** [3s Ad Kh]
*** TURN *** [3s Ad Kh][6s]
*** RIVER *** [3s Ad Kh 6s][Jc]
*** SHOW DOWN ***
as2pic_44 shows [Ks Ts] (One pair : Kings)
Whale10Ney shows [Jh Qs] (One pair : Jacks)
Whale10Ney collected 140 from side pot 1
as2pic_44 collected 590 from main pot
*** SUMMARY ***
Total pot 730 | No rake
Board: [3s Ad Kh 6s Jc]
Seat 1: as2pic_44 (small blind) showed [Ks Ts] and won 590 with One pair : Kings
Seat 3: Whale10Ney (button) showed [Jh Qs] and won 140 with One pair : Jacks


Winamax Poker - Tournament "Expresso Nitro" buyIn: 1.86€ + 0.14€ level: 2 - HandId: #2677108774077988865-4-1673877588 - Holdem no limit (15/30) - 2023/01/16 13:59:48 UTC
Table: 'Expresso Nitro(623312959)#0' 3-max (real money) Seat #1 is the button
Seat 1: as2pic_44 (590)
Seat 2: _SKR (170)
Seat 3: Whale10Ney (140)
*** ANTE/BLINDS ***
_SKR posts small blind 15
Whale10Ney posts big blind 30
Dealt to _SKR [5s Js]
*** PRE-FLOP *** 
as2pic_44 calls 30
_SKR folds
Whale10Ney checks
*** FLOP *** [2h 5d Th]
Whale10Ney bets 30
as2pic_44 raises 135 to 165
Whale10Ney calls 80 and is all-in
*** TURN *** [2h 5d Th][7h]
*** RIVER *** [2h 5d Th 7h][6h]
*** SHOW DOWN ***
Whale10Ney shows [3c 2d] (One pair : 2)
as2pic_44 shows [Jh 8h] (Flush Jack high)
as2pic_44 collected 350 from pot
*** SUMMARY ***
Total pot 350 | No rake
Board: [2h 5d Th 7h 6h]
Seat 1: as2pic_44 (button) showed [Jh 8h] and won 350 with Flush Jack high
Seat 3: Whale10Ney (big blind) showed [3c 2d] and lost with One pair : 2


Winamax Poker - Tournament "Expresso Nitro" buyIn: 1.86€ + 0.14€ level: 2 - HandId: #2677108774077988865-5-1673877611 - Holdem no limit (15/30) - 2023/01/16 14:00:11 UTC
Table: 'Expresso Nitro(623312959)#0' 3-max (real money) Seat #1 is the button
Seat 1: as2pic_44 (745)
Seat 2: _SKR (155)
*** ANTE/BLINDS ***
as2pic_44 posts small blind 15
_SKR posts big blind 30
Dealt to _SKR [Ac 8d]
*** PRE-FLOP *** 
as2pic_44 raises 60 to 90
_SKR raises 65 to 155 and is all-in
as2pic_44 calls 65
*** FLOP *** [Jd Th 6s]
*** TURN *** [Jd Th 6s][6h]
*** RIVER *** [Jd Th 6s 6h][Qd]
*** SHOW DOWN ***
as2pic_44 shows [Ah 7d] (One pair : 6)
_SKR shows [Ac 8d] (One pair : 6)
_SKR collected 155 from pot
as2pic_44 collected 155 from pot
*** SUMMARY ***
Total pot 310 | No rake
Board: [Jd Th 6s 6h Qd]
Seat 1: as2pic_44 (small blind) (button) showed [Ah 7d] and won 155 with One pair : 6
Seat 2: _SKR (big blind) showed [Ac 8d] and won 155 with One pair : 6


Winamax Poker - Tournament "Expresso Nitro" buyIn: 1.86€ + 0.14€ level: 3 - HandId: #2677108774077988865-6-1673877633 - Holdem no limit (20/40) - 2023/01/16 14:00:33 UTC
Table: 'Expresso Nitro(623312959)#0' 3-max (real money) Seat #2 is the button
Seat 1: as2pic_44 (745)
Seat 2: _SKR (155)
*** ANTE/BLINDS ***
_SKR posts small blind 20
as2pic_44 posts big blind 40
Dealt to _SKR [7s Js]
*** PRE-FLOP *** 
_SKR raises 115 to 155 and is all-in
as2pic_44 folds
_SKR collected 195 from pot
*** SUMMARY ***
Total pot 195 | No rake
Seat 2: _SKR (small blind) (button) won 195


Winamax Poker - Tournament "Expresso Nitro" buyIn: 1.86€ + 0.14€ level: 3 - HandId: #2677108774077988865-7-1673877641 - Holdem no limit (20/40) - 2023/01/16 14:00:41 UTC
Table: 'Expresso Nitro(623312959)#0' 3-max (real money) Seat #1 is the button
Seat 1: as2pic_44 (705)
Seat 2: _SKR (195)
*** ANTE/BLINDS ***
as2pic_44 posts small blind 20
_SKR posts big blind 40
Dealt to _SKR [3h Jh]
*** PRE-FLOP *** 
as2pic_44 raises 665 to 705 and is all-in
_SKR calls 155 and is all-in
*** FLOP *** [Kc 8s Qs]
*** TURN *** [Kc 8s Qs][9d]
*** RIVER *** [Kc 8s Qs 9d][7d]
*** SHOW DOWN ***
_SKR shows [3h Jh] (High card : King)
as2pic_44 shows [3c 8h] (One pair : 8)
as2pic_44 collected 900 from pot
*** SUMMARY ***
Total pot 900 | No rake
Board: [Kc 8s Qs 9d 7d]
Seat 1: as2pic_44 (small blind) (button) showed [3c 8h] and won 900 with One pair : 8
Seat 2: _SKR (big blind) showed [3h Jh] and lost with High card : King


