Winamax Poker - Tournament "Expresso Nitro" buyIn: 0.93€ + 0.07€ level: 1 - HandId: #2690506211593289729-1-1674684109 - Holdem no limit (10/20) - 2023/01/25 22:01:49 UTC
Table: 'Expresso Nitro(626432293)#0' 3-max (real money) Seat #1 is the button
Seat 1: DeMonJaccuzi (300)
Seat 2: ILHANBOY. (300)
Seat 3: _SKR (300)
*** ANTE/BLINDS ***
ILHANBOY. posts small blind 10
_SKR posts big blind 20
Dealt to _SKR [4h 3d]
*** PRE-FLOP *** 
DeMonJaccuzi calls 20
ILHANBOY. calls 10
_SKR checks
*** FLOP *** [8s Kd Jc]
ILHANBOY. checks
_SKR checks
DeMonJaccuzi bets 39
ILHANBOY. folds
_SKR folds
DeMonJaccuzi collected 99 from pot
*** SUMMARY ***
Total pot 99 | No rake
Board: [8s Kd Jc]
Seat 1: DeMonJaccuzi (button) won 99


Winamax Poker - Tournament "Expresso Nitro" buyIn: 0.93€ + 0.07€ level: 1 - HandId: #2690506211593289729-2-1674684144 - Holdem no limit (10/20) - 2023/01/25 22:02:24 UTC
Table: 'Expresso Nitro(626432293)#0' 3-max (real money) Seat #2 is the button
Seat 1: DeMonJaccuzi (340)
Seat 2: ILHANBOY. (280)
Seat 3: _SKR (280)
*** ANTE/BLINDS ***
_SKR posts small blind 10
DeMonJaccuzi posts big blind 20
Dealt to _SKR [Th As]
*** PRE-FLOP *** 
ILHANBOY. calls 20
_SKR raises 260 to 280 and is all-in
DeMonJaccuzi folds
ILHANBOY. calls 260 and is all-in
*** FLOP *** [Ks 5c Qs]
*** TURN *** [Ks 5c Qs][Kd]
*** RIVER *** [Ks 5c Qs Kd][Kh]
*** SHOW DOWN ***
ILHANBOY. shows [Jd 3d] (Trips of Kings)
_SKR shows [Th As] (Trips of Kings)
_SKR collected 580 from pot
*** SUMMARY ***
Total pot 580 | No rake
Board: [Ks 5c Qs Kd Kh]
Seat 2: ILHANBOY. (button) showed [Jd 3d] and lost with Trips of Kings
Seat 3: _SKR (small blind) showed [Th As] and won 580 with Trips of Kings


Winamax Poker - Tournament "Expresso Nitro" buyIn: 0.93€ + 0.07€ level: 1 - HandId: #2690506211593289729-3-1674684163 - Holdem no limit (10/20) - 2023/01/25 22:02:43 UTC
Table: 'Expresso Nitro(626432293)#0' 3-max (real money) Seat #1 is the button
Seat 1: DeMonJaccuzi (320)
Seat 3: _SKR (580)
*** ANTE/BLINDS ***
DeMonJaccuzi posts small blind 10
_SKR posts big blind 20
Dealt to _SKR [7s 6c]
*** PRE-FLOP *** 
DeMonJaccuzi raises 30 to 50
_SKR folds
DeMonJaccuzi collected 70 from pot
*** SUMMARY ***
Total pot 70 | No rake
Seat 1: DeMonJaccuzi (small blind) (button) won 70


Winamax Poker - Tournament "Expresso Nitro" buyIn: 0.93€ + 0.07€ level: 2 - HandId: #2690506211593289729-4-1674684168 - Holdem no limit (15/30) - 2023/01/25 22:02:48 UTC
Table: 'Expresso Nitro(626432293)#0' 3-max (real money) Seat #3 is the button
Seat 1: DeMonJaccuzi (340)
Seat 3: _SKR (560)
*** ANTE/BLINDS ***
_SKR posts small blind 15
DeMonJaccuzi posts big blind 30
Dealt to _SKR [5d Jh]
*** PRE-FLOP *** 
_SKR folds
DeMonJaccuzi collected 45 from pot
*** SUMMARY ***
Total pot 45 | No rake
Seat 1: DeMonJaccuzi (big blind) won 45


Winamax Poker - Tournament "Expresso Nitro" buyIn: 0.93€ + 0.07€ level: 2 - HandId: #2690506211593289729-5-1674684172 - Holdem no limit (15/30) - 2023/01/25 22:02:52 UTC
Table: 'Expresso Nitro(626432293)#0' 3-max (real money) Seat #1 is the button
Seat 1: DeMonJaccuzi (355)
Seat 3: _SKR (545)
*** ANTE/BLINDS ***
DeMonJaccuzi posts small blind 15
_SKR posts big blind 30
Dealt to _SKR [Qd 8h]
*** PRE-FLOP *** 
DeMonJaccuzi folds
_SKR collected 45 from pot
*** SUMMARY ***
Total pot 45 | No rake
Seat 3: _SKR (big blind) won 45


Winamax Poker - Tournament "Expresso Nitro" buyIn: 0.93€ + 0.07€ level: 2 - HandId: #2690506211593289729-6-1674684183 - Holdem no limit (15/30) - 2023/01/25 22:03:03 UTC
Table: 'Expresso Nitro(626432293)#0' 3-max (real money) Seat #3 is the button
Seat 1: DeMonJaccuzi (340)
Seat 3: _SKR (560)
*** ANTE/BLINDS ***
_SKR posts small blind 15
DeMonJaccuzi posts big blind 30
Dealt to _SKR [3d Jc]
*** PRE-FLOP *** 
_SKR folds
DeMonJaccuzi collected 45 from pot
*** SUMMARY ***
Total pot 45 | No rake
Seat 1: DeMonJaccuzi (big blind) won 45


Winamax Poker - Tournament "Expresso Nitro" buyIn: 0.93€ + 0.07€ level: 2 - HandId: #2690506211593289729-7-1674684187 - Holdem no limit (15/30) - 2023/01/25 22:03:07 UTC
Table: 'Expresso Nitro(626432293)#0' 3-max (real money) Seat #1 is the button
Seat 1: DeMonJaccuzi (355)
Seat 3: _SKR (545)
*** ANTE/BLINDS ***
DeMonJaccuzi posts small blind 15
_SKR posts big blind 30
Dealt to _SKR [2s 4h]
*** PRE-FLOP *** 
DeMonJaccuzi calls 15
_SKR checks
*** FLOP *** [5c 4s 5s]
_SKR checks
DeMonJaccuzi bets 39
_SKR calls 39
*** TURN *** [5c 4s 5s][Td]
_SKR checks
DeMonJaccuzi bets 90
_SKR calls 90
*** RIVER *** [5c 4s 5s Td][Qs]
_SKR checks
DeMonJaccuzi bets 196 and is all-in
_SKR folds
DeMonJaccuzi collected 514 from pot
*** SUMMARY ***
Total pot 514 | No rake
Board: [5c 4s 5s Td Qs]
Seat 1: DeMonJaccuzi (small blind) (button) won 514


Winamax Poker - Tournament "Expresso Nitro" buyIn: 0.93€ + 0.07€ level: 2 - HandId: #2690506211593289729-8-1674684221 - Holdem no limit (15/30) - 2023/01/25 22:03:41 UTC
Table: 'Expresso Nitro(626432293)#0' 3-max (real money) Seat #3 is the button
Seat 1: DeMonJaccuzi (514)
Seat 3: _SKR (386)
*** ANTE/BLINDS ***
_SKR posts small blind 15
DeMonJaccuzi posts big blind 30
Dealt to _SKR [2d 8s]
*** PRE-FLOP *** 
_SKR folds
DeMonJaccuzi collected 45 from pot
*** SUMMARY ***
Total pot 45 | No rake
Seat 1: DeMonJaccuzi (big blind) won 45


Winamax Poker - Tournament "Expresso Nitro" buyIn: 0.93€ + 0.07€ level: 3 - HandId: #2690506211593289729-9-1674684227 - Holdem no limit (20/40) - 2023/01/25 22:03:47 UTC
Table: 'Expresso Nitro(626432293)#0' 3-max (real money) Seat #1 is the button
Seat 1: DeMonJaccuzi (529)
Seat 3: _SKR (371)
*** ANTE/BLINDS ***
DeMonJaccuzi posts small blind 20
_SKR posts big blind 40
Dealt to _SKR [9d Td]
*** PRE-FLOP *** 
DeMonJaccuzi calls 20
_SKR raises 331 to 371 and is all-in
DeMonJaccuzi folds
_SKR collected 411 from pot
*** SUMMARY ***
Total pot 411 | No rake
Seat 3: _SKR (big blind) won 411


Winamax Poker - Tournament "Expresso Nitro" buyIn: 0.93€ + 0.07€ level: 3 - HandId: #2690506211593289729-10-1674684243 - Holdem no limit (20/40) - 2023/01/25 22:04:03 UTC
Table: 'Expresso Nitro(626432293)#0' 3-max (real money) Seat #3 is the button
Seat 1: DeMonJaccuzi (489)
Seat 3: _SKR (411)
*** ANTE/BLINDS ***
_SKR posts small blind 20
DeMonJaccuzi posts big blind 40
Dealt to _SKR [3h Jd]
*** PRE-FLOP *** 
_SKR folds
DeMonJaccuzi collected 60 from pot
*** SUMMARY ***
Total pot 60 | No rake
Seat 1: DeMonJaccuzi (big blind) won 60


Winamax Poker - Tournament "Expresso Nitro" buyIn: 0.93€ + 0.07€ level: 3 - HandId: #2690506211593289729-11-1674684247 - Holdem no limit (20/40) - 2023/01/25 22:04:07 UTC
Table: 'Expresso Nitro(626432293)#0' 3-max (real money) Seat #1 is the button
Seat 1: DeMonJaccuzi (509)
Seat 3: _SKR (391)
*** ANTE/BLINDS ***
DeMonJaccuzi posts small blind 20
_SKR posts big blind 40
Dealt to _SKR [Td Jd]
*** PRE-FLOP *** 
DeMonJaccuzi raises 80 to 120
_SKR calls 80
*** FLOP *** [Qs 7d 6d]
_SKR checks
DeMonJaccuzi bets 156
_SKR raises 115 to 271 and is all-in
DeMonJaccuzi calls 115
*** TURN *** [Qs 7d 6d][Kh]
*** RIVER *** [Qs 7d 6d Kh][5d]
*** SHOW DOWN ***
DeMonJaccuzi shows [As Qd] (One pair : Queens)
_SKR shows [Td Jd] (Flush Jack high)
_SKR collected 782 from pot
*** SUMMARY ***
Total pot 782 | No rake
Board: [Qs 7d 6d Kh 5d]
Seat 1: DeMonJaccuzi (small blind) (button) showed [As Qd] and lost with One pair : Queens
Seat 3: _SKR (big blind) showed [Td Jd] and won 782 with Flush Jack high


Winamax Poker - Tournament "Expresso Nitro" buyIn: 0.93€ + 0.07€ level: 3 - HandId: #2690506211593289729-12-1674684270 - Holdem no limit (20/40) - 2023/01/25 22:04:30 UTC
Table: 'Expresso Nitro(626432293)#0' 3-max (real money) Seat #3 is the button
Seat 1: DeMonJaccuzi (118)
Seat 3: _SKR (782)
*** ANTE/BLINDS ***
_SKR posts small blind 20
DeMonJaccuzi posts big blind 40
Dealt to _SKR [Tc 8h]
*** PRE-FLOP *** 
_SKR folds
DeMonJaccuzi collected 60 from pot
*** SUMMARY ***
Total pot 60 | No rake
Seat 1: DeMonJaccuzi (big blind) won 60


Winamax Poker - Tournament "Expresso Nitro" buyIn: 0.93€ + 0.07€ level: 3 - HandId: #2690506211593289729-13-1674684277 - Holdem no limit (20/40) - 2023/01/25 22:04:37 UTC
Table: 'Expresso Nitro(626432293)#0' 3-max (real money) Seat #1 is the button
Seat 1: DeMonJaccuzi (138)
Seat 3: _SKR (762)
*** ANTE/BLINDS ***
DeMonJaccuzi posts small blind 20
_SKR posts big blind 40
Dealt to _SKR [Jd Qd]
*** PRE-FLOP *** 
DeMonJaccuzi calls 20
_SKR raises 722 to 762 and is all-in
DeMonJaccuzi calls 98 and is all-in
*** FLOP *** [Kh 2d 3d]
*** TURN *** [Kh 2d 3d][Qc]
*** RIVER *** [Kh 2d 3d Qc][Jh]
*** SHOW DOWN ***
DeMonJaccuzi shows [9d 4d] (High card : King)
_SKR shows [Jd Qd] (Two pairs : Queens and Jacks)
_SKR collected 900 from pot
*** SUMMARY ***
Total pot 900 | No rake
Board: [Kh 2d 3d Qc Jh]
Seat 1: DeMonJaccuzi (small blind) (button) showed [9d 4d] and lost with High card : King
Seat 3: _SKR (big blind) showed [Jd Qd] and won 900 with Two pairs : Queens and Jacks


