Winamax Poker - Tournament "Expresso Nitro" buyIn: 1.86€ + 0.14€ level: 1 - HandId: #2683179499897487361-1-1674238044 - Holdem no limit (10/20) - 2023/01/20 18:07:24 UTC
Table: 'Expresso Nitro(624726410)#0' 3-max (real money) Seat #2 is the button
Seat 1: _SKR (300)
Seat 2: Amine2a2021 (300)
Seat 3: RoLicZ (300)
*** ANTE/BLINDS ***
RoLicZ posts small blind 10
_SKR posts big blind 20
Dealt to _SKR [Ah 7s]
*** PRE-FLOP *** 
Amine2a2021 folds
RoLicZ calls 10
_SKR raises 280 to 300 and is all-in
RoLicZ folds
_SKR collected 320 from pot
*** SUMMARY ***
Total pot 320 | No rake
Seat 1: _SKR (big blind) won 320


Winamax Poker - Tournament "Expresso Nitro" buyIn: 1.86€ + 0.14€ level: 1 - HandId: #2683179499897487361-2-1674238053 - Holdem no limit (10/20) - 2023/01/20 18:07:33 UTC
Table: 'Expresso Nitro(624726410)#0' 3-max (real money) Seat #3 is the button
Seat 1: _SKR (320)
Seat 2: Amine2a2021 (300)
Seat 3: RoLicZ (280)
*** ANTE/BLINDS ***
_SKR posts small blind 10
Amine2a2021 posts big blind 20
Dealt to _SKR [3c 3d]
*** PRE-FLOP *** 
RoLicZ calls 20
_SKR raises 300 to 320 and is all-in
Amine2a2021 folds
RoLicZ calls 260 and is all-in
*** FLOP *** [Td 8h 7s]
*** TURN *** [Td 8h 7s][3h]
*** RIVER *** [Td 8h 7s 3h][3s]
*** SHOW DOWN ***
RoLicZ shows [Ad 8c] (Two pairs : 8 and 3)
_SKR shows [3c 3d] (Quads of 3)
_SKR collected 620 from pot
*** SUMMARY ***
Total pot 620 | No rake
Board: [Td 8h 7s 3h 3s]
Seat 1: _SKR (small blind) showed [3c 3d] and won 620 with Quads of 3
Seat 3: RoLicZ (button) showed [Ad 8c] and lost with Two pairs : 8 and 3


Winamax Poker - Tournament "Expresso Nitro" buyIn: 1.86€ + 0.14€ level: 1 - HandId: #2683179499897487361-3-1674238068 - Holdem no limit (10/20) - 2023/01/20 18:07:48 UTC
Table: 'Expresso Nitro(624726410)#0' 3-max (real money) Seat #2 is the button
Seat 1: _SKR (620)
Seat 2: Amine2a2021 (280)
*** ANTE/BLINDS ***
Amine2a2021 posts small blind 10
_SKR posts big blind 20
Dealt to _SKR [Jd Kh]
*** PRE-FLOP *** 
Amine2a2021 raises 260 to 280 and is all-in
_SKR calls 260
*** FLOP *** [Jc 3c 2d]
*** TURN *** [Jc 3c 2d][8d]
*** RIVER *** [Jc 3c 2d 8d][Ac]
*** SHOW DOWN ***
_SKR shows [Jd Kh] (One pair : Jacks)
Amine2a2021 shows [3s Jh] (Two pairs : Jacks and 3)
Amine2a2021 collected 560 from pot
*** SUMMARY ***
Total pot 560 | No rake
Board: [Jc 3c 2d 8d Ac]
Seat 1: _SKR (big blind) showed [Jd Kh] and lost with One pair : Jacks
Seat 2: Amine2a2021 (small blind) (button) showed [3s Jh] and won 560 with Two pairs : Jacks and 3


Winamax Poker - Tournament "Expresso Nitro" buyIn: 1.86€ + 0.14€ level: 1 - HandId: #2683179499897487361-4-1674238081 - Holdem no limit (10/20) - 2023/01/20 18:08:01 UTC
Table: 'Expresso Nitro(624726410)#0' 3-max (real money) Seat #1 is the button
Seat 1: _SKR (340)
Seat 2: Amine2a2021 (560)
*** ANTE/BLINDS ***
_SKR posts small blind 10
Amine2a2021 posts big blind 20
Dealt to _SKR [Kc Ts]
*** PRE-FLOP *** 
_SKR raises 320 to 340 and is all-in
Amine2a2021 calls 320
*** FLOP *** [Kd Jh 9d]
*** TURN *** [Kd Jh 9d][7s]
*** RIVER *** [Kd Jh 9d 7s][5h]
*** SHOW DOWN ***
Amine2a2021 shows [5s Qs] (One pair : 5)
_SKR shows [Kc Ts] (One pair : Kings)
_SKR collected 680 from pot
*** SUMMARY ***
Total pot 680 | No rake
Board: [Kd Jh 9d 7s 5h]
Seat 1: _SKR (small blind) (button) showed [Kc Ts] and won 680 with One pair : Kings
Seat 2: Amine2a2021 (big blind) showed [5s Qs] and lost with One pair : 5


Winamax Poker - Tournament "Expresso Nitro" buyIn: 1.86€ + 0.14€ level: 1 - HandId: #2683179499897487361-5-1674238095 - Holdem no limit (10/20) - 2023/01/20 18:08:15 UTC
Table: 'Expresso Nitro(624726410)#0' 3-max (real money) Seat #2 is the button
Seat 1: _SKR (680)
Seat 2: Amine2a2021 (220)
*** ANTE/BLINDS ***
Amine2a2021 posts small blind 10
_SKR posts big blind 20
Dealt to _SKR [6h 2h]
*** PRE-FLOP *** 
Amine2a2021 folds
_SKR collected 30 from pot
*** SUMMARY ***
Total pot 30 | No rake
Seat 1: _SKR (big blind) won 30


Winamax Poker - Tournament "Expresso Nitro" buyIn: 1.86€ + 0.14€ level: 1 - HandId: #2683179499897487361-6-1674238098 - Holdem no limit (10/20) - 2023/01/20 18:08:18 UTC
Table: 'Expresso Nitro(624726410)#0' 3-max (real money) Seat #1 is the button
Seat 1: _SKR (690)
Seat 2: Amine2a2021 (210)
*** ANTE/BLINDS ***
_SKR posts small blind 10
Amine2a2021 posts big blind 20
Dealt to _SKR [5h Th]
*** PRE-FLOP *** 
_SKR folds
Amine2a2021 collected 30 from pot
*** SUMMARY ***
Total pot 30 | No rake
Seat 2: Amine2a2021 (big blind) won 30


Winamax Poker - Tournament "Expresso Nitro" buyIn: 1.86€ + 0.14€ level: 2 - HandId: #2683179499897487361-7-1674238102 - Holdem no limit (15/30) - 2023/01/20 18:08:22 UTC
Table: 'Expresso Nitro(624726410)#0' 3-max (real money) Seat #2 is the button
Seat 1: _SKR (680)
Seat 2: Amine2a2021 (220)
*** ANTE/BLINDS ***
Amine2a2021 posts small blind 15
_SKR posts big blind 30
Dealt to _SKR [3h 5d]
*** PRE-FLOP *** 
Amine2a2021 folds
_SKR collected 45 from pot
*** SUMMARY ***
Total pot 45 | No rake
Seat 1: _SKR (big blind) won 45


Winamax Poker - Tournament "Expresso Nitro" buyIn: 1.86€ + 0.14€ level: 2 - HandId: #2683179499897487361-8-1674238105 - Holdem no limit (15/30) - 2023/01/20 18:08:25 UTC
Table: 'Expresso Nitro(624726410)#0' 3-max (real money) Seat #1 is the button
Seat 1: _SKR (695)
Seat 2: Amine2a2021 (205)
*** ANTE/BLINDS ***
_SKR posts small blind 15
Amine2a2021 posts big blind 30
Dealt to _SKR [Kh Ts]
*** PRE-FLOP *** 
_SKR raises 665 to 695 and is all-in
Amine2a2021 folds
_SKR collected 725 from pot
*** SUMMARY ***
Total pot 725 | No rake
Seat 1: _SKR (small blind) (button) won 725


Winamax Poker - Tournament "Expresso Nitro" buyIn: 1.86€ + 0.14€ level: 2 - HandId: #2683179499897487361-9-1674238110 - Holdem no limit (15/30) - 2023/01/20 18:08:30 UTC
Table: 'Expresso Nitro(624726410)#0' 3-max (real money) Seat #2 is the button
Seat 1: _SKR (725)
Seat 2: Amine2a2021 (175)
*** ANTE/BLINDS ***
Amine2a2021 posts small blind 15
_SKR posts big blind 30
Dealt to _SKR [9h Kc]
*** PRE-FLOP *** 
Amine2a2021 raises 145 to 175 and is all-in
_SKR calls 145
*** FLOP *** [6h 3h 7h]
*** TURN *** [6h 3h 7h][Tc]
*** RIVER *** [6h 3h 7h Tc][Kh]
*** SHOW DOWN ***
Amine2a2021 shows [2c 5s] (High card : King)
_SKR shows [9h Kc] (Flush King high)
_SKR collected 350 from pot
*** SUMMARY ***
Total pot 350 | No rake
Board: [6h 3h 7h Tc Kh]
Seat 1: _SKR (big blind) showed [9h Kc] and won 350 with Flush King high
Seat 2: Amine2a2021 (small blind) (button) showed [2c 5s] and lost with High card : King


