Winamax Poker - Tournament "Expresso Nitro" buyIn: 0.93€ + 0.07€ level: 1 - HandId: #2730600697669091329-1-1676987946 - Holdem no limit (10/20) - 2023/02/21 13:59:06 UTC
Table: 'Expresso Nitro(635767518)#0' 3-max (real money) Seat #1 is the button
Seat 1: corleone6211 (300)
Seat 2: _SKR (300)
Seat 3: grismetal (300)
*** ANTE/BLINDS ***
_SKR posts small blind 10
grismetal posts big blind 20
Dealt to _SKR [4s 5h]
*** PRE-FLOP *** 
corleone6211 raises 280 to 300 and is all-in
_SKR folds
grismetal folds
corleone6211 collected 330 from pot
*** SUMMARY ***
Total pot 330 | No rake
Seat 1: corleone6211 (button) won 330


Winamax Poker - Tournament "Expresso Nitro" buyIn: 0.93€ + 0.07€ level: 1 - HandId: #2730600697669091329-2-1676987954 - Holdem no limit (10/20) - 2023/02/21 13:59:14 UTC
Table: 'Expresso Nitro(635767518)#0' 3-max (real money) Seat #2 is the button
Seat 1: corleone6211 (330)
Seat 2: _SKR (290)
Seat 3: grismetal (280)
*** ANTE/BLINDS ***
grismetal posts small blind 10
corleone6211 posts big blind 20
Dealt to _SKR [9c 4c]
*** PRE-FLOP *** 
_SKR folds
grismetal raises 260 to 280 and is all-in
corleone6211 folds
grismetal collected 300 from pot
*** SUMMARY ***
Total pot 300 | No rake
Seat 3: grismetal (small blind) won 300


Winamax Poker - Tournament "Expresso Nitro" buyIn: 0.93€ + 0.07€ level: 1 - HandId: #2730600697669091329-3-1676987967 - Holdem no limit (10/20) - 2023/02/21 13:59:27 UTC
Table: 'Expresso Nitro(635767518)#0' 3-max (real money) Seat #3 is the button
Seat 1: corleone6211 (310)
Seat 2: _SKR (290)
Seat 3: grismetal (300)
*** ANTE/BLINDS ***
corleone6211 posts small blind 10
_SKR posts big blind 20
Dealt to _SKR [7h 8s]
*** PRE-FLOP *** 
grismetal raises 280 to 300 and is all-in
corleone6211 raises 10 to 310 and is all-in
_SKR folds
*** FLOP *** [2c Kc 4s]
*** TURN *** [2c Kc 4s][2h]
*** RIVER *** [2c Kc 4s 2h][Qh]
*** SHOW DOWN ***
corleone6211 shows [Ts Ks] (Two pairs : Kings and 2)
grismetal shows [Kd Jh] (Two pairs : Kings and 2)
grismetal collected 310 from main pot
corleone6211 collected 320 from side pot 1
*** SUMMARY ***
Total pot 630 | No rake
Board: [2c Kc 4s 2h Qh]
Seat 1: corleone6211 (small blind) showed [Ts Ks] and won 320 with Two pairs : Kings and 2
Seat 3: grismetal (button) showed [Kd Jh] and won 310 with Two pairs : Kings and 2


Winamax Poker - Tournament "Expresso Nitro" buyIn: 0.93€ + 0.07€ level: 1 - HandId: #2730600697669091329-4-1676987989 - Holdem no limit (10/20) - 2023/02/21 13:59:49 UTC
Table: 'Expresso Nitro(635767518)#0' 3-max (real money) Seat #1 is the button
Seat 1: corleone6211 (320)
Seat 2: _SKR (270)
Seat 3: grismetal (310)
*** ANTE/BLINDS ***
_SKR posts small blind 10
grismetal posts big blind 20
Dealt to _SKR [4d 8h]
*** PRE-FLOP *** 
corleone6211 folds
_SKR folds
grismetal collected 30 from pot
*** SUMMARY ***
Total pot 30 | No rake
Seat 3: grismetal (big blind) won 30


Winamax Poker - Tournament "Expresso Nitro" buyIn: 0.93€ + 0.07€ level: 1 - HandId: #2730600697669091329-5-1676987995 - Holdem no limit (10/20) - 2023/02/21 13:59:55 UTC
Table: 'Expresso Nitro(635767518)#0' 3-max (real money) Seat #2 is the button
Seat 1: corleone6211 (320)
Seat 2: _SKR (260)
Seat 3: grismetal (320)
*** ANTE/BLINDS ***
grismetal posts small blind 10
corleone6211 posts big blind 20
Dealt to _SKR [3h 2c]
*** PRE-FLOP *** 
_SKR folds
grismetal raises 30 to 50
corleone6211 raises 270 to 320 and is all-in
grismetal folds
corleone6211 collected 370 from pot
*** SUMMARY ***
Total pot 370 | No rake
Seat 1: corleone6211 (big blind) won 370


Winamax Poker - Tournament "Expresso Nitro" buyIn: 0.93€ + 0.07€ level: 2 - HandId: #2730600697669091329-6-1676988006 - Holdem no limit (15/30) - 2023/02/21 14:00:06 UTC
Table: 'Expresso Nitro(635767518)#0' 3-max (real money) Seat #3 is the button
Seat 1: corleone6211 (370)
Seat 2: _SKR (260)
Seat 3: grismetal (270)
*** ANTE/BLINDS ***
corleone6211 posts small blind 15
_SKR posts big blind 30
Dealt to _SKR [7d 2c]
*** PRE-FLOP *** 
grismetal folds
corleone6211 folds
_SKR collected 45 from pot
*** SUMMARY ***
Total pot 45 | No rake
Seat 2: _SKR (big blind) won 45


Winamax Poker - Tournament "Expresso Nitro" buyIn: 0.93€ + 0.07€ level: 2 - HandId: #2730600697669091329-7-1676988013 - Holdem no limit (15/30) - 2023/02/21 14:00:13 UTC
Table: 'Expresso Nitro(635767518)#0' 3-max (real money) Seat #1 is the button
Seat 1: corleone6211 (355)
Seat 2: _SKR (275)
Seat 3: grismetal (270)
*** ANTE/BLINDS ***
_SKR posts small blind 15
grismetal posts big blind 30
Dealt to _SKR [2c Kc]
*** PRE-FLOP *** 
corleone6211 folds
_SKR raises 245 to 275 and is all-in
grismetal folds
_SKR collected 305 from pot
*** SUMMARY ***
Total pot 305 | No rake
Seat 2: _SKR (small blind) won 305


Winamax Poker - Tournament "Expresso Nitro" buyIn: 0.93€ + 0.07€ level: 2 - HandId: #2730600697669091329-8-1676988025 - Holdem no limit (15/30) - 2023/02/21 14:00:25 UTC
Table: 'Expresso Nitro(635767518)#0' 3-max (real money) Seat #2 is the button
Seat 1: corleone6211 (355)
Seat 2: _SKR (305)
Seat 3: grismetal (240)
*** ANTE/BLINDS ***
grismetal posts small blind 15
corleone6211 posts big blind 30
Dealt to _SKR [Qh 2c]
*** PRE-FLOP *** 
_SKR folds
grismetal folds
corleone6211 collected 45 from pot
*** SUMMARY ***
Total pot 45 | No rake
Seat 1: corleone6211 (big blind) won 45


Winamax Poker - Tournament "Expresso Nitro" buyIn: 0.93€ + 0.07€ level: 2 - HandId: #2730600697669091329-9-1676988031 - Holdem no limit (15/30) - 2023/02/21 14:00:31 UTC
Table: 'Expresso Nitro(635767518)#0' 3-max (real money) Seat #3 is the button
Seat 1: corleone6211 (370)
Seat 2: _SKR (305)
Seat 3: grismetal (225)
*** ANTE/BLINDS ***
corleone6211 posts small blind 15
_SKR posts big blind 30
Dealt to _SKR [3d 7h]
*** PRE-FLOP *** 
grismetal folds
corleone6211 raises 340 to 370 and is all-in
_SKR folds
corleone6211 collected 400 from pot
*** SUMMARY ***
Total pot 400 | No rake
Seat 1: corleone6211 (small blind) won 400


Winamax Poker - Tournament "Expresso Nitro" buyIn: 0.93€ + 0.07€ level: 2 - HandId: #2730600697669091329-10-1676988041 - Holdem no limit (15/30) - 2023/02/21 14:00:41 UTC
Table: 'Expresso Nitro(635767518)#0' 3-max (real money) Seat #1 is the button
Seat 1: corleone6211 (400)
Seat 2: _SKR (275)
Seat 3: grismetal (225)
*** ANTE/BLINDS ***
_SKR posts small blind 15
grismetal posts big blind 30
Dealt to _SKR [Ks 9d]
*** PRE-FLOP *** 
corleone6211 folds
_SKR raises 245 to 275 and is all-in
grismetal folds
_SKR collected 305 from pot
*** SUMMARY ***
Total pot 305 | No rake
Seat 2: _SKR (small blind) won 305


Winamax Poker - Tournament "Expresso Nitro" buyIn: 0.93€ + 0.07€ level: 2 - HandId: #2730600697669091329-11-1676988055 - Holdem no limit (15/30) - 2023/02/21 14:00:55 UTC
Table: 'Expresso Nitro(635767518)#0' 3-max (real money) Seat #2 is the button
Seat 1: corleone6211 (400)
Seat 2: _SKR (305)
Seat 3: grismetal (195)
*** ANTE/BLINDS ***
grismetal posts small blind 15
corleone6211 posts big blind 30
Dealt to _SKR [Qc 5d]
*** PRE-FLOP *** 
_SKR folds
grismetal raises 165 to 195 and is all-in
corleone6211 folds
grismetal collected 225 from pot
*** SUMMARY ***
Total pot 225 | No rake
Seat 3: grismetal (small blind) won 225


Winamax Poker - Tournament "Expresso Nitro" buyIn: 0.93€ + 0.07€ level: 3 - HandId: #2730600697669091329-12-1676988067 - Holdem no limit (20/40) - 2023/02/21 14:01:07 UTC
Table: 'Expresso Nitro(635767518)#0' 3-max (real money) Seat #3 is the button
Seat 1: corleone6211 (370)
Seat 2: _SKR (305)
Seat 3: grismetal (225)
*** ANTE/BLINDS ***
corleone6211 posts small blind 20
_SKR posts big blind 40
Dealt to _SKR [4d 6h]
*** PRE-FLOP *** 
grismetal folds
corleone6211 folds
_SKR collected 60 from pot
*** SUMMARY ***
Total pot 60 | No rake
Seat 2: _SKR (big blind) won 60


Winamax Poker - Tournament "Expresso Nitro" buyIn: 0.93€ + 0.07€ level: 3 - HandId: #2730600697669091329-13-1676988075 - Holdem no limit (20/40) - 2023/02/21 14:01:15 UTC
Table: 'Expresso Nitro(635767518)#0' 3-max (real money) Seat #1 is the button
Seat 1: corleone6211 (350)
Seat 2: _SKR (325)
Seat 3: grismetal (225)
*** ANTE/BLINDS ***
_SKR posts small blind 20
grismetal posts big blind 40
Dealt to _SKR [6c 8c]
*** PRE-FLOP *** 
corleone6211 folds
_SKR raises 285 to 325 and is all-in
grismetal calls 185 and is all-in
*** FLOP *** [5d 4s Qc]
*** TURN *** [5d 4s Qc][Ad]
*** RIVER *** [5d 4s Qc Ad][9c]
*** SHOW DOWN ***
_SKR shows [6c 8c] (High card : Ace)
grismetal shows [2d Qd] (One pair : Queens)
grismetal collected 450 from main pot
_SKR collected 100 from side pot 1
*** SUMMARY ***
Total pot 550 | No rake
Board: [5d 4s Qc Ad 9c]
Seat 2: _SKR (small blind) showed [6c 8c] and won 100 with High card : Ace
Seat 3: grismetal (big blind) showed [2d Qd] and won 450 with One pair : Queens


Winamax Poker - Tournament "Expresso Nitro" buyIn: 0.93€ + 0.07€ level: 3 - HandId: #2730600697669091329-14-1676988089 - Holdem no limit (20/40) - 2023/02/21 14:01:29 UTC
Table: 'Expresso Nitro(635767518)#0' 3-max (real money) Seat #2 is the button
Seat 1: corleone6211 (350)
Seat 2: _SKR (100)
Seat 3: grismetal (450)
*** ANTE/BLINDS ***
grismetal posts small blind 20
corleone6211 posts big blind 40
Dealt to _SKR [6h Kc]
*** PRE-FLOP *** 
_SKR raises 60 to 100 and is all-in
grismetal raises 350 to 450 and is all-in
corleone6211 calls 310 and is all-in
*** FLOP *** [2h 9d 9s]
*** TURN *** [2h 9d 9s][Kh]
*** RIVER *** [2h 9d 9s Kh][9c]
*** SHOW DOWN ***
corleone6211 shows [Kd Qd] (Full of 9 and Kings)
_SKR shows [6h Kc] (Full of 9 and Kings)
grismetal shows [7c Ah] (Trips of 9)
grismetal collected 100 from side pot 2
_SKR collected 150 from main pot
corleone6211 collected 650 from side pot 1
*** SUMMARY ***
Total pot 900 | No rake
Board: [2h 9d 9s Kh 9c]
Seat 1: corleone6211 (big blind) showed [Kd Qd] and won 650 with Full of 9 and Kings
Seat 2: _SKR (button) showed [6h Kc] and won 150 with Full of 9 and Kings
Seat 3: grismetal (small blind) showed [7c Ah] and won 100 with Trips of 9


Winamax Poker - Tournament "Expresso Nitro" buyIn: 0.93€ + 0.07€ level: 3 - HandId: #2730600697669091329-15-1676988105 - Holdem no limit (20/40) - 2023/02/21 14:01:45 UTC
Table: 'Expresso Nitro(635767518)#0' 3-max (real money) Seat #3 is the button
Seat 1: corleone6211 (650)
Seat 2: _SKR (150)
Seat 3: grismetal (100)
*** ANTE/BLINDS ***
corleone6211 posts small blind 20
_SKR posts big blind 40
Dealt to _SKR [2c 9c]
*** PRE-FLOP *** 
grismetal raises 60 to 100 and is all-in
corleone6211 folds
_SKR raises 50 to 150 and is all-in
*** FLOP *** [7h 8c Ts]
*** TURN *** [7h 8c Ts][6s]
*** RIVER *** [7h 8c Ts 6s][3d]
*** SHOW DOWN ***
grismetal shows [Qc Jc] (High card : Queen)
_SKR shows [2c 9c] (Straight Ten high)
_SKR collected 270 from pot
*** SUMMARY ***
Total pot 270 | No rake
Board: [7h 8c Ts 6s 3d]
Seat 2: _SKR (big blind) showed [2c 9c] and won 270 with Straight Ten high
Seat 3: grismetal (button) showed [Qc Jc] and lost with High card : Queen


Winamax Poker - Tournament "Expresso Nitro" buyIn: 0.93€ + 0.07€ level: 4 - HandId: #2730600697669091329-16-1676988122 - Holdem no limit (30/60) - 2023/02/21 14:02:02 UTC
Table: 'Expresso Nitro(635767518)#0' 3-max (real money) Seat #2 is the button
Seat 1: corleone6211 (630)
Seat 2: _SKR (270)
*** ANTE/BLINDS ***
_SKR posts small blind 30
corleone6211 posts big blind 60
Dealt to _SKR [Kd Jd]
*** PRE-FLOP *** 
_SKR raises 210 to 270 and is all-in
corleone6211 calls 210
*** FLOP *** [6d 8d 3c]
*** TURN *** [6d 8d 3c][2s]
*** RIVER *** [6d 8d 3c 2s][Kc]
*** SHOW DOWN ***
corleone6211 shows [7s Td] (High card : King)
_SKR shows [Kd Jd] (One pair : Kings)
_SKR collected 540 from pot
*** SUMMARY ***
Total pot 540 | No rake
Board: [6d 8d 3c 2s Kc]
Seat 1: corleone6211 (big blind) showed [7s Td] and lost with High card : King
Seat 2: _SKR (small blind) (button) showed [Kd Jd] and won 540 with One pair : Kings


Winamax Poker - Tournament "Expresso Nitro" buyIn: 0.93€ + 0.07€ level: 4 - HandId: #2730600697669091329-17-1676988138 - Holdem no limit (30/60) - 2023/02/21 14:02:18 UTC
Table: 'Expresso Nitro(635767518)#0' 3-max (real money) Seat #1 is the button
Seat 1: corleone6211 (360)
Seat 2: _SKR (540)
*** ANTE/BLINDS ***
corleone6211 posts small blind 30
_SKR posts big blind 60
Dealt to _SKR [3s Th]
*** PRE-FLOP *** 
corleone6211 raises 300 to 360 and is all-in
_SKR folds
corleone6211 collected 420 from pot
*** SUMMARY ***
Total pot 420 | No rake
Seat 1: corleone6211 (small blind) (button) won 420


Winamax Poker - Tournament "Expresso Nitro" buyIn: 0.93€ + 0.07€ level: 4 - HandId: #2730600697669091329-18-1676988144 - Holdem no limit (30/60) - 2023/02/21 14:02:24 UTC
Table: 'Expresso Nitro(635767518)#0' 3-max (real money) Seat #2 is the button
Seat 1: corleone6211 (420)
Seat 2: _SKR (480)
*** ANTE/BLINDS ***
_SKR posts small blind 30
corleone6211 posts big blind 60
Dealt to _SKR [7d Jd]
*** PRE-FLOP *** 
_SKR raises 420 to 480 and is all-in
corleone6211 folds
_SKR collected 540 from pot
*** SUMMARY ***
Total pot 540 | No rake
Seat 2: _SKR (small blind) (button) won 540


Winamax Poker - Tournament "Expresso Nitro" buyIn: 0.93€ + 0.07€ level: 4 - HandId: #2730600697669091329-19-1676988150 - Holdem no limit (30/60) - 2023/02/21 14:02:30 UTC
Table: 'Expresso Nitro(635767518)#0' 3-max (real money) Seat #1 is the button
Seat 1: corleone6211 (360)
Seat 2: _SKR (540)
*** ANTE/BLINDS ***
corleone6211 posts small blind 30
_SKR posts big blind 60
Dealt to _SKR [4s Js]
*** PRE-FLOP *** 
corleone6211 folds
_SKR collected 90 from pot
*** SUMMARY ***
Total pot 90 | No rake
Seat 2: _SKR (big blind) won 90


Winamax Poker - Tournament "Expresso Nitro" buyIn: 0.93€ + 0.07€ level: 4 - HandId: #2730600697669091329-20-1676988155 - Holdem no limit (30/60) - 2023/02/21 14:02:35 UTC
Table: 'Expresso Nitro(635767518)#0' 3-max (real money) Seat #2 is the button
Seat 1: corleone6211 (330)
Seat 2: _SKR (570)
*** ANTE/BLINDS ***
_SKR posts small blind 30
corleone6211 posts big blind 60
Dealt to _SKR [7c 8c]
*** PRE-FLOP *** 
_SKR folds
corleone6211 collected 90 from pot
*** SUMMARY ***
Total pot 90 | No rake
Seat 1: corleone6211 (big blind) won 90


Winamax Poker - Tournament "Expresso Nitro" buyIn: 0.93€ + 0.07€ level: 4 - HandId: #2730600697669091329-21-1676988159 - Holdem no limit (30/60) - 2023/02/21 14:02:39 UTC
Table: 'Expresso Nitro(635767518)#0' 3-max (real money) Seat #1 is the button
Seat 1: corleone6211 (360)
Seat 2: _SKR (540)
*** ANTE/BLINDS ***
corleone6211 posts small blind 30
_SKR posts big blind 60
Dealt to _SKR [3s 9h]
*** PRE-FLOP *** 
corleone6211 raises 300 to 360 and is all-in
_SKR folds
corleone6211 collected 420 from pot
*** SUMMARY ***
Total pot 420 | No rake
Seat 1: corleone6211 (small blind) (button) won 420


Winamax Poker - Tournament "Expresso Nitro" buyIn: 0.93€ + 0.07€ level: 4 - HandId: #2730600697669091329-22-1676988172 - Holdem no limit (30/60) - 2023/02/21 14:02:52 UTC
Table: 'Expresso Nitro(635767518)#0' 3-max (real money) Seat #2 is the button
Seat 1: corleone6211 (420)
Seat 2: _SKR (480)
*** ANTE/BLINDS ***
_SKR posts small blind 30
corleone6211 posts big blind 60
Dealt to _SKR [6c 7s]
*** PRE-FLOP *** 
_SKR folds
corleone6211 collected 90 from pot
*** SUMMARY ***
Total pot 90 | No rake
Seat 1: corleone6211 (big blind) won 90


Winamax Poker - Tournament "Expresso Nitro" buyIn: 0.93€ + 0.07€ level: 4 - HandId: #2730600697669091329-23-1676988176 - Holdem no limit (30/60) - 2023/02/21 14:02:56 UTC
Table: 'Expresso Nitro(635767518)#0' 3-max (real money) Seat #1 is the button
Seat 1: corleone6211 (450)
Seat 2: _SKR (450)
*** ANTE/BLINDS ***
corleone6211 posts small blind 30
_SKR posts big blind 60
Dealt to _SKR [3d 6c]
*** PRE-FLOP *** 
corleone6211 raises 390 to 450 and is all-in
_SKR folds
corleone6211 collected 510 from pot
*** SUMMARY ***
Total pot 510 | No rake
Seat 1: corleone6211 (small blind) (button) won 510


Winamax Poker - Tournament "Expresso Nitro" buyIn: 0.93€ + 0.07€ level: 5 - HandId: #2730600697669091329-24-1676988184 - Holdem no limit (40/80) - 2023/02/21 14:03:04 UTC
Table: 'Expresso Nitro(635767518)#0' 3-max (real money) Seat #2 is the button
Seat 1: corleone6211 (510)
Seat 2: _SKR (390)
*** ANTE/BLINDS ***
_SKR posts small blind 40
corleone6211 posts big blind 80
Dealt to _SKR [Jh 3s]
*** PRE-FLOP *** 
_SKR folds
corleone6211 collected 120 from pot
*** SUMMARY ***
Total pot 120 | No rake
Seat 1: corleone6211 (big blind) won 120


Winamax Poker - Tournament "Expresso Nitro" buyIn: 0.93€ + 0.07€ level: 5 - HandId: #2730600697669091329-25-1676988187 - Holdem no limit (40/80) - 2023/02/21 14:03:07 UTC
Table: 'Expresso Nitro(635767518)#0' 3-max (real money) Seat #1 is the button
Seat 1: corleone6211 (550)
Seat 2: _SKR (350)
*** ANTE/BLINDS ***
corleone6211 posts small blind 40
_SKR posts big blind 80
Dealt to _SKR [6c 4s]
*** PRE-FLOP *** 
corleone6211 folds
_SKR collected 120 from pot
*** SUMMARY ***
Total pot 120 | No rake
Seat 2: _SKR (big blind) won 120


Winamax Poker - Tournament "Expresso Nitro" buyIn: 0.93€ + 0.07€ level: 5 - HandId: #2730600697669091329-26-1676988191 - Holdem no limit (40/80) - 2023/02/21 14:03:11 UTC
Table: 'Expresso Nitro(635767518)#0' 3-max (real money) Seat #2 is the button
Seat 1: corleone6211 (510)
Seat 2: _SKR (390)
*** ANTE/BLINDS ***
_SKR posts small blind 40
corleone6211 posts big blind 80
Dealt to _SKR [Kh As]
*** PRE-FLOP *** 
_SKR raises 310 to 390 and is all-in
corleone6211 folds
_SKR collected 470 from pot
*** SUMMARY ***
Total pot 470 | No rake
Seat 2: _SKR (small blind) (button) won 470


Winamax Poker - Tournament "Expresso Nitro" buyIn: 0.93€ + 0.07€ level: 5 - HandId: #2730600697669091329-27-1676988199 - Holdem no limit (40/80) - 2023/02/21 14:03:19 UTC
Table: 'Expresso Nitro(635767518)#0' 3-max (real money) Seat #1 is the button
Seat 1: corleone6211 (430)
Seat 2: _SKR (470)
*** ANTE/BLINDS ***
corleone6211 posts small blind 40
_SKR posts big blind 80
Dealt to _SKR [5c 9s]
*** PRE-FLOP *** 
corleone6211 raises 350 to 430 and is all-in
_SKR folds
corleone6211 collected 510 from pot
*** SUMMARY ***
Total pot 510 | No rake
Seat 1: corleone6211 (small blind) (button) won 510


Winamax Poker - Tournament "Expresso Nitro" buyIn: 0.93€ + 0.07€ level: 5 - HandId: #2730600697669091329-28-1676988206 - Holdem no limit (40/80) - 2023/02/21 14:03:26 UTC
Table: 'Expresso Nitro(635767518)#0' 3-max (real money) Seat #2 is the button
Seat 1: corleone6211 (510)
Seat 2: _SKR (390)
*** ANTE/BLINDS ***
_SKR posts small blind 40
corleone6211 posts big blind 80
Dealt to _SKR [9h 2h]
*** PRE-FLOP *** 
_SKR folds
corleone6211 collected 120 from pot
*** SUMMARY ***
Total pot 120 | No rake
Seat 1: corleone6211 (big blind) won 120


Winamax Poker - Tournament "Expresso Nitro" buyIn: 0.93€ + 0.07€ level: 5 - HandId: #2730600697669091329-29-1676988214 - Holdem no limit (40/80) - 2023/02/21 14:03:34 UTC
Table: 'Expresso Nitro(635767518)#0' 3-max (real money) Seat #1 is the button
Seat 1: corleone6211 (550)
Seat 2: _SKR (350)
*** ANTE/BLINDS ***
corleone6211 posts small blind 40
_SKR posts big blind 80
Dealt to _SKR [Kh 4h]
*** PRE-FLOP *** 
corleone6211 raises 470 to 550 and is all-in
_SKR calls 270 and is all-in
*** FLOP *** [7h 5d 2c]
*** TURN *** [7h 5d 2c][Tc]
*** RIVER *** [7h 5d 2c Tc][Jd]
*** SHOW DOWN ***
_SKR shows [Kh 4h] (High card : King)
corleone6211 shows [Kc 8s] (High card : King)
corleone6211 collected 900 from pot
*** SUMMARY ***
Total pot 900 | No rake
Board: [7h 5d 2c Tc Jd]
Seat 1: corleone6211 (small blind) (button) showed [Kc 8s] and won 900 with High card : King
Seat 2: _SKR (big blind) showed [Kh 4h] and lost with High card : King


