Winamax Poker - Tournament "Expresso Nitro" buyIn: 1.86€ + 0.14€ level: 1 - HandId: #2696679058850185217-1-1675093071 - Holdem no limit (10/20) - 2023/01/30 15:37:51 UTC
Table: 'Expresso Nitro(627869521)#0' 3-max (real money) Seat #2 is the button
Seat 1: BackOrDie (300)
Seat 2: Djuminette31 (300)
Seat 3: _SKR (300)
*** ANTE/BLINDS ***
_SKR posts small blind 10
BackOrDie posts big blind 20
Dealt to _SKR [5h 5s]
*** PRE-FLOP *** 
Djuminette31 raises 30 to 50
_SKR raises 250 to 300 and is all-in
BackOrDie folds
Djuminette31 calls 250 and is all-in
*** FLOP *** [8d 7s 6s]
*** TURN *** [8d 7s 6s][Kc]
*** RIVER *** [8d 7s 6s Kc][6d]
*** SHOW DOWN ***
Djuminette31 shows [Qh 9h] (One pair : 6)
_SKR shows [5h 5s] (Two pairs : 6 and 5)
_SKR collected 620 from pot
*** SUMMARY ***
Total pot 620 | No rake
Board: [8d 7s 6s Kc 6d]
Seat 2: Djuminette31 (button) showed [Qh 9h] and lost with One pair : 6
Seat 3: _SKR (small blind) showed [5h 5s] and won 620 with Two pairs : 6 and 5


Winamax Poker - Tournament "Expresso Nitro" buyIn: 1.86€ + 0.14€ level: 1 - HandId: #2696679058850185217-2-1675093092 - Holdem no limit (10/20) - 2023/01/30 15:38:12 UTC
Table: 'Expresso Nitro(627869521)#0' 3-max (real money) Seat #1 is the button
Seat 1: BackOrDie (280)
Seat 3: _SKR (620)
*** ANTE/BLINDS ***
BackOrDie posts small blind 10
_SKR posts big blind 20
Dealt to _SKR [Ts 4d]
*** PRE-FLOP *** 
BackOrDie calls 10
_SKR checks
*** FLOP *** [7s 9d Kc]
_SKR checks
BackOrDie checks
*** TURN *** [7s 9d Kc][Kh]
_SKR checks
BackOrDie bets 20
_SKR folds
BackOrDie collected 60 from pot
*** SUMMARY ***
Total pot 60 | No rake
Board: [7s 9d Kc Kh]
Seat 1: BackOrDie (small blind) (button) won 60


Winamax Poker - Tournament "Expresso Nitro" buyIn: 1.86€ + 0.14€ level: 2 - HandId: #2696679058850185217-3-1675093140 - Holdem no limit (15/30) - 2023/01/30 15:39:00 UTC
Table: 'Expresso Nitro(627869521)#0' 3-max (real money) Seat #3 is the button
Seat 1: BackOrDie (300)
Seat 3: _SKR (600)
*** ANTE/BLINDS ***
_SKR posts small blind 15
BackOrDie posts big blind 30
Dealt to _SKR [4h 3d]
*** PRE-FLOP *** 
_SKR folds
BackOrDie collected 45 from pot
*** SUMMARY ***
Total pot 45 | No rake
Seat 1: BackOrDie (big blind) won 45


Winamax Poker - Tournament "Expresso Nitro" buyIn: 1.86€ + 0.14€ level: 2 - HandId: #2696679058850185217-4-1675093149 - Holdem no limit (15/30) - 2023/01/30 15:39:09 UTC
Table: 'Expresso Nitro(627869521)#0' 3-max (real money) Seat #1 is the button
Seat 1: BackOrDie (315)
Seat 3: _SKR (585)
*** ANTE/BLINDS ***
BackOrDie posts small blind 15
_SKR posts big blind 30
Dealt to _SKR [4c As]
*** PRE-FLOP *** 
BackOrDie raises 30 to 60
_SKR raises 525 to 585 and is all-in
BackOrDie folds
_SKR collected 645 from pot
*** SUMMARY ***
Total pot 645 | No rake
Seat 3: _SKR (big blind) won 645


Winamax Poker - Tournament "Expresso Nitro" buyIn: 1.86€ + 0.14€ level: 2 - HandId: #2696679058850185217-5-1675093160 - Holdem no limit (15/30) - 2023/01/30 15:39:20 UTC
Table: 'Expresso Nitro(627869521)#0' 3-max (real money) Seat #3 is the button
Seat 1: BackOrDie (255)
Seat 3: _SKR (645)
*** ANTE/BLINDS ***
_SKR posts small blind 15
BackOrDie posts big blind 30
Dealt to _SKR [5h Ad]
*** PRE-FLOP *** 
_SKR raises 615 to 645 and is all-in
BackOrDie folds
_SKR collected 675 from pot
*** SUMMARY ***
Total pot 675 | No rake
Seat 3: _SKR (small blind) (button) won 675


Winamax Poker - Tournament "Expresso Nitro" buyIn: 1.86€ + 0.14€ level: 2 - HandId: #2696679058850185217-6-1675093164 - Holdem no limit (15/30) - 2023/01/30 15:39:24 UTC
Table: 'Expresso Nitro(627869521)#0' 3-max (real money) Seat #1 is the button
Seat 1: BackOrDie (225)
Seat 3: _SKR (675)
*** ANTE/BLINDS ***
BackOrDie posts small blind 15
_SKR posts big blind 30
Dealt to _SKR [8h Jh]
*** PRE-FLOP *** 
BackOrDie folds
_SKR collected 45 from pot
*** SUMMARY ***
Total pot 45 | No rake
Seat 3: _SKR (big blind) won 45


Winamax Poker - Tournament "Expresso Nitro" buyIn: 1.86€ + 0.14€ level: 2 - HandId: #2696679058850185217-7-1675093168 - Holdem no limit (15/30) - 2023/01/30 15:39:28 UTC
Table: 'Expresso Nitro(627869521)#0' 3-max (real money) Seat #3 is the button
Seat 1: BackOrDie (210)
Seat 3: _SKR (690)
*** ANTE/BLINDS ***
_SKR posts small blind 15
BackOrDie posts big blind 30
Dealt to _SKR [Th Jc]
*** PRE-FLOP *** 
_SKR raises 660 to 690 and is all-in
BackOrDie calls 180 and is all-in
*** FLOP *** [4s 4h 4d]
*** TURN *** [4s 4h 4d][Ts]
*** RIVER *** [4s 4h 4d Ts][Qc]
*** SHOW DOWN ***
BackOrDie shows [Ah Jd] (Trips of 4)
_SKR shows [Th Jc] (Full of 4 and Tens)
_SKR collected 900 from pot
*** SUMMARY ***
Total pot 900 | No rake
Board: [4s 4h 4d Ts Qc]
Seat 1: BackOrDie (big blind) showed [Ah Jd] and lost with Trips of 4
Seat 3: _SKR (small blind) (button) showed [Th Jc] and won 900 with Full of 4 and Tens


