Winamax Poker - Tournament "Expresso Nitro" buyIn: 0.93€ + 0.07€ level: 1 - HandId: #2718695202943401985-1-1676295879 - Holdem no limit (10/20) - 2023/02/13 13:44:39 UTC
Table: 'Expresso Nitro(632995554)#0' 3-max (real money) Seat #3 is the button
Seat 1: _SKR (300)
Seat 2: Mike Matusow (300)
Seat 3: jankuloski69 (300)
*** ANTE/BLINDS ***
_SKR posts small blind 10
Mike Matusow posts big blind 20
Dealt to _SKR [2d 3h]
*** PRE-FLOP *** 
jankuloski69 calls 20
_SKR folds
Mike Matusow checks
*** FLOP *** [9h 4s 7h]
Mike Matusow checks
jankuloski69 bets 50
Mike Matusow folds
jankuloski69 collected 100 from pot
*** SUMMARY ***
Total pot 100 | No rake
Board: [9h 4s 7h]
Seat 3: jankuloski69 (button) won 100


Winamax Poker - Tournament "Expresso Nitro" buyIn: 0.93€ + 0.07€ level: 1 - HandId: #2718695202943401985-2-1676295894 - Holdem no limit (10/20) - 2023/02/13 13:44:54 UTC
Table: 'Expresso Nitro(632995554)#0' 3-max (real money) Seat #1 is the button
Seat 1: _SKR (290)
Seat 2: Mike Matusow (280)
Seat 3: jankuloski69 (330)
*** ANTE/BLINDS ***
Mike Matusow posts small blind 10
jankuloski69 posts big blind 20
Dealt to _SKR [5h Jc]
*** PRE-FLOP *** 
_SKR folds
Mike Matusow folds
jankuloski69 collected 30 from pot
*** SUMMARY ***
Total pot 30 | No rake
Seat 3: jankuloski69 (big blind) won 30


Winamax Poker - Tournament "Expresso Nitro" buyIn: 0.93€ + 0.07€ level: 1 - HandId: #2718695202943401985-3-1676295898 - Holdem no limit (10/20) - 2023/02/13 13:44:58 UTC
Table: 'Expresso Nitro(632995554)#0' 3-max (real money) Seat #2 is the button
Seat 1: _SKR (290)
Seat 2: Mike Matusow (270)
Seat 3: jankuloski69 (340)
*** ANTE/BLINDS ***
jankuloski69 posts small blind 10
_SKR posts big blind 20
Dealt to _SKR [Qh 7c]
*** PRE-FLOP *** 
Mike Matusow calls 20
jankuloski69 calls 10
_SKR checks
*** FLOP *** [8c 4d Kd]
jankuloski69 bets 60
_SKR folds
Mike Matusow folds
jankuloski69 collected 120 from pot
*** SUMMARY ***
Total pot 120 | No rake
Board: [8c 4d Kd]
Seat 3: jankuloski69 (small blind) won 120


Winamax Poker - Tournament "Expresso Nitro" buyIn: 0.93€ + 0.07€ level: 1 - HandId: #2718695202943401985-4-1676295912 - Holdem no limit (10/20) - 2023/02/13 13:45:12 UTC
Table: 'Expresso Nitro(632995554)#0' 3-max (real money) Seat #3 is the button
Seat 1: _SKR (270)
Seat 2: Mike Matusow (250)
Seat 3: jankuloski69 (380)
*** ANTE/BLINDS ***
_SKR posts small blind 10
Mike Matusow posts big blind 20
Dealt to _SKR [Js 8s]
*** PRE-FLOP *** 
jankuloski69 calls 20
_SKR folds
Mike Matusow checks
*** FLOP *** [8d Qh 2d]
Mike Matusow checks
jankuloski69 checks
*** TURN *** [8d Qh 2d][9c]
Mike Matusow checks
jankuloski69 checks
*** RIVER *** [8d Qh 2d 9c][Qd]
Mike Matusow checks
jankuloski69 checks
*** SHOW DOWN ***
jankuloski69 shows [6h Tc] (One pair : Queens)
Mike Matusow shows [As 4h] (One pair : Queens)
Mike Matusow collected 50 from pot
*** SUMMARY ***
Total pot 50 | No rake
Board: [8d Qh 2d 9c Qd]
Seat 2: Mike Matusow (big blind) showed [As 4h] and won 50 with One pair : Queens
Seat 3: jankuloski69 (button) showed [6h Tc] and lost with One pair : Queens


Winamax Poker - Tournament "Expresso Nitro" buyIn: 0.93€ + 0.07€ level: 2 - HandId: #2718695202943401985-5-1676295938 - Holdem no limit (15/30) - 2023/02/13 13:45:38 UTC
Table: 'Expresso Nitro(632995554)#0' 3-max (real money) Seat #1 is the button
Seat 1: _SKR (260)
Seat 2: Mike Matusow (280)
Seat 3: jankuloski69 (360)
*** ANTE/BLINDS ***
Mike Matusow posts small blind 15
jankuloski69 posts big blind 30
Dealt to _SKR [5h Jc]
*** PRE-FLOP *** 
_SKR folds
Mike Matusow folds
jankuloski69 collected 45 from pot
*** SUMMARY ***
Total pot 45 | No rake
Seat 3: jankuloski69 (big blind) won 45


Winamax Poker - Tournament "Expresso Nitro" buyIn: 0.93€ + 0.07€ level: 2 - HandId: #2718695202943401985-6-1676295942 - Holdem no limit (15/30) - 2023/02/13 13:45:42 UTC
Table: 'Expresso Nitro(632995554)#0' 3-max (real money) Seat #2 is the button
Seat 1: _SKR (260)
Seat 2: Mike Matusow (265)
Seat 3: jankuloski69 (375)
*** ANTE/BLINDS ***
jankuloski69 posts small blind 15
_SKR posts big blind 30
Dealt to _SKR [9s 4d]
*** PRE-FLOP *** 
Mike Matusow raises 60 to 90
jankuloski69 raises 60 to 150
_SKR folds
Mike Matusow calls 60
*** FLOP *** [Ah 2s Jh]
jankuloski69 bets 225 and is all-in
Mike Matusow calls 115 and is all-in
*** TURN *** [Ah 2s Jh][Qc]
*** RIVER *** [Ah 2s Jh Qc][2d]
*** SHOW DOWN ***
Mike Matusow shows [As 6s] (Two pairs : Aces and 2)
jankuloski69 shows [Td Ts] (Two pairs : Tens and 2)
jankuloski69 collected 110 from side pot 1
Mike Matusow collected 560 from main pot
*** SUMMARY ***
Total pot 670 | No rake
Board: [Ah 2s Jh Qc 2d]
Seat 2: Mike Matusow (button) showed [As 6s] and won 560 with Two pairs : Aces and 2
Seat 3: jankuloski69 (small blind) showed [Td Ts] and won 110 with Two pairs : Tens and 2


Winamax Poker - Tournament "Expresso Nitro" buyIn: 0.93€ + 0.07€ level: 2 - HandId: #2718695202943401985-7-1676295964 - Holdem no limit (15/30) - 2023/02/13 13:46:04 UTC
Table: 'Expresso Nitro(632995554)#0' 3-max (real money) Seat #3 is the button
Seat 1: _SKR (230)
Seat 2: Mike Matusow (560)
Seat 3: jankuloski69 (110)
*** ANTE/BLINDS ***
_SKR posts small blind 15
Mike Matusow posts big blind 30
Dealt to _SKR [4d Js]
*** PRE-FLOP *** 
jankuloski69 raises 80 to 110 and is all-in
_SKR folds
Mike Matusow folds
jankuloski69 collected 155 from pot
*** SUMMARY ***
Total pot 155 | No rake
Seat 3: jankuloski69 (button) won 155


Winamax Poker - Tournament "Expresso Nitro" buyIn: 0.93€ + 0.07€ level: 2 - HandId: #2718695202943401985-8-1676295975 - Holdem no limit (15/30) - 2023/02/13 13:46:15 UTC
Table: 'Expresso Nitro(632995554)#0' 3-max (real money) Seat #1 is the button
Seat 1: _SKR (215)
Seat 2: Mike Matusow (530)
Seat 3: jankuloski69 (155)
*** ANTE/BLINDS ***
Mike Matusow posts small blind 15
jankuloski69 posts big blind 30
Dealt to _SKR [Qd Kd]
*** PRE-FLOP *** 
_SKR raises 185 to 215 and is all-in
Mike Matusow folds
jankuloski69 calls 125 and is all-in
*** FLOP *** [Ts 5s 3d]
*** TURN *** [Ts 5s 3d][2s]
*** RIVER *** [Ts 5s 3d 2s][5c]
*** SHOW DOWN ***
_SKR shows [Qd Kd] (One pair : 5)
jankuloski69 shows [8h 8s] (Two pairs : 8 and 5)
jankuloski69 collected 325 from main pot
_SKR collected 60 from side pot 1
*** SUMMARY ***
Total pot 385 | No rake
Board: [Ts 5s 3d 2s 5c]
Seat 1: _SKR (button) showed [Qd Kd] and won 60 with One pair : 5
Seat 3: jankuloski69 (big blind) showed [8h 8s] and won 325 with Two pairs : 8 and 5


Winamax Poker - Tournament "Expresso Nitro" buyIn: 0.93€ + 0.07€ level: 2 - HandId: #2718695202943401985-9-1676295993 - Holdem no limit (15/30) - 2023/02/13 13:46:33 UTC
Table: 'Expresso Nitro(632995554)#0' 3-max (real money) Seat #2 is the button
Seat 1: _SKR (60)
Seat 2: Mike Matusow (515)
Seat 3: jankuloski69 (325)
*** ANTE/BLINDS ***
jankuloski69 posts small blind 15
_SKR posts big blind 30
Dealt to _SKR [2s Th]
*** PRE-FLOP *** 
Mike Matusow folds
jankuloski69 calls 15
_SKR checks
*** FLOP *** [8d Tc Ad]
jankuloski69 checks
_SKR checks
*** TURN *** [8d Tc Ad][Jh]
jankuloski69 checks
_SKR checks
*** RIVER *** [8d Tc Ad Jh][Qc]
jankuloski69 bets 295 and is all-in
_SKR folds
jankuloski69 collected 355 from pot
*** SUMMARY ***
Total pot 355 | No rake
Board: [8d Tc Ad Jh Qc]
Seat 3: jankuloski69 (small blind) won 355


Winamax Poker - Tournament "Expresso Nitro" buyIn: 0.93€ + 0.07€ level: 3 - HandId: #2718695202943401985-10-1676296031 - Holdem no limit (20/40) - 2023/02/13 13:47:11 UTC
Table: 'Expresso Nitro(632995554)#0' 3-max (real money) Seat #3 is the button
Seat 1: _SKR (30)
Seat 2: Mike Matusow (515)
Seat 3: jankuloski69 (355)
*** ANTE/BLINDS ***
_SKR posts small blind 20
Mike Matusow posts big blind 40
Dealt to _SKR [2h 8s]
*** PRE-FLOP *** 
jankuloski69 calls 40
_SKR calls 10 and is all-in
Mike Matusow checks
*** FLOP *** [6c Th 4d]
Mike Matusow bets 40
jankuloski69 raises 40 to 80
Mike Matusow calls 40
*** TURN *** [6c Th 4d][2d]
Mike Matusow checks
jankuloski69 checks
*** RIVER *** [6c Th 4d 2d][8h]
Mike Matusow checks
jankuloski69 checks
*** SHOW DOWN ***
Mike Matusow shows [Jc 4c] (One pair : 4)
_SKR shows [2h 8s] (Two pairs : 8 and 2)
jankuloski69 shows [Tc 3c] (One pair : Tens)
jankuloski69 collected 180 from side pot 1
_SKR collected 90 from main pot
*** SUMMARY ***
Total pot 270 | No rake
Board: [6c Th 4d 2d 8h]
Seat 1: _SKR (small blind) showed [2h 8s] and won 90 with Two pairs : 8 and 2
Seat 2: Mike Matusow (big blind) showed [Jc 4c] and lost with One pair : 4
Seat 3: jankuloski69 (button) showed [Tc 3c] and won 180 with One pair : Tens


Winamax Poker - Tournament "Expresso Nitro" buyIn: 0.93€ + 0.07€ level: 4 - HandId: #2718695202943401985-11-1676296059 - Holdem no limit (30/60) - 2023/02/13 13:47:39 UTC
Table: 'Expresso Nitro(632995554)#0' 3-max (real money) Seat #1 is the button
Seat 1: _SKR (90)
Seat 2: Mike Matusow (395)
Seat 3: jankuloski69 (415)
*** ANTE/BLINDS ***
Mike Matusow posts small blind 30
jankuloski69 posts big blind 60
Dealt to _SKR [5d Ts]
*** PRE-FLOP *** 
_SKR folds
Mike Matusow folds
jankuloski69 collected 90 from pot
*** SUMMARY ***
Total pot 90 | No rake
Seat 3: jankuloski69 (big blind) won 90


Winamax Poker - Tournament "Expresso Nitro" buyIn: 0.93€ + 0.07€ level: 4 - HandId: #2718695202943401985-12-1676296064 - Holdem no limit (30/60) - 2023/02/13 13:47:44 UTC
Table: 'Expresso Nitro(632995554)#0' 3-max (real money) Seat #2 is the button
Seat 1: _SKR (90)
Seat 2: Mike Matusow (365)
Seat 3: jankuloski69 (445)
*** ANTE/BLINDS ***
jankuloski69 posts small blind 30
_SKR posts big blind 60
Dealt to _SKR [Qh 2s]
*** PRE-FLOP *** 
Mike Matusow folds
jankuloski69 calls 30
_SKR raises 30 to 90 and is all-in
jankuloski69 calls 30
*** FLOP *** [7h Jh 9d]
*** TURN *** [7h Jh 9d][Ad]
*** RIVER *** [7h Jh 9d Ad][7c]
*** SHOW DOWN ***
_SKR shows [Qh 2s] (One pair : 7)
jankuloski69 shows [Qc 7d] (Trips of 7)
jankuloski69 collected 180 from pot
*** SUMMARY ***
Total pot 180 | No rake
Board: [7h Jh 9d Ad 7c]
Seat 1: _SKR (big blind) showed [Qh 2s] and lost with One pair : 7
Seat 3: jankuloski69 (small blind) showed [Qc 7d] and won 180 with Trips of 7


