Winamax Poker - Tournament "Expresso Nitro" buyIn: 1.86€ + 0.14€ level: 1 - HandId: #2696847829590081537-1-1675100482 - Holdem no limit (10/20) - 2023/01/30 17:41:22 UTC
Table: 'Expresso Nitro(627908816)#0' 3-max (real money) Seat #3 is the button
Seat 1: Arbasoen (300)
Seat 2: HUlooGEser (300)
Seat 3: _SKR (300)
*** ANTE/BLINDS ***
Arbasoen posts small blind 10
HUlooGEser posts big blind 20
Dealt to _SKR [5d 9d]
*** PRE-FLOP *** 
_SKR folds
Arbasoen calls 10
HUlooGEser checks
*** FLOP *** [3h 6c Ks]
Arbasoen checks
HUlooGEser checks
*** TURN *** [3h 6c Ks][4s]
Arbasoen checks
HUlooGEser checks
*** RIVER *** [3h 6c Ks 4s][Jc]
Arbasoen bets 20
HUlooGEser calls 20
*** SHOW DOWN ***
HUlooGEser shows [7h Qs] (High card : King)
Arbasoen shows [6d Th] (One pair : 6)
Arbasoen collected 80 from pot
*** SUMMARY ***
Total pot 80 | No rake
Board: [3h 6c Ks 4s Jc]
Seat 1: Arbasoen (small blind) showed [6d Th] and won 80 with One pair : 6
Seat 2: HUlooGEser (big blind) showed [7h Qs] and lost with High card : King


Winamax Poker - Tournament "Expresso Nitro" buyIn: 1.86€ + 0.14€ level: 1 - HandId: #2696847829590081537-2-1675100520 - Holdem no limit (10/20) - 2023/01/30 17:42:00 UTC
Table: 'Expresso Nitro(627908816)#0' 3-max (real money) Seat #1 is the button
Seat 1: Arbasoen (340)
Seat 2: HUlooGEser (260)
Seat 3: _SKR (300)
*** ANTE/BLINDS ***
HUlooGEser posts small blind 10
_SKR posts big blind 20
Dealt to _SKR [6c Qs]
*** PRE-FLOP *** 
Arbasoen folds
HUlooGEser calls 10
_SKR checks
*** FLOP *** [9s Jh 2h]
HUlooGEser bets 40
_SKR folds
HUlooGEser collected 80 from pot
*** SUMMARY ***
Total pot 80 | No rake
Board: [9s Jh 2h]
Seat 2: HUlooGEser (small blind) won 80


Winamax Poker - Tournament "Expresso Nitro" buyIn: 1.86€ + 0.14€ level: 2 - HandId: #2696847829590081537-3-1675100538 - Holdem no limit (15/30) - 2023/01/30 17:42:18 UTC
Table: 'Expresso Nitro(627908816)#0' 3-max (real money) Seat #2 is the button
Seat 1: Arbasoen (340)
Seat 2: HUlooGEser (280)
Seat 3: _SKR (280)
*** ANTE/BLINDS ***
_SKR posts small blind 15
Arbasoen posts big blind 30
Dealt to _SKR [2h 9s]
*** PRE-FLOP *** 
HUlooGEser folds
_SKR folds
Arbasoen collected 45 from pot
*** SUMMARY ***
Total pot 45 | No rake
Seat 1: Arbasoen (big blind) won 45


Winamax Poker - Tournament "Expresso Nitro" buyIn: 1.86€ + 0.14€ level: 2 - HandId: #2696847829590081537-4-1675100544 - Holdem no limit (15/30) - 2023/01/30 17:42:24 UTC
Table: 'Expresso Nitro(627908816)#0' 3-max (real money) Seat #3 is the button
Seat 1: Arbasoen (355)
Seat 2: HUlooGEser (280)
Seat 3: _SKR (265)
*** ANTE/BLINDS ***
Arbasoen posts small blind 15
HUlooGEser posts big blind 30
Dealt to _SKR [Ad 4c]
*** PRE-FLOP *** 
_SKR raises 235 to 265 and is all-in
Arbasoen folds
HUlooGEser folds
_SKR collected 310 from pot
*** SUMMARY ***
Total pot 310 | No rake
Seat 3: _SKR (button) won 310


Winamax Poker - Tournament "Expresso Nitro" buyIn: 1.86€ + 0.14€ level: 2 - HandId: #2696847829590081537-5-1675100552 - Holdem no limit (15/30) - 2023/01/30 17:42:32 UTC
Table: 'Expresso Nitro(627908816)#0' 3-max (real money) Seat #1 is the button
Seat 1: Arbasoen (340)
Seat 2: HUlooGEser (250)
Seat 3: _SKR (310)
*** ANTE/BLINDS ***
HUlooGEser posts small blind 15
_SKR posts big blind 30
Dealt to _SKR [Ac 7d]
*** PRE-FLOP *** 
Arbasoen folds
HUlooGEser folds
_SKR collected 45 from pot
*** SUMMARY ***
Total pot 45 | No rake
Seat 3: _SKR (big blind) won 45


Winamax Poker - Tournament "Expresso Nitro" buyIn: 1.86€ + 0.14€ level: 2 - HandId: #2696847829590081537-6-1675100557 - Holdem no limit (15/30) - 2023/01/30 17:42:37 UTC
Table: 'Expresso Nitro(627908816)#0' 3-max (real money) Seat #2 is the button
Seat 1: Arbasoen (340)
Seat 2: HUlooGEser (235)
Seat 3: _SKR (325)
*** ANTE/BLINDS ***
_SKR posts small blind 15
Arbasoen posts big blind 30
Dealt to _SKR [2d Qc]
*** PRE-FLOP *** 
HUlooGEser raises 205 to 235 and is all-in
_SKR folds
Arbasoen folds
HUlooGEser collected 280 from pot
*** SUMMARY ***
Total pot 280 | No rake
Seat 2: HUlooGEser (button) won 280


Winamax Poker - Tournament "Expresso Nitro" buyIn: 1.86€ + 0.14€ level: 2 - HandId: #2696847829590081537-7-1675100572 - Holdem no limit (15/30) - 2023/01/30 17:42:52 UTC
Table: 'Expresso Nitro(627908816)#0' 3-max (real money) Seat #3 is the button
Seat 1: Arbasoen (310)
Seat 2: HUlooGEser (280)
Seat 3: _SKR (310)
*** ANTE/BLINDS ***
Arbasoen posts small blind 15
HUlooGEser posts big blind 30
Dealt to _SKR [As 6c]
*** PRE-FLOP *** 
_SKR raises 280 to 310 and is all-in
Arbasoen folds
HUlooGEser calls 250 and is all-in
*** FLOP *** [8c 5d 2d]
*** TURN *** [8c 5d 2d][9h]
*** RIVER *** [8c 5d 2d 9h][2c]
*** SHOW DOWN ***
HUlooGEser shows [4c 4d] (Two pairs : 4 and 2)
_SKR shows [As 6c] (One pair : 2)
_SKR collected 30 from side pot 1
HUlooGEser collected 575 from main pot
*** SUMMARY ***
Total pot 605 | No rake
Board: [8c 5d 2d 9h 2c]
Seat 2: HUlooGEser (big blind) showed [4c 4d] and won 575 with Two pairs : 4 and 2
Seat 3: _SKR (button) showed [As 6c] and won 30 with One pair : 2


Winamax Poker - Tournament "Expresso Nitro" buyIn: 1.86€ + 0.14€ level: 2 - HandId: #2696847829590081537-8-1675100591 - Holdem no limit (15/30) - 2023/01/30 17:43:11 UTC
Table: 'Expresso Nitro(627908816)#0' 3-max (real money) Seat #1 is the button
Seat 1: Arbasoen (295)
Seat 2: HUlooGEser (575)
Seat 3: _SKR (30)
*** ANTE/BLINDS ***
HUlooGEser posts small blind 15
_SKR posts big blind 30 and is all-in
Dealt to _SKR [5c Qc]
*** PRE-FLOP *** 
Arbasoen folds
HUlooGEser calls 15
*** FLOP *** [3d 5d 2h]
*** TURN *** [3d 5d 2h][Js]
*** RIVER *** [3d 5d 2h Js][4c]
*** SHOW DOWN ***
HUlooGEser shows [9s 2s] (One pair : 2)
_SKR shows [5c Qc] (One pair : 5)
_SKR collected 60 from pot
*** SUMMARY ***
Total pot 60 | No rake
Board: [3d 5d 2h Js 4c]
Seat 2: HUlooGEser (small blind) showed [9s 2s] and lost with One pair : 2
Seat 3: _SKR (big blind) showed [5c Qc] and won 60 with One pair : 5


Winamax Poker - Tournament "Expresso Nitro" buyIn: 1.86€ + 0.14€ level: 3 - HandId: #2696847829590081537-9-1675100612 - Holdem no limit (20/40) - 2023/01/30 17:43:32 UTC
Table: 'Expresso Nitro(627908816)#0' 3-max (real money) Seat #2 is the button
Seat 1: Arbasoen (295)
Seat 2: HUlooGEser (545)
Seat 3: _SKR (60)
*** ANTE/BLINDS ***
_SKR posts small blind 20
Arbasoen posts big blind 40
Dealt to _SKR [9c Qc]
*** PRE-FLOP *** 
HUlooGEser raises 40 to 80
_SKR calls 40 and is all-in
Arbasoen calls 40
*** FLOP *** [Kd 4s Td]
Arbasoen checks
HUlooGEser bets 40
Arbasoen raises 60 to 100
HUlooGEser folds
*** TURN *** [Kd 4s Td][6c]
*** RIVER *** [Kd 4s Td 6c][9h]
*** SHOW DOWN ***
_SKR shows [9c Qc] (One pair : 9)
Arbasoen shows [8h Kc] (One pair : Kings)
Arbasoen collected 360 from pot
*** SUMMARY ***
Total pot 360 | No rake
Board: [Kd 4s Td 6c 9h]
Seat 1: Arbasoen (big blind) showed [8h Kc] and won 360 with One pair : Kings
Seat 3: _SKR (small blind) showed [9c Qc] and lost with One pair : 9


