Winamax Poker - Tournament "Expresso Nitro" buyIn: 0.93€ + 0.07€ level: 1 - HandId: #2689768340506804225-1-1674650684 - Holdem no limit (10/20) - 2023/01/25 12:44:44 UTC
Table: 'Expresso Nitro(626260494)#0' 3-max (real money) Seat #3 is the button
Seat 1: _SKR (300)
Seat 2: Michk (300)
Seat 3: QINTFLUNCH (300)
*** ANTE/BLINDS ***
_SKR posts small blind 10
Michk posts big blind 20
Dealt to _SKR [Tc 3d]
*** PRE-FLOP *** 
QINTFLUNCH raises 20 to 40
_SKR folds
Michk folds
QINTFLUNCH collected 70 from pot
*** SUMMARY ***
Total pot 70 | No rake
Seat 3: QINTFLUNCH (button) won 70


Winamax Poker - Tournament "Expresso Nitro" buyIn: 0.93€ + 0.07€ level: 1 - HandId: #2689768340506804225-2-1674650705 - Holdem no limit (10/20) - 2023/01/25 12:45:05 UTC
Table: 'Expresso Nitro(626260494)#0' 3-max (real money) Seat #1 is the button
Seat 1: _SKR (290)
Seat 2: Michk (280)
Seat 3: QINTFLUNCH (330)
*** ANTE/BLINDS ***
Michk posts small blind 10
QINTFLUNCH posts big blind 20
Dealt to _SKR [9h 7s]
*** PRE-FLOP *** 
_SKR folds
Michk folds
QINTFLUNCH collected 30 from pot
*** SUMMARY ***
Total pot 30 | No rake
Seat 3: QINTFLUNCH (big blind) won 30


Winamax Poker - Tournament "Expresso Nitro" buyIn: 0.93€ + 0.07€ level: 1 - HandId: #2689768340506804225-3-1674650713 - Holdem no limit (10/20) - 2023/01/25 12:45:13 UTC
Table: 'Expresso Nitro(626260494)#0' 3-max (real money) Seat #2 is the button
Seat 1: _SKR (290)
Seat 2: Michk (270)
Seat 3: QINTFLUNCH (340)
*** ANTE/BLINDS ***
QINTFLUNCH posts small blind 10
_SKR posts big blind 20
Dealt to _SKR [3s 4h]
*** PRE-FLOP *** 
Michk calls 20
QINTFLUNCH raises 320 to 340 and is all-in
_SKR folds
Michk folds
QINTFLUNCH collected 380 from pot
*** SUMMARY ***
Total pot 380 | No rake
Seat 3: QINTFLUNCH (small blind) won 380


Winamax Poker - Tournament "Expresso Nitro" buyIn: 0.93€ + 0.07€ level: 1 - HandId: #2689768340506804225-4-1674650737 - Holdem no limit (10/20) - 2023/01/25 12:45:37 UTC
Table: 'Expresso Nitro(626260494)#0' 3-max (real money) Seat #3 is the button
Seat 1: _SKR (270)
Seat 2: Michk (250)
Seat 3: QINTFLUNCH (380)
*** ANTE/BLINDS ***
_SKR posts small blind 10
Michk posts big blind 20
Dealt to _SKR [4d 5c]
*** PRE-FLOP *** 
QINTFLUNCH raises 20 to 40
_SKR folds
Michk calls 20
*** FLOP *** [As 6s 9s]
Michk checks
QINTFLUNCH checks
*** TURN *** [As 6s 9s][4c]
Michk checks
QINTFLUNCH bets 45
Michk folds
QINTFLUNCH collected 135 from pot
*** SUMMARY ***
Total pot 135 | No rake
Board: [As 6s 9s 4c]
Seat 3: QINTFLUNCH (button) won 135


Winamax Poker - Tournament "Expresso Nitro" buyIn: 0.93€ + 0.07€ level: 2 - HandId: #2689768340506804225-5-1674650761 - Holdem no limit (15/30) - 2023/01/25 12:46:01 UTC
Table: 'Expresso Nitro(626260494)#0' 3-max (real money) Seat #1 is the button
Seat 1: _SKR (260)
Seat 2: Michk (210)
Seat 3: QINTFLUNCH (430)
*** ANTE/BLINDS ***
Michk posts small blind 15
QINTFLUNCH posts big blind 30
Dealt to _SKR [7h As]
*** PRE-FLOP *** 
_SKR raises 230 to 260 and is all-in
Michk folds
QINTFLUNCH folds
_SKR collected 305 from pot
*** SUMMARY ***
Total pot 305 | No rake
Seat 1: _SKR (button) won 305


Winamax Poker - Tournament "Expresso Nitro" buyIn: 0.93€ + 0.07€ level: 2 - HandId: #2689768340506804225-6-1674650768 - Holdem no limit (15/30) - 2023/01/25 12:46:08 UTC
Table: 'Expresso Nitro(626260494)#0' 3-max (real money) Seat #2 is the button
Seat 1: _SKR (305)
Seat 2: Michk (195)
Seat 3: QINTFLUNCH (400)
*** ANTE/BLINDS ***
QINTFLUNCH posts small blind 15
_SKR posts big blind 30
Dealt to _SKR [3c Tc]
*** PRE-FLOP *** 
Michk raises 165 to 195 and is all-in
QINTFLUNCH raises 205 to 400 and is all-in
_SKR folds
*** FLOP *** [Jc 8d 2s]
*** TURN *** [Jc 8d 2s][Qs]
*** RIVER *** [Jc 8d 2s Qs][9h]
*** SHOW DOWN ***
Michk shows [5d Qh] (One pair : Queens)
QINTFLUNCH shows [Ad Ts] (Straight Queen high)
QINTFLUNCH collected 625 from pot
*** SUMMARY ***
Total pot 625 | No rake
Board: [Jc 8d 2s Qs 9h]
Seat 2: Michk (button) showed [5d Qh] and lost with One pair : Queens
Seat 3: QINTFLUNCH (small blind) showed [Ad Ts] and won 625 with Straight Queen high


Winamax Poker - Tournament "Expresso Nitro" buyIn: 0.93€ + 0.07€ level: 2 - HandId: #2689768340506804225-7-1674650788 - Holdem no limit (15/30) - 2023/01/25 12:46:28 UTC
Table: 'Expresso Nitro(626260494)#0' 3-max (real money) Seat #1 is the button
Seat 1: _SKR (275)
Seat 3: QINTFLUNCH (625)
*** ANTE/BLINDS ***
_SKR posts small blind 15
QINTFLUNCH posts big blind 30
Dealt to _SKR [8s 8d]
*** PRE-FLOP *** 
_SKR raises 245 to 275 and is all-in
QINTFLUNCH calls 245
*** FLOP *** [6d Kh Ad]
*** TURN *** [6d Kh Ad][2h]
*** RIVER *** [6d Kh Ad 2h][Ks]
*** SHOW DOWN ***
QINTFLUNCH shows [5d 5h] (Two pairs : Kings and 5)
_SKR shows [8s 8d] (Two pairs : Kings and 8)
_SKR collected 550 from pot
*** SUMMARY ***
Total pot 550 | No rake
Board: [6d Kh Ad 2h Ks]
Seat 1: _SKR (small blind) (button) showed [8s 8d] and won 550 with Two pairs : Kings and 8
Seat 3: QINTFLUNCH (big blind) showed [5d 5h] and lost with Two pairs : Kings and 5


Winamax Poker - Tournament "Expresso Nitro" buyIn: 0.93€ + 0.07€ level: 3 - HandId: #2689768340506804225-8-1674650805 - Holdem no limit (20/40) - 2023/01/25 12:46:45 UTC
Table: 'Expresso Nitro(626260494)#0' 3-max (real money) Seat #3 is the button
Seat 1: _SKR (550)
Seat 3: QINTFLUNCH (350)
*** ANTE/BLINDS ***
QINTFLUNCH posts small blind 20
_SKR posts big blind 40
Dealt to _SKR [As Ac]
*** PRE-FLOP *** 
QINTFLUNCH raises 310 to 350 and is all-in
_SKR raises 200 to 550 and is all-in
*** FLOP *** [6d Js 8s]
*** TURN *** [6d Js 8s][3h]
*** RIVER *** [6d Js 8s 3h][Qd]
*** SHOW DOWN ***
QINTFLUNCH shows [6c Kh] (One pair : 6)
_SKR shows [As Ac] (One pair : Aces)
_SKR collected 900 from pot
*** SUMMARY ***
Total pot 900 | No rake
Board: [6d Js 8s 3h Qd]
Seat 1: _SKR (big blind) showed [As Ac] and won 900 with One pair : Aces
Seat 3: QINTFLUNCH (small blind) (button) showed [6c Kh] and lost with One pair : 6


