Winamax Poker - Tournament "Expresso Nitro" buyIn: 0.93€ + 0.07€ level: 1 - HandId: #2666562241364492289-1-1673283210 - Holdem no limit (10/20) - 2023/01/09 16:53:30 UTC
Table: 'Expresso Nitro(620857403)#0' 3-max (real money) Seat #3 is the button
Seat 1: _SKR (300)
Seat 2: REMY_Mage545 (300)
Seat 3: dalmeciga (300)
*** ANTE/BLINDS ***
_SKR posts small blind 10
REMY_Mage545 posts big blind 20
Dealt to _SKR [2s Kd]
*** PRE-FLOP *** 
dalmeciga raises 280 to 300 and is all-in
_SKR folds
REMY_Mage545 calls 280 and is all-in
*** FLOP *** [Kc As 3c]
*** TURN *** [Kc As 3c][2d]
*** RIVER *** [Kc As 3c 2d][3h]
*** SHOW DOWN ***
dalmeciga shows [6s 6d] (Two pairs : 6 and 3)
REMY_Mage545 shows [7d Ah] (Two pairs : Aces and 3)
REMY_Mage545 collected 610 from pot
*** SUMMARY ***
Total pot 610 | No rake
Board: [Kc As 3c 2d 3h]
Seat 2: REMY_Mage545 (big blind) showed [7d Ah] and won 610 with Two pairs : Aces and 3
Seat 3: dalmeciga (button) showed [6s 6d] and lost with Two pairs : 6 and 3


Winamax Poker - Tournament "Expresso Nitro" buyIn: 0.93€ + 0.07€ level: 1 - HandId: #2666562241364492289-2-1673283226 - Holdem no limit (10/20) - 2023/01/09 16:53:46 UTC
Table: 'Expresso Nitro(620857403)#0' 3-max (real money) Seat #2 is the button
Seat 1: _SKR (290)
Seat 2: REMY_Mage545 (610)
*** ANTE/BLINDS ***
REMY_Mage545 posts small blind 10
_SKR posts big blind 20
Dealt to _SKR [7s Qc]
*** PRE-FLOP *** 
REMY_Mage545 raises 590 to 610 and is all-in
_SKR folds
REMY_Mage545 collected 630 from pot
*** SUMMARY ***
Total pot 630 | No rake
Seat 2: REMY_Mage545 (small blind) (button) won 630


Winamax Poker - Tournament "Expresso Nitro" buyIn: 0.93€ + 0.07€ level: 1 - HandId: #2666562241364492289-3-1673283230 - Holdem no limit (10/20) - 2023/01/09 16:53:50 UTC
Table: 'Expresso Nitro(620857403)#0' 3-max (real money) Seat #1 is the button
Seat 1: _SKR (270)
Seat 2: REMY_Mage545 (630)
*** ANTE/BLINDS ***
_SKR posts small blind 10
REMY_Mage545 posts big blind 20
Dealt to _SKR [6d Ks]
*** PRE-FLOP *** 
_SKR calls 10
REMY_Mage545 raises 80 to 100
_SKR folds
REMY_Mage545 collected 120 from pot
*** SUMMARY ***
Total pot 120 | No rake
Seat 2: REMY_Mage545 (big blind) won 120


Winamax Poker - Tournament "Expresso Nitro" buyIn: 0.93€ + 0.07€ level: 1 - HandId: #2666562241364492289-4-1673283239 - Holdem no limit (10/20) - 2023/01/09 16:53:59 UTC
Table: 'Expresso Nitro(620857403)#0' 3-max (real money) Seat #2 is the button
Seat 1: _SKR (250)
Seat 2: REMY_Mage545 (650)
*** ANTE/BLINDS ***
REMY_Mage545 posts small blind 10
_SKR posts big blind 20
Dealt to _SKR [7h 6s]
*** PRE-FLOP *** 
REMY_Mage545 raises 630 to 650 and is all-in
_SKR folds
REMY_Mage545 collected 670 from pot
*** SUMMARY ***
Total pot 670 | No rake
Seat 2: REMY_Mage545 (small blind) (button) won 670


Winamax Poker - Tournament "Expresso Nitro" buyIn: 0.93€ + 0.07€ level: 1 - HandId: #2666562241364492289-5-1673283244 - Holdem no limit (10/20) - 2023/01/09 16:54:04 UTC
Table: 'Expresso Nitro(620857403)#0' 3-max (real money) Seat #1 is the button
Seat 1: _SKR (230)
Seat 2: REMY_Mage545 (670)
*** ANTE/BLINDS ***
_SKR posts small blind 10
REMY_Mage545 posts big blind 20
Dealt to _SKR [Jd Js]
*** PRE-FLOP *** 
_SKR calls 10
REMY_Mage545 checks
*** FLOP *** [Jc 7s 2d]
REMY_Mage545 checks
_SKR bets 20
REMY_Mage545 calls 20
*** TURN *** [Jc 7s 2d][7c]
REMY_Mage545 checks
_SKR checks
*** RIVER *** [Jc 7s 2d 7c][3d]
REMY_Mage545 bets 20
_SKR raises 50 to 70
REMY_Mage545 folds
_SKR collected 170 from pot
*** SUMMARY ***
Total pot 170 | No rake
Board: [Jc 7s 2d 7c 3d]
Seat 1: _SKR (small blind) (button) won 170


Winamax Poker - Tournament "Expresso Nitro" buyIn: 0.93€ + 0.07€ level: 1 - HandId: #2666562241364492289-6-1673283263 - Holdem no limit (10/20) - 2023/01/09 16:54:23 UTC
Table: 'Expresso Nitro(620857403)#0' 3-max (real money) Seat #2 is the button
Seat 1: _SKR (290)
Seat 2: REMY_Mage545 (610)
*** ANTE/BLINDS ***
REMY_Mage545 posts small blind 10
_SKR posts big blind 20
Dealt to _SKR [5d Ad]
*** PRE-FLOP *** 
REMY_Mage545 calls 10
_SKR raises 270 to 290 and is all-in
REMY_Mage545 folds
_SKR collected 310 from pot
*** SUMMARY ***
Total pot 310 | No rake
Seat 1: _SKR (big blind) won 310


Winamax Poker - Tournament "Expresso Nitro" buyIn: 0.93€ + 0.07€ level: 2 - HandId: #2666562241364492289-7-1673283270 - Holdem no limit (15/30) - 2023/01/09 16:54:30 UTC
Table: 'Expresso Nitro(620857403)#0' 3-max (real money) Seat #1 is the button
Seat 1: _SKR (310)
Seat 2: REMY_Mage545 (590)
*** ANTE/BLINDS ***
_SKR posts small blind 15
REMY_Mage545 posts big blind 30
Dealt to _SKR [4s 9h]
*** PRE-FLOP *** 
_SKR folds
REMY_Mage545 collected 45 from pot
*** SUMMARY ***
Total pot 45 | No rake
Seat 2: REMY_Mage545 (big blind) won 45


Winamax Poker - Tournament "Expresso Nitro" buyIn: 0.93€ + 0.07€ level: 2 - HandId: #2666562241364492289-8-1673283274 - Holdem no limit (15/30) - 2023/01/09 16:54:34 UTC
Table: 'Expresso Nitro(620857403)#0' 3-max (real money) Seat #2 is the button
Seat 1: _SKR (295)
Seat 2: REMY_Mage545 (605)
*** ANTE/BLINDS ***
REMY_Mage545 posts small blind 15
_SKR posts big blind 30
Dealt to _SKR [Th Kc]
*** PRE-FLOP *** 
REMY_Mage545 calls 15
_SKR raises 265 to 295 and is all-in
REMY_Mage545 folds
_SKR collected 325 from pot
*** SUMMARY ***
Total pot 325 | No rake
Seat 1: _SKR (big blind) won 325


Winamax Poker - Tournament "Expresso Nitro" buyIn: 0.93€ + 0.07€ level: 2 - HandId: #2666562241364492289-9-1673283280 - Holdem no limit (15/30) - 2023/01/09 16:54:40 UTC
Table: 'Expresso Nitro(620857403)#0' 3-max (real money) Seat #1 is the button
Seat 1: _SKR (325)
Seat 2: REMY_Mage545 (575)
*** ANTE/BLINDS ***
_SKR posts small blind 15
REMY_Mage545 posts big blind 30
Dealt to _SKR [8d 4c]
*** PRE-FLOP *** 
_SKR folds
REMY_Mage545 collected 45 from pot
*** SUMMARY ***
Total pot 45 | No rake
Seat 2: REMY_Mage545 (big blind) won 45


Winamax Poker - Tournament "Expresso Nitro" buyIn: 0.93€ + 0.07€ level: 2 - HandId: #2666562241364492289-10-1673283285 - Holdem no limit (15/30) - 2023/01/09 16:54:45 UTC
Table: 'Expresso Nitro(620857403)#0' 3-max (real money) Seat #2 is the button
Seat 1: _SKR (310)
Seat 2: REMY_Mage545 (590)
*** ANTE/BLINDS ***
REMY_Mage545 posts small blind 15
_SKR posts big blind 30
Dealt to _SKR [Js 7h]
*** PRE-FLOP *** 
REMY_Mage545 folds
_SKR collected 45 from pot
*** SUMMARY ***
Total pot 45 | No rake
Seat 1: _SKR (big blind) won 45


Winamax Poker - Tournament "Expresso Nitro" buyIn: 0.93€ + 0.07€ level: 2 - HandId: #2666562241364492289-11-1673283289 - Holdem no limit (15/30) - 2023/01/09 16:54:49 UTC
Table: 'Expresso Nitro(620857403)#0' 3-max (real money) Seat #1 is the button
Seat 1: _SKR (325)
Seat 2: REMY_Mage545 (575)
*** ANTE/BLINDS ***
_SKR posts small blind 15
REMY_Mage545 posts big blind 30
Dealt to _SKR [5s 8c]
*** PRE-FLOP *** 
_SKR folds
REMY_Mage545 collected 45 from pot
*** SUMMARY ***
Total pot 45 | No rake
Seat 2: REMY_Mage545 (big blind) won 45


Winamax Poker - Tournament "Expresso Nitro" buyIn: 0.93€ + 0.07€ level: 2 - HandId: #2666562241364492289-12-1673283292 - Holdem no limit (15/30) - 2023/01/09 16:54:52 UTC
Table: 'Expresso Nitro(620857403)#0' 3-max (real money) Seat #2 is the button
Seat 1: _SKR (310)
Seat 2: REMY_Mage545 (590)
*** ANTE/BLINDS ***
REMY_Mage545 posts small blind 15
_SKR posts big blind 30
Dealt to _SKR [4s Ts]
*** PRE-FLOP *** 
REMY_Mage545 calls 15
_SKR checks
*** FLOP *** [5d 3s 3h]
_SKR checks
REMY_Mage545 bets 60
_SKR folds
REMY_Mage545 collected 120 from pot
*** SUMMARY ***
Total pot 120 | No rake
Board: [5d 3s 3h]
Seat 2: REMY_Mage545 (small blind) (button) won 120


Winamax Poker - Tournament "Expresso Nitro" buyIn: 0.93€ + 0.07€ level: 2 - HandId: #2666562241364492289-13-1673283301 - Holdem no limit (15/30) - 2023/01/09 16:55:01 UTC
Table: 'Expresso Nitro(620857403)#0' 3-max (real money) Seat #1 is the button
Seat 1: _SKR (280)
Seat 2: REMY_Mage545 (620)
*** ANTE/BLINDS ***
_SKR posts small blind 15
REMY_Mage545 posts big blind 30
Dealt to _SKR [Kc Qs]
*** PRE-FLOP *** 
_SKR raises 250 to 280 and is all-in
REMY_Mage545 raises 340 to 620 and is all-in
*** FLOP *** [Ad 8c 3d]
*** TURN *** [Ad 8c 3d][2h]
*** RIVER *** [Ad 8c 3d 2h][Ks]
*** SHOW DOWN ***
_SKR shows [Kc Qs] (One pair : Kings)
REMY_Mage545 shows [7d 7s] (One pair : 7)
REMY_Mage545 collected 340 from side pot 1
_SKR collected 560 from main pot
*** SUMMARY ***
Total pot 900 | No rake
Board: [Ad 8c 3d 2h Ks]
Seat 1: _SKR (small blind) (button) showed [Kc Qs] and won 560 with One pair : Kings
Seat 2: REMY_Mage545 (big blind) showed [7d 7s] and won 340 with One pair : 7


Winamax Poker - Tournament "Expresso Nitro" buyIn: 0.93€ + 0.07€ level: 2 - HandId: #2666562241364492289-14-1673283311 - Holdem no limit (15/30) - 2023/01/09 16:55:11 UTC
Table: 'Expresso Nitro(620857403)#0' 3-max (real money) Seat #2 is the button
Seat 1: _SKR (560)
Seat 2: REMY_Mage545 (340)
*** ANTE/BLINDS ***
REMY_Mage545 posts small blind 15
_SKR posts big blind 30
Dealt to _SKR [2s Qh]
*** PRE-FLOP *** 
REMY_Mage545 raises 310 to 340 and is all-in
_SKR folds
REMY_Mage545 collected 370 from pot
*** SUMMARY ***
Total pot 370 | No rake
Seat 2: REMY_Mage545 (small blind) (button) won 370


Winamax Poker - Tournament "Expresso Nitro" buyIn: 0.93€ + 0.07€ level: 2 - HandId: #2666562241364492289-15-1673283319 - Holdem no limit (15/30) - 2023/01/09 16:55:19 UTC
Table: 'Expresso Nitro(620857403)#0' 3-max (real money) Seat #1 is the button
Seat 1: _SKR (530)
Seat 2: REMY_Mage545 (370)
*** ANTE/BLINDS ***
_SKR posts small blind 15
REMY_Mage545 posts big blind 30
Dealt to _SKR [5h 4c]
*** PRE-FLOP *** 
_SKR folds
REMY_Mage545 collected 45 from pot
*** SUMMARY ***
Total pot 45 | No rake
Seat 2: REMY_Mage545 (big blind) won 45


Winamax Poker - Tournament "Expresso Nitro" buyIn: 0.93€ + 0.07€ level: 2 - HandId: #2666562241364492289-16-1673283323 - Holdem no limit (15/30) - 2023/01/09 16:55:23 UTC
Table: 'Expresso Nitro(620857403)#0' 3-max (real money) Seat #2 is the button
Seat 1: _SKR (515)
Seat 2: REMY_Mage545 (385)
*** ANTE/BLINDS ***
REMY_Mage545 posts small blind 15
_SKR posts big blind 30
Dealt to _SKR [3c 5h]
*** PRE-FLOP *** 
REMY_Mage545 calls 15
_SKR checks
*** FLOP *** [2h Ac Ts]
_SKR checks
REMY_Mage545 bets 60
_SKR folds
REMY_Mage545 collected 120 from pot
*** SUMMARY ***
Total pot 120 | No rake
Board: [2h Ac Ts]
Seat 2: REMY_Mage545 (small blind) (button) won 120


Winamax Poker - Tournament "Expresso Nitro" buyIn: 0.93€ + 0.07€ level: 3 - HandId: #2666562241364492289-17-1673283338 - Holdem no limit (20/40) - 2023/01/09 16:55:38 UTC
Table: 'Expresso Nitro(620857403)#0' 3-max (real money) Seat #1 is the button
Seat 1: _SKR (485)
Seat 2: REMY_Mage545 (415)
*** ANTE/BLINDS ***
_SKR posts small blind 20
REMY_Mage545 posts big blind 40
Dealt to _SKR [9d 9s]
*** PRE-FLOP *** 
_SKR raises 445 to 485 and is all-in
REMY_Mage545 folds
_SKR collected 525 from pot
*** SUMMARY ***
Total pot 525 | No rake
Seat 1: _SKR (small blind) (button) won 525


Winamax Poker - Tournament "Expresso Nitro" buyIn: 0.93€ + 0.07€ level: 3 - HandId: #2666562241364492289-18-1673283346 - Holdem no limit (20/40) - 2023/01/09 16:55:46 UTC
Table: 'Expresso Nitro(620857403)#0' 3-max (real money) Seat #2 is the button
Seat 1: _SKR (525)
Seat 2: REMY_Mage545 (375)
*** ANTE/BLINDS ***
REMY_Mage545 posts small blind 20
_SKR posts big blind 40
Dealt to _SKR [6s 6c]
*** PRE-FLOP *** 
REMY_Mage545 raises 80 to 120
_SKR raises 405 to 525 and is all-in
REMY_Mage545 calls 255 and is all-in
*** FLOP *** [8h 5c Ts]
*** TURN *** [8h 5c Ts][3s]
*** RIVER *** [8h 5c Ts 3s][Td]
*** SHOW DOWN ***
REMY_Mage545 shows [Jc As] (One pair : Tens)
_SKR shows [6s 6c] (Two pairs : Tens and 6)
_SKR collected 900 from pot
*** SUMMARY ***
Total pot 900 | No rake
Board: [8h 5c Ts 3s Td]
Seat 1: _SKR (big blind) showed [6s 6c] and won 900 with Two pairs : Tens and 6
Seat 2: REMY_Mage545 (small blind) (button) showed [Jc As] and lost with One pair : Tens


