Winamax Poker - Tournament "Expresso Nitro" buyIn: 1.86€ + 0.14€ level: 1 - HandId: #2696869935786754049-1-1675101368 - Holdem no limit (10/20) - 2023/01/30 17:56:08 UTC
Table: 'Expresso Nitro(627913963)#0' 3-max (real money) Seat #2 is the button
Seat 1: _SKR (300)
Seat 2: ivanots (300)
Seat 3: Tony2259 (300)
*** ANTE/BLINDS ***
Tony2259 posts small blind 10
_SKR posts big blind 20
Dealt to _SKR [8c Td]
*** PRE-FLOP *** 
ivanots folds
Tony2259 folds
_SKR collected 30 from pot
*** SUMMARY ***
Total pot 30 | No rake
Seat 1: _SKR (big blind) won 30


Winamax Poker - Tournament "Expresso Nitro" buyIn: 1.86€ + 0.14€ level: 1 - HandId: #2696869935786754049-2-1675101371 - Holdem no limit (10/20) - 2023/01/30 17:56:11 UTC
Table: 'Expresso Nitro(627913963)#0' 3-max (real money) Seat #3 is the button
Seat 1: _SKR (310)
Seat 2: ivanots (300)
Seat 3: Tony2259 (290)
*** ANTE/BLINDS ***
_SKR posts small blind 10
ivanots posts big blind 20
Dealt to _SKR [4c 5h]
*** PRE-FLOP *** 
Tony2259 folds
_SKR folds
ivanots collected 30 from pot
*** SUMMARY ***
Total pot 30 | No rake
Seat 2: ivanots (big blind) won 30


Winamax Poker - Tournament "Expresso Nitro" buyIn: 1.86€ + 0.14€ level: 1 - HandId: #2696869935786754049-3-1675101380 - Holdem no limit (10/20) - 2023/01/30 17:56:20 UTC
Table: 'Expresso Nitro(627913963)#0' 3-max (real money) Seat #1 is the button
Seat 1: _SKR (300)
Seat 2: ivanots (310)
Seat 3: Tony2259 (290)
*** ANTE/BLINDS ***
ivanots posts small blind 10
Tony2259 posts big blind 20
Dealt to _SKR [4h 5s]
*** PRE-FLOP *** 
_SKR folds
ivanots calls 10
Tony2259 checks
*** FLOP *** [3h 8c Jd]
ivanots checks
Tony2259 checks
*** TURN *** [3h 8c Jd][Ah]
ivanots checks
Tony2259 checks
*** RIVER *** [3h 8c Jd Ah][Td]
ivanots bets 40
Tony2259 raises 120 to 160
ivanots calls 120
*** SHOW DOWN ***
ivanots shows [7h 9s] (Straight Jack high)
Tony2259 shows [Qs 9d] (Straight Queen high)
Tony2259 collected 360 from pot
*** SUMMARY ***
Total pot 360 | No rake
Board: [3h 8c Jd Ah Td]
Seat 2: ivanots (small blind) showed [7h 9s] and lost with Straight Jack high
Seat 3: Tony2259 (big blind) showed [Qs 9d] and won 360 with Straight Queen high


Winamax Poker - Tournament "Expresso Nitro" buyIn: 1.86€ + 0.14€ level: 1 - HandId: #2696869935786754049-4-1675101420 - Holdem no limit (10/20) - 2023/01/30 17:57:00 UTC
Table: 'Expresso Nitro(627913963)#0' 3-max (real money) Seat #2 is the button
Seat 1: _SKR (300)
Seat 2: ivanots (130)
Seat 3: Tony2259 (470)
*** ANTE/BLINDS ***
Tony2259 posts small blind 10
_SKR posts big blind 20
Dealt to _SKR [Qc 8d]
*** PRE-FLOP *** 
ivanots folds
Tony2259 raises 20 to 40
_SKR folds
Tony2259 collected 60 from pot
*** SUMMARY ***
Total pot 60 | No rake
Seat 3: Tony2259 (small blind) won 60


Winamax Poker - Tournament "Expresso Nitro" buyIn: 1.86€ + 0.14€ level: 2 - HandId: #2696869935786754049-5-1675101428 - Holdem no limit (15/30) - 2023/01/30 17:57:08 UTC
Table: 'Expresso Nitro(627913963)#0' 3-max (real money) Seat #3 is the button
Seat 1: _SKR (280)
Seat 2: ivanots (130)
Seat 3: Tony2259 (490)
*** ANTE/BLINDS ***
_SKR posts small blind 15
ivanots posts big blind 30
Dealt to _SKR [Jh 5d]
*** PRE-FLOP *** 
Tony2259 folds
_SKR folds
ivanots collected 45 from pot
*** SUMMARY ***
Total pot 45 | No rake
Seat 2: ivanots (big blind) won 45


Winamax Poker - Tournament "Expresso Nitro" buyIn: 1.86€ + 0.14€ level: 2 - HandId: #2696869935786754049-6-1675101436 - Holdem no limit (15/30) - 2023/01/30 17:57:16 UTC
Table: 'Expresso Nitro(627913963)#0' 3-max (real money) Seat #1 is the button
Seat 1: _SKR (265)
Seat 2: ivanots (145)
Seat 3: Tony2259 (490)
*** ANTE/BLINDS ***
ivanots posts small blind 15
Tony2259 posts big blind 30
Dealt to _SKR [3d 6c]
*** PRE-FLOP *** 
_SKR folds
ivanots raises 115 to 145 and is all-in
Tony2259 calls 115
*** FLOP *** [Jh 7c 7s]
*** TURN *** [Jh 7c 7s][6s]
*** RIVER *** [Jh 7c 7s 6s][7d]
*** SHOW DOWN ***
ivanots shows [6h Kh] (Full of 7 and 6)
Tony2259 shows [6d 8d] (Full of 7 and 6)
Tony2259 collected 145 from pot
ivanots collected 145 from pot
*** SUMMARY ***
Total pot 290 | No rake
Board: [Jh 7c 7s 6s 7d]
Seat 2: ivanots (small blind) showed [6h Kh] and won 145 with Full of 7 and 6
Seat 3: Tony2259 (big blind) showed [6d 8d] and won 145 with Full of 7 and 6


Winamax Poker - Tournament "Expresso Nitro" buyIn: 1.86€ + 0.14€ level: 2 - HandId: #2696869935786754049-7-1675101448 - Holdem no limit (15/30) - 2023/01/30 17:57:28 UTC
Table: 'Expresso Nitro(627913963)#0' 3-max (real money) Seat #2 is the button
Seat 1: _SKR (265)
Seat 2: ivanots (145)
Seat 3: Tony2259 (490)
*** ANTE/BLINDS ***
Tony2259 posts small blind 15
_SKR posts big blind 30
Dealt to _SKR [3c Td]
*** PRE-FLOP *** 
ivanots raises 115 to 145 and is all-in
Tony2259 folds
_SKR folds
ivanots collected 190 from pot
*** SUMMARY ***
Total pot 190 | No rake
Seat 2: ivanots (button) won 190


Winamax Poker - Tournament "Expresso Nitro" buyIn: 1.86€ + 0.14€ level: 2 - HandId: #2696869935786754049-8-1675101457 - Holdem no limit (15/30) - 2023/01/30 17:57:37 UTC
Table: 'Expresso Nitro(627913963)#0' 3-max (real money) Seat #3 is the button
Seat 1: _SKR (235)
Seat 2: ivanots (190)
Seat 3: Tony2259 (475)
*** ANTE/BLINDS ***
_SKR posts small blind 15
ivanots posts big blind 30
Dealt to _SKR [Qh 4h]
*** PRE-FLOP *** 
Tony2259 raises 75 to 105
_SKR folds
ivanots folds
Tony2259 collected 150 from pot
*** SUMMARY ***
Total pot 150 | No rake
Seat 3: Tony2259 (button) won 150


Winamax Poker - Tournament "Expresso Nitro" buyIn: 1.86€ + 0.14€ level: 2 - HandId: #2696869935786754049-9-1675101469 - Holdem no limit (15/30) - 2023/01/30 17:57:49 UTC
Table: 'Expresso Nitro(627913963)#0' 3-max (real money) Seat #1 is the button
Seat 1: _SKR (220)
Seat 2: ivanots (160)
Seat 3: Tony2259 (520)
*** ANTE/BLINDS ***
ivanots posts small blind 15
Tony2259 posts big blind 30
Dealt to _SKR [5s Qd]
*** PRE-FLOP *** 
_SKR folds
ivanots raises 130 to 160 and is all-in
Tony2259 calls 130
*** FLOP *** [6s Tc 2h]
*** TURN *** [6s Tc 2h][Kh]
*** RIVER *** [6s Tc 2h Kh][7h]
*** SHOW DOWN ***
Tony2259 shows [Ac 5h] (High card : Ace)
ivanots shows [7s 7d] (Trips of 7)
ivanots collected 320 from pot
*** SUMMARY ***
Total pot 320 | No rake
Board: [6s Tc 2h Kh 7h]
Seat 2: ivanots (small blind) showed [7s 7d] and won 320 with Trips of 7
Seat 3: Tony2259 (big blind) showed [Ac 5h] and lost with High card : Ace


Winamax Poker - Tournament "Expresso Nitro" buyIn: 1.86€ + 0.14€ level: 3 - HandId: #2696869935786754049-10-1675101490 - Holdem no limit (20/40) - 2023/01/30 17:58:10 UTC
Table: 'Expresso Nitro(627913963)#0' 3-max (real money) Seat #2 is the button
Seat 1: _SKR (220)
Seat 2: ivanots (320)
Seat 3: Tony2259 (360)
*** ANTE/BLINDS ***
Tony2259 posts small blind 20
_SKR posts big blind 40
Dealt to _SKR [5d 5c]
*** PRE-FLOP *** 
ivanots raises 280 to 320 and is all-in
Tony2259 folds
_SKR calls 180 and is all-in
*** FLOP *** [9s Jh Kh]
*** TURN *** [9s Jh Kh][7c]
*** RIVER *** [9s Jh Kh 7c][Jd]
*** SHOW DOWN ***
_SKR shows [5d 5c] (Two pairs : Jacks and 5)
ivanots shows [Kd 7h] (Two pairs : Kings and Jacks)
ivanots collected 560 from pot
*** SUMMARY ***
Total pot 560 | No rake
Board: [9s Jh Kh 7c Jd]
Seat 1: _SKR (big blind) showed [5d 5c] and lost with Two pairs : Jacks and 5
Seat 2: ivanots (button) showed [Kd 7h] and won 560 with Two pairs : Kings and Jacks


