Winamax Poker - Tournament "Expresso Nitro" buyIn: 0.93€ + 0.07€ level: 1 - HandId: #2675056767552978945-1-1673741996 - Holdem no limit (10/20) - 2023/01/15 00:19:56 UTC
Table: 'Expresso Nitro(622835189)#0' 3-max (real money) Seat #3 is the button
Seat 1: Marseille59x (300)
Seat 2: _SKR (300)
Seat 3: AP_Slash (300)
*** ANTE/BLINDS ***
Marseille59x posts small blind 10
_SKR posts big blind 20
Dealt to _SKR [2s 6h]
*** PRE-FLOP *** 
AP_Slash folds
Marseille59x raises 280 to 300 and is all-in
_SKR folds
Marseille59x collected 320 from pot
*** SUMMARY ***
Total pot 320 | No rake
Seat 1: Marseille59x (small blind) won 320


Winamax Poker - Tournament "Expresso Nitro" buyIn: 0.93€ + 0.07€ level: 1 - HandId: #2675056767552978945-2-1673742003 - Holdem no limit (10/20) - 2023/01/15 00:20:03 UTC
Table: 'Expresso Nitro(622835189)#0' 3-max (real money) Seat #1 is the button
Seat 1: Marseille59x (320)
Seat 2: _SKR (280)
Seat 3: AP_Slash (300)
*** ANTE/BLINDS ***
_SKR posts small blind 10
AP_Slash posts big blind 20
Dealt to _SKR [4s 6c]
*** PRE-FLOP *** 
Marseille59x folds
_SKR folds
AP_Slash collected 30 from pot
*** SUMMARY ***
Total pot 30 | No rake
Seat 3: AP_Slash (big blind) won 30


Winamax Poker - Tournament "Expresso Nitro" buyIn: 0.93€ + 0.07€ level: 1 - HandId: #2675056767552978945-3-1673742011 - Holdem no limit (10/20) - 2023/01/15 00:20:11 UTC
Table: 'Expresso Nitro(622835189)#0' 3-max (real money) Seat #2 is the button
Seat 1: Marseille59x (320)
Seat 2: _SKR (270)
Seat 3: AP_Slash (310)
*** ANTE/BLINDS ***
AP_Slash posts small blind 10
Marseille59x posts big blind 20
Dealt to _SKR [9d 7c]
*** PRE-FLOP *** 
_SKR folds
AP_Slash folds
Marseille59x collected 30 from pot
*** SUMMARY ***
Total pot 30 | No rake
Seat 1: Marseille59x (big blind) won 30


Winamax Poker - Tournament "Expresso Nitro" buyIn: 0.93€ + 0.07€ level: 1 - HandId: #2675056767552978945-4-1673742018 - Holdem no limit (10/20) - 2023/01/15 00:20:18 UTC
Table: 'Expresso Nitro(622835189)#0' 3-max (real money) Seat #3 is the button
Seat 1: Marseille59x (330)
Seat 2: _SKR (270)
Seat 3: AP_Slash (300)
*** ANTE/BLINDS ***
Marseille59x posts small blind 10
_SKR posts big blind 20
Dealt to _SKR [Ks 9d]
*** PRE-FLOP *** 
AP_Slash folds
Marseille59x folds
_SKR collected 30 from pot
*** SUMMARY ***
Total pot 30 | No rake
Seat 2: _SKR (big blind) won 30


Winamax Poker - Tournament "Expresso Nitro" buyIn: 0.93€ + 0.07€ level: 1 - HandId: #2675056767552978945-5-1673742025 - Holdem no limit (10/20) - 2023/01/15 00:20:25 UTC
Table: 'Expresso Nitro(622835189)#0' 3-max (real money) Seat #1 is the button
Seat 1: Marseille59x (320)
Seat 2: _SKR (280)
Seat 3: AP_Slash (300)
*** ANTE/BLINDS ***
_SKR posts small blind 10
AP_Slash posts big blind 20
Dealt to _SKR [Js 3c]
*** PRE-FLOP *** 
Marseille59x raises 300 to 320 and is all-in
_SKR folds
AP_Slash folds
Marseille59x collected 350 from pot
*** SUMMARY ***
Total pot 350 | No rake
Seat 1: Marseille59x (button) won 350


Winamax Poker - Tournament "Expresso Nitro" buyIn: 0.93€ + 0.07€ level: 1 - HandId: #2675056767552978945-6-1673742040 - Holdem no limit (10/20) - 2023/01/15 00:20:40 UTC
Table: 'Expresso Nitro(622835189)#0' 3-max (real money) Seat #2 is the button
Seat 1: Marseille59x (350)
Seat 2: _SKR (270)
Seat 3: AP_Slash (280)
*** ANTE/BLINDS ***
AP_Slash posts small blind 10
Marseille59x posts big blind 20
Dealt to _SKR [Ac 6c]
*** PRE-FLOP *** 
_SKR raises 250 to 270 and is all-in
AP_Slash calls 260
Marseille59x calls 250
*** FLOP *** [5d 5s Ad]
AP_Slash checks
Marseille59x bets 80 and is all-in
AP_Slash folds
*** TURN *** [5d 5s Ad][As]
*** RIVER *** [5d 5s Ad As][2s]
*** SHOW DOWN ***
Marseille59x shows [Ks Js] (Flush Ace high)
_SKR shows [Ac 6c] (Full of Aces and 5)
_SKR collected 810 from main pot
Marseille59x collected 80 from side pot 1
*** SUMMARY ***
Total pot 890 | No rake
Board: [5d 5s Ad As 2s]
Seat 1: Marseille59x (big blind) showed [Ks Js] and won 80 with Flush Ace high
Seat 2: _SKR (button) showed [Ac 6c] and won 810 with Full of Aces and 5


Winamax Poker - Tournament "Expresso Nitro" buyIn: 0.93€ + 0.07€ level: 2 - HandId: #2675056767552978945-7-1673742068 - Holdem no limit (15/30) - 2023/01/15 00:21:08 UTC
Table: 'Expresso Nitro(622835189)#0' 3-max (real money) Seat #3 is the button
Seat 1: Marseille59x (80)
Seat 2: _SKR (810)
Seat 3: AP_Slash (10)
*** ANTE/BLINDS ***
Marseille59x posts small blind 15
_SKR posts big blind 30
Dealt to _SKR [4d 9d]
*** PRE-FLOP *** 
AP_Slash calls 10 and is all-in
Marseille59x folds
*** FLOP *** [3h 7s Js]
*** TURN *** [3h 7s Js][As]
*** RIVER *** [3h 7s Js As][Tc]
*** SHOW DOWN ***
_SKR shows [4d 9d] (High card : Ace)
AP_Slash shows [Th 8h] (One pair : Tens)
AP_Slash collected 30 from main pot
_SKR collected 25 from side pot 1
*** SUMMARY ***
Total pot 55 | No rake
Board: [3h 7s Js As Tc]
Seat 2: _SKR (big blind) showed [4d 9d] and won 25 with High card : Ace
Seat 3: AP_Slash (button) showed [Th 8h] and won 30 with One pair : Tens


Winamax Poker - Tournament "Expresso Nitro" buyIn: 0.93€ + 0.07€ level: 2 - HandId: #2675056767552978945-8-1673742081 - Holdem no limit (15/30) - 2023/01/15 00:21:21 UTC
Table: 'Expresso Nitro(622835189)#0' 3-max (real money) Seat #1 is the button
Seat 1: Marseille59x (65)
Seat 2: _SKR (805)
Seat 3: AP_Slash (30)
*** ANTE/BLINDS ***
_SKR posts small blind 15
AP_Slash posts big blind 30 and is all-in
Dealt to _SKR [4h 5s]
*** PRE-FLOP *** 
Marseille59x raises 35 to 65 and is all-in
_SKR folds
*** FLOP *** [9c 2h Ts]
*** TURN *** [9c 2h Ts][2c]
*** RIVER *** [9c 2h Ts 2c][Kh]
*** SHOW DOWN ***
Marseille59x shows [8s 3h] (One pair : 2)
AP_Slash shows [6h Ah] (One pair : 2)
AP_Slash collected 75 from main pot
Marseille59x collected 35 from side pot 1
*** SUMMARY ***
Total pot 110 | No rake
Board: [9c 2h Ts 2c Kh]
Seat 1: Marseille59x (button) showed [8s 3h] and won 35 with One pair : 2
Seat 3: AP_Slash (big blind) showed [6h Ah] and won 75 with One pair : 2


Winamax Poker - Tournament "Expresso Nitro" buyIn: 0.93€ + 0.07€ level: 2 - HandId: #2675056767552978945-9-1673742092 - Holdem no limit (15/30) - 2023/01/15 00:21:32 UTC
Table: 'Expresso Nitro(622835189)#0' 3-max (real money) Seat #2 is the button
Seat 1: Marseille59x (35)
Seat 2: _SKR (790)
Seat 3: AP_Slash (75)
*** ANTE/BLINDS ***
AP_Slash posts small blind 15
Marseille59x posts big blind 30
Dealt to _SKR [7h Qd]
*** PRE-FLOP *** 
_SKR folds
AP_Slash raises 45 to 75 and is all-in
Marseille59x calls 5 and is all-in
*** FLOP *** [Qc 3s Kc]
*** TURN *** [Qc 3s Kc][9s]
*** RIVER *** [Qc 3s Kc 9s][Ad]
*** SHOW DOWN ***
Marseille59x shows [2d 2h] (One pair : 2)
AP_Slash shows [2c Kh] (One pair : Kings)
AP_Slash collected 110 from pot
*** SUMMARY ***
Total pot 110 | No rake
Board: [Qc 3s Kc 9s Ad]
Seat 1: Marseille59x (big blind) showed [2d 2h] and lost with One pair : 2
Seat 3: AP_Slash (small blind) showed [2c Kh] and won 110 with One pair : Kings


Winamax Poker - Tournament "Expresso Nitro" buyIn: 0.93€ + 0.07€ level: 2 - HandId: #2675056767552978945-10-1673742109 - Holdem no limit (15/30) - 2023/01/15 00:21:49 UTC
Table: 'Expresso Nitro(622835189)#0' 3-max (real money) Seat #2 is the button
Seat 2: _SKR (790)
Seat 3: AP_Slash (110)
*** ANTE/BLINDS ***
_SKR posts small blind 15
AP_Slash posts big blind 30
Dealt to _SKR [9s Jh]
*** PRE-FLOP *** 
_SKR raises 760 to 790 and is all-in
AP_Slash calls 80 and is all-in
*** FLOP *** [Js Kh 6c]
*** TURN *** [Js Kh 6c][Ad]
*** RIVER *** [Js Kh 6c Ad][Qh]
*** SHOW DOWN ***
_SKR shows [9s Jh] (One pair : Jacks)
AP_Slash shows [9d Ah] (One pair : Aces)
AP_Slash collected 220 from main pot
_SKR collected 680 from side pot 1
*** SUMMARY ***
Total pot 900 | No rake
Board: [Js Kh 6c Ad Qh]
Seat 2: _SKR (small blind) (button) showed [9s Jh] and won 680 with One pair : Jacks
Seat 3: AP_Slash (big blind) showed [9d Ah] and won 220 with One pair : Aces


Winamax Poker - Tournament "Expresso Nitro" buyIn: 0.93€ + 0.07€ level: 3 - HandId: #2675056767552978945-11-1673742122 - Holdem no limit (20/40) - 2023/01/15 00:22:02 UTC
Table: 'Expresso Nitro(622835189)#0' 3-max (real money) Seat #3 is the button
Seat 2: _SKR (680)
Seat 3: AP_Slash (220)
*** ANTE/BLINDS ***
AP_Slash posts small blind 20
_SKR posts big blind 40
Dealt to _SKR [3h 3s]
*** PRE-FLOP *** 
AP_Slash folds
_SKR collected 60 from pot
*** SUMMARY ***
Total pot 60 | No rake
Seat 2: _SKR (big blind) won 60


Winamax Poker - Tournament "Expresso Nitro" buyIn: 0.93€ + 0.07€ level: 3 - HandId: #2675056767552978945-12-1673742128 - Holdem no limit (20/40) - 2023/01/15 00:22:08 UTC
Table: 'Expresso Nitro(622835189)#0' 3-max (real money) Seat #2 is the button
Seat 2: _SKR (700)
Seat 3: AP_Slash (200)
*** ANTE/BLINDS ***
_SKR posts small blind 20
AP_Slash posts big blind 40
Dealt to _SKR [8c 7h]
*** PRE-FLOP *** 
_SKR folds
AP_Slash collected 60 from pot
*** SUMMARY ***
Total pot 60 | No rake
Seat 3: AP_Slash (big blind) won 60


Winamax Poker - Tournament "Expresso Nitro" buyIn: 0.93€ + 0.07€ level: 3 - HandId: #2675056767552978945-13-1673742141 - Holdem no limit (20/40) - 2023/01/15 00:22:21 UTC
Table: 'Expresso Nitro(622835189)#0' 3-max (real money) Seat #3 is the button
Seat 2: _SKR (680)
Seat 3: AP_Slash (220)
*** ANTE/BLINDS ***
AP_Slash posts small blind 20
_SKR posts big blind 40
Dealt to _SKR [3c 4c]
*** PRE-FLOP *** 
AP_Slash raises 180 to 220 and is all-in
_SKR folds
AP_Slash collected 260 from pot
*** SUMMARY ***
Total pot 260 | No rake
Seat 3: AP_Slash (small blind) (button) won 260


Winamax Poker - Tournament "Expresso Nitro" buyIn: 0.93€ + 0.07€ level: 3 - HandId: #2675056767552978945-14-1673742146 - Holdem no limit (20/40) - 2023/01/15 00:22:26 UTC
Table: 'Expresso Nitro(622835189)#0' 3-max (real money) Seat #2 is the button
Seat 2: _SKR (640)
Seat 3: AP_Slash (260)
*** ANTE/BLINDS ***
_SKR posts small blind 20
AP_Slash posts big blind 40
Dealt to _SKR [As Jc]
*** PRE-FLOP *** 
_SKR raises 600 to 640 and is all-in
AP_Slash calls 220 and is all-in
*** FLOP *** [Qc 7h Jd]
*** TURN *** [Qc 7h Jd][6c]
*** RIVER *** [Qc 7h Jd 6c][2c]
*** SHOW DOWN ***
_SKR shows [As Jc] (One pair : Jacks)
AP_Slash shows [9h Qs] (One pair : Queens)
AP_Slash collected 520 from main pot
_SKR collected 380 from side pot 1
*** SUMMARY ***
Total pot 900 | No rake
Board: [Qc 7h Jd 6c 2c]
Seat 2: _SKR (small blind) (button) showed [As Jc] and won 380 with One pair : Jacks
Seat 3: AP_Slash (big blind) showed [9h Qs] and won 520 with One pair : Queens


Winamax Poker - Tournament "Expresso Nitro" buyIn: 0.93€ + 0.07€ level: 3 - HandId: #2675056767552978945-15-1673742160 - Holdem no limit (20/40) - 2023/01/15 00:22:40 UTC
Table: 'Expresso Nitro(622835189)#0' 3-max (real money) Seat #3 is the button
Seat 2: _SKR (380)
Seat 3: AP_Slash (520)
*** ANTE/BLINDS ***
AP_Slash posts small blind 20
_SKR posts big blind 40
Dealt to _SKR [5d 3s]
*** PRE-FLOP *** 
AP_Slash folds
_SKR collected 60 from pot
*** SUMMARY ***
Total pot 60 | No rake
Seat 2: _SKR (big blind) won 60


Winamax Poker - Tournament "Expresso Nitro" buyIn: 0.93€ + 0.07€ level: 3 - HandId: #2675056767552978945-16-1673742164 - Holdem no limit (20/40) - 2023/01/15 00:22:44 UTC
Table: 'Expresso Nitro(622835189)#0' 3-max (real money) Seat #2 is the button
Seat 2: _SKR (400)
Seat 3: AP_Slash (500)
*** ANTE/BLINDS ***
_SKR posts small blind 20
AP_Slash posts big blind 40
Dealt to _SKR [5c 3h]
*** PRE-FLOP *** 
_SKR folds
AP_Slash collected 60 from pot
*** SUMMARY ***
Total pot 60 | No rake
Seat 3: AP_Slash (big blind) won 60


Winamax Poker - Tournament "Expresso Nitro" buyIn: 0.93€ + 0.07€ level: 3 - HandId: #2675056767552978945-17-1673742167 - Holdem no limit (20/40) - 2023/01/15 00:22:47 UTC
Table: 'Expresso Nitro(622835189)#0' 3-max (real money) Seat #3 is the button
Seat 2: _SKR (380)
Seat 3: AP_Slash (520)
*** ANTE/BLINDS ***
AP_Slash posts small blind 20
_SKR posts big blind 40
Dealt to _SKR [9s 8s]
*** PRE-FLOP *** 
AP_Slash raises 480 to 520 and is all-in
_SKR folds
AP_Slash collected 560 from pot
*** SUMMARY ***
Total pot 560 | No rake
Seat 3: AP_Slash (small blind) (button) won 560


Winamax Poker - Tournament "Expresso Nitro" buyIn: 0.93€ + 0.07€ level: 4 - HandId: #2675056767552978945-18-1673742175 - Holdem no limit (30/60) - 2023/01/15 00:22:55 UTC
Table: 'Expresso Nitro(622835189)#0' 3-max (real money) Seat #2 is the button
Seat 2: _SKR (340)
Seat 3: AP_Slash (560)
*** ANTE/BLINDS ***
_SKR posts small blind 30
AP_Slash posts big blind 60
Dealt to _SKR [7h Td]
*** PRE-FLOP *** 
_SKR folds
AP_Slash collected 90 from pot
*** SUMMARY ***
Total pot 90 | No rake
Seat 3: AP_Slash (big blind) won 90


Winamax Poker - Tournament "Expresso Nitro" buyIn: 0.93€ + 0.07€ level: 4 - HandId: #2675056767552978945-19-1673742179 - Holdem no limit (30/60) - 2023/01/15 00:22:59 UTC
Table: 'Expresso Nitro(622835189)#0' 3-max (real money) Seat #3 is the button
Seat 2: _SKR (310)
Seat 3: AP_Slash (590)
*** ANTE/BLINDS ***
AP_Slash posts small blind 30
_SKR posts big blind 60
Dealt to _SKR [9h Jc]
*** PRE-FLOP *** 
AP_Slash folds
_SKR collected 90 from pot
*** SUMMARY ***
Total pot 90 | No rake
Seat 2: _SKR (big blind) won 90


Winamax Poker - Tournament "Expresso Nitro" buyIn: 0.93€ + 0.07€ level: 4 - HandId: #2675056767552978945-20-1673742182 - Holdem no limit (30/60) - 2023/01/15 00:23:02 UTC
Table: 'Expresso Nitro(622835189)#0' 3-max (real money) Seat #2 is the button
Seat 2: _SKR (340)
Seat 3: AP_Slash (560)
*** ANTE/BLINDS ***
_SKR posts small blind 30
AP_Slash posts big blind 60
Dealt to _SKR [8c Ad]
*** PRE-FLOP *** 
_SKR raises 280 to 340 and is all-in
AP_Slash folds
_SKR collected 400 from pot
*** SUMMARY ***
Total pot 400 | No rake
Seat 2: _SKR (small blind) (button) won 400


Winamax Poker - Tournament "Expresso Nitro" buyIn: 0.93€ + 0.07€ level: 4 - HandId: #2675056767552978945-21-1673742188 - Holdem no limit (30/60) - 2023/01/15 00:23:08 UTC
Table: 'Expresso Nitro(622835189)#0' 3-max (real money) Seat #3 is the button
Seat 2: _SKR (400)
Seat 3: AP_Slash (500)
*** ANTE/BLINDS ***
AP_Slash posts small blind 30
_SKR posts big blind 60
Dealt to _SKR [5c 5s]
*** PRE-FLOP *** 
AP_Slash raises 440 to 500 and is all-in
_SKR calls 340 and is all-in
*** FLOP *** [Kc 6c 4s]
*** TURN *** [Kc 6c 4s][Ac]
*** RIVER *** [Kc 6c 4s Ac][Qs]
*** SHOW DOWN ***
_SKR shows [5c 5s] (One pair : 5)
AP_Slash shows [Qd 6h] (Two pairs : Queens and 6)
AP_Slash collected 900 from pot
*** SUMMARY ***
Total pot 900 | No rake
Board: [Kc 6c 4s Ac Qs]
Seat 2: _SKR (big blind) showed [5c 5s] and lost with One pair : 5
Seat 3: AP_Slash (small blind) (button) showed [Qd 6h] and won 900 with Two pairs : Queens and 6


