Winamax Poker - Tournament "Expresso Nitro" buyIn: 0.93€ + 0.07€ level: 1 - HandId: #2680877874168201217-1-1674083008 - Holdem no limit (10/20) - 2023/01/18 23:03:28 UTC
Table: 'Expresso Nitro(624190521)#0' 3-max (real money) Seat #3 is the button
Seat 1: _SKR (300)
Seat 2: Garus78200 (300)
Seat 3: BigBearBlu (300)
*** ANTE/BLINDS ***
_SKR posts small blind 10
Garus78200 posts big blind 20
Dealt to _SKR [8c 4h]
*** PRE-FLOP *** 
BigBearBlu raises 20 to 40
_SKR folds
Garus78200 calls 20
*** FLOP *** [Jh 3s Th]
Garus78200 checks
BigBearBlu bets 20
Garus78200 calls 20
*** TURN *** [Jh 3s Th][5h]
Garus78200 checks
BigBearBlu bets 20
Garus78200 raises 20 to 40
BigBearBlu calls 20
*** RIVER *** [Jh 3s Th 5h][5c]
Garus78200 bets 74
BigBearBlu raises 126 to 200 and is all-in
Garus78200 calls 126 and is all-in
*** SHOW DOWN ***
BigBearBlu shows [Jc 9s] (Two pairs : Jacks and 5)
Garus78200 shows [Jd Ts] (Two pairs : Jacks and Tens)
Garus78200 collected 610 from pot
*** SUMMARY ***
Total pot 610 | No rake
Board: [Jh 3s Th 5h 5c]
Seat 2: Garus78200 (big blind) showed [Jd Ts] and won 610 with Two pairs : Jacks and Tens
Seat 3: BigBearBlu (button) showed [Jc 9s] and lost with Two pairs : Jacks and 5


Winamax Poker - Tournament "Expresso Nitro" buyIn: 0.93€ + 0.07€ level: 1 - HandId: #2680877874168201217-2-1674083043 - Holdem no limit (10/20) - 2023/01/18 23:04:03 UTC
Table: 'Expresso Nitro(624190521)#0' 3-max (real money) Seat #2 is the button
Seat 1: _SKR (290)
Seat 2: Garus78200 (610)
*** ANTE/BLINDS ***
Garus78200 posts small blind 10
_SKR posts big blind 20
Dealt to _SKR [3s Ks]
*** PRE-FLOP *** 
Garus78200 calls 10
_SKR checks
*** FLOP *** [7h 4h 4c]
_SKR checks
Garus78200 checks
*** TURN *** [7h 4h 4c][Ad]
_SKR checks
Garus78200 bets 20
_SKR folds
Garus78200 collected 60 from pot
*** SUMMARY ***
Total pot 60 | No rake
Board: [7h 4h 4c Ad]
Seat 2: Garus78200 (small blind) (button) won 60


Winamax Poker - Tournament "Expresso Nitro" buyIn: 0.93€ + 0.07€ level: 1 - HandId: #2680877874168201217-3-1674083057 - Holdem no limit (10/20) - 2023/01/18 23:04:17 UTC
Table: 'Expresso Nitro(624190521)#0' 3-max (real money) Seat #1 is the button
Seat 1: _SKR (270)
Seat 2: Garus78200 (630)
*** ANTE/BLINDS ***
_SKR posts small blind 10
Garus78200 posts big blind 20
Dealt to _SKR [6s 2d]
*** PRE-FLOP *** 
_SKR folds
Garus78200 collected 30 from pot
*** SUMMARY ***
Total pot 30 | No rake
Seat 2: Garus78200 (big blind) won 30


Winamax Poker - Tournament "Expresso Nitro" buyIn: 0.93€ + 0.07€ level: 1 - HandId: #2680877874168201217-4-1674083061 - Holdem no limit (10/20) - 2023/01/18 23:04:21 UTC
Table: 'Expresso Nitro(624190521)#0' 3-max (real money) Seat #2 is the button
Seat 1: _SKR (260)
Seat 2: Garus78200 (640)
*** ANTE/BLINDS ***
Garus78200 posts small blind 10
_SKR posts big blind 20
Dealt to _SKR [4h Js]
*** PRE-FLOP *** 
Garus78200 raises 20 to 40
_SKR folds
Garus78200 collected 60 from pot
*** SUMMARY ***
Total pot 60 | No rake
Seat 2: Garus78200 (small blind) (button) won 60


Winamax Poker - Tournament "Expresso Nitro" buyIn: 0.93€ + 0.07€ level: 2 - HandId: #2680877874168201217-5-1674083073 - Holdem no limit (15/30) - 2023/01/18 23:04:33 UTC
Table: 'Expresso Nitro(624190521)#0' 3-max (real money) Seat #1 is the button
Seat 1: _SKR (240)
Seat 2: Garus78200 (660)
*** ANTE/BLINDS ***
_SKR posts small blind 15
Garus78200 posts big blind 30
Dealt to _SKR [Qh 2d]
*** PRE-FLOP *** 
_SKR folds
Garus78200 collected 45 from pot
*** SUMMARY ***
Total pot 45 | No rake
Seat 2: Garus78200 (big blind) won 45


Winamax Poker - Tournament "Expresso Nitro" buyIn: 0.93€ + 0.07€ level: 2 - HandId: #2680877874168201217-6-1674083077 - Holdem no limit (15/30) - 2023/01/18 23:04:37 UTC
Table: 'Expresso Nitro(624190521)#0' 3-max (real money) Seat #2 is the button
Seat 1: _SKR (225)
Seat 2: Garus78200 (675)
*** ANTE/BLINDS ***
Garus78200 posts small blind 15
_SKR posts big blind 30
Dealt to _SKR [Jh 8c]
*** PRE-FLOP *** 
Garus78200 folds
_SKR collected 45 from pot
*** SUMMARY ***
Total pot 45 | No rake
Seat 1: _SKR (big blind) won 45


Winamax Poker - Tournament "Expresso Nitro" buyIn: 0.93€ + 0.07€ level: 2 - HandId: #2680877874168201217-7-1674083095 - Holdem no limit (15/30) - 2023/01/18 23:04:55 UTC
Table: 'Expresso Nitro(624190521)#0' 3-max (real money) Seat #1 is the button
Seat 1: _SKR (240)
Seat 2: Garus78200 (660)
*** ANTE/BLINDS ***
_SKR posts small blind 15
Garus78200 posts big blind 30
Dealt to _SKR [Td 6h]
*** PRE-FLOP *** 
_SKR folds
Garus78200 collected 45 from pot
*** SUMMARY ***
Total pot 45 | No rake
Seat 2: Garus78200 (big blind) won 45


Winamax Poker - Tournament "Expresso Nitro" buyIn: 0.93€ + 0.07€ level: 2 - HandId: #2680877874168201217-8-1674083104 - Holdem no limit (15/30) - 2023/01/18 23:05:04 UTC
Table: 'Expresso Nitro(624190521)#0' 3-max (real money) Seat #2 is the button
Seat 1: _SKR (225)
Seat 2: Garus78200 (675)
*** ANTE/BLINDS ***
Garus78200 posts small blind 15
_SKR posts big blind 30
Dealt to _SKR [Kd 6d]
*** PRE-FLOP *** 
Garus78200 folds
_SKR collected 45 from pot
*** SUMMARY ***
Total pot 45 | No rake
Seat 1: _SKR (big blind) won 45


Winamax Poker - Tournament "Expresso Nitro" buyIn: 0.93€ + 0.07€ level: 2 - HandId: #2680877874168201217-9-1674083114 - Holdem no limit (15/30) - 2023/01/18 23:05:14 UTC
Table: 'Expresso Nitro(624190521)#0' 3-max (real money) Seat #1 is the button
Seat 1: _SKR (240)
Seat 2: Garus78200 (660)
*** ANTE/BLINDS ***
_SKR posts small blind 15
Garus78200 posts big blind 30
Dealt to _SKR [Ad 7s]
*** PRE-FLOP *** 
_SKR raises 210 to 240 and is all-in
Garus78200 folds
_SKR collected 270 from pot
*** SUMMARY ***
Total pot 270 | No rake
Seat 1: _SKR (small blind) (button) won 270


Winamax Poker - Tournament "Expresso Nitro" buyIn: 0.93€ + 0.07€ level: 2 - HandId: #2680877874168201217-10-1674083119 - Holdem no limit (15/30) - 2023/01/18 23:05:19 UTC
Table: 'Expresso Nitro(624190521)#0' 3-max (real money) Seat #2 is the button
Seat 1: _SKR (270)
Seat 2: Garus78200 (630)
*** ANTE/BLINDS ***
Garus78200 posts small blind 15
_SKR posts big blind 30
Dealt to _SKR [5h 7s]
*** PRE-FLOP *** 
Garus78200 calls 15
_SKR checks
*** FLOP *** [6s 3d 5s]
_SKR checks
Garus78200 checks
*** TURN *** [6s 3d 5s][5d]
_SKR bets 39
Garus78200 calls 39
*** RIVER *** [6s 3d 5s 5d][7d]
_SKR bets 201 and is all-in
Garus78200 calls 201
*** SHOW DOWN ***
Garus78200 shows [9h 9s] (Two pairs : 9 and 5)
_SKR shows [5h 7s] (Full of 5 and 7)
_SKR collected 540 from pot
*** SUMMARY ***
Total pot 540 | No rake
Board: [6s 3d 5s 5d 7d]
Seat 1: _SKR (big blind) showed [5h 7s] and won 540 with Full of 5 and 7
Seat 2: Garus78200 (small blind) (button) showed [9h 9s] and lost with Two pairs : 9 and 5


Winamax Poker - Tournament "Expresso Nitro" buyIn: 0.93€ + 0.07€ level: 3 - HandId: #2680877874168201217-11-1674083154 - Holdem no limit (20/40) - 2023/01/18 23:05:54 UTC
Table: 'Expresso Nitro(624190521)#0' 3-max (real money) Seat #1 is the button
Seat 1: _SKR (540)
Seat 2: Garus78200 (360)
*** ANTE/BLINDS ***
_SKR posts small blind 20
Garus78200 posts big blind 40
Dealt to _SKR [Ad Th]
*** PRE-FLOP *** 
_SKR raises 500 to 540 and is all-in
Garus78200 calls 320 and is all-in
*** FLOP *** [9s 6d 2h]
*** TURN *** [9s 6d 2h][5s]
*** RIVER *** [9s 6d 2h 5s][2d]
*** SHOW DOWN ***
Garus78200 shows [3c Qc] (One pair : 2)
_SKR shows [Ad Th] (One pair : 2)
_SKR collected 900 from pot
*** SUMMARY ***
Total pot 900 | No rake
Board: [9s 6d 2h 5s 2d]
Seat 1: _SKR (small blind) (button) showed [Ad Th] and won 900 with One pair : 2
Seat 2: Garus78200 (big blind) showed [3c Qc] and lost with One pair : 2


