Winamax Poker - Tournament "Expresso Nitro" buyIn: 1.86€ + 0.14€ level: 1 - HandId: #2697307811997548545-1-1675117093 - Holdem no limit (10/20) - 2023/01/30 22:18:13 UTC
Table: 'Expresso Nitro(628015914)#0' 3-max (real money) Seat #2 is the button
Seat 1: _SKR (300)
Seat 2: Baaase02 (300)
Seat 3: nekkrone (300)
*** ANTE/BLINDS ***
nekkrone posts small blind 10
_SKR posts big blind 20
Dealt to _SKR [Kh 2h]
*** PRE-FLOP *** 
Baaase02 folds
nekkrone folds
_SKR collected 30 from pot
*** SUMMARY ***
Total pot 30 | No rake
Seat 1: _SKR (big blind) won 30


Winamax Poker - Tournament "Expresso Nitro" buyIn: 1.86€ + 0.14€ level: 1 - HandId: #2697307811997548545-2-1675117106 - Holdem no limit (10/20) - 2023/01/30 22:18:26 UTC
Table: 'Expresso Nitro(628015914)#0' 3-max (real money) Seat #3 is the button
Seat 1: _SKR (310)
Seat 2: Baaase02 (300)
Seat 3: nekkrone (290)
*** ANTE/BLINDS ***
_SKR posts small blind 10
Baaase02 posts big blind 20
Dealt to _SKR [6h 5s]
*** PRE-FLOP *** 
nekkrone raises 50 to 70
_SKR folds
Baaase02 folds
nekkrone collected 100 from pot
*** SUMMARY ***
Total pot 100 | No rake
Seat 3: nekkrone (button) won 100


Winamax Poker - Tournament "Expresso Nitro" buyIn: 1.86€ + 0.14€ level: 1 - HandId: #2697307811997548545-3-1675117114 - Holdem no limit (10/20) - 2023/01/30 22:18:34 UTC
Table: 'Expresso Nitro(628015914)#0' 3-max (real money) Seat #1 is the button
Seat 1: _SKR (300)
Seat 2: Baaase02 (280)
Seat 3: nekkrone (320)
*** ANTE/BLINDS ***
Baaase02 posts small blind 10
nekkrone posts big blind 20
Dealt to _SKR [Tc 6d]
*** PRE-FLOP *** 
_SKR folds
Baaase02 raises 30 to 50
nekkrone folds
Baaase02 collected 70 from pot
*** SUMMARY ***
Total pot 70 | No rake
Seat 2: Baaase02 (small blind) won 70


Winamax Poker - Tournament "Expresso Nitro" buyIn: 1.86€ + 0.14€ level: 1 - HandId: #2697307811997548545-4-1675117126 - Holdem no limit (10/20) - 2023/01/30 22:18:46 UTC
Table: 'Expresso Nitro(628015914)#0' 3-max (real money) Seat #2 is the button
Seat 1: _SKR (300)
Seat 2: Baaase02 (300)
Seat 3: nekkrone (300)
*** ANTE/BLINDS ***
nekkrone posts small blind 10
_SKR posts big blind 20
Dealt to _SKR [6h 5s]
*** PRE-FLOP *** 
Baaase02 folds
nekkrone calls 10
_SKR checks
*** FLOP *** [Th Jc 3c]
nekkrone bets 26
_SKR folds
nekkrone collected 66 from pot
*** SUMMARY ***
Total pot 66 | No rake
Board: [Th Jc 3c]
Seat 3: nekkrone (small blind) won 66


Winamax Poker - Tournament "Expresso Nitro" buyIn: 1.86€ + 0.14€ level: 1 - HandId: #2697307811997548545-5-1675117141 - Holdem no limit (10/20) - 2023/01/30 22:19:01 UTC
Table: 'Expresso Nitro(628015914)#0' 3-max (real money) Seat #3 is the button
Seat 1: _SKR (280)
Seat 2: Baaase02 (300)
Seat 3: nekkrone (320)
*** ANTE/BLINDS ***
_SKR posts small blind 10
Baaase02 posts big blind 20
Dealt to _SKR [Js Ts]
*** PRE-FLOP *** 
nekkrone raises 50 to 70
_SKR folds
Baaase02 folds
nekkrone collected 100 from pot
*** SUMMARY ***
Total pot 100 | No rake
Seat 3: nekkrone (button) won 100


Winamax Poker - Tournament "Expresso Nitro" buyIn: 1.86€ + 0.14€ level: 2 - HandId: #2697307811997548545-6-1675117153 - Holdem no limit (15/30) - 2023/01/30 22:19:13 UTC
Table: 'Expresso Nitro(628015914)#0' 3-max (real money) Seat #1 is the button
Seat 1: _SKR (270)
Seat 2: Baaase02 (280)
Seat 3: nekkrone (350)
*** ANTE/BLINDS ***
Baaase02 posts small blind 15
nekkrone posts big blind 30
Dealt to _SKR [8c 4s]
*** PRE-FLOP *** 
_SKR folds
Baaase02 calls 15
nekkrone checks
*** FLOP *** [5d 2s 4h]
Baaase02 checks
nekkrone bets 39
Baaase02 calls 39
*** TURN *** [5d 2s 4h][3c]
Baaase02 checks
nekkrone checks
*** RIVER *** [5d 2s 4h 3c][Qh]
Baaase02 checks
nekkrone checks
*** SHOW DOWN ***
nekkrone shows [2d Jc] (One pair : 2)
Baaase02 shows [6h 7d] (Straight 7 high)
Baaase02 collected 138 from pot
*** SUMMARY ***
Total pot 138 | No rake
Board: [5d 2s 4h 3c Qh]
Seat 2: Baaase02 (small blind) showed [6h 7d] and won 138 with Straight 7 high
Seat 3: nekkrone (big blind) showed [2d Jc] and lost with One pair : 2


Winamax Poker - Tournament "Expresso Nitro" buyIn: 1.86€ + 0.14€ level: 2 - HandId: #2697307811997548545-7-1675117199 - Holdem no limit (15/30) - 2023/01/30 22:19:59 UTC
Table: 'Expresso Nitro(628015914)#0' 3-max (real money) Seat #2 is the button
Seat 1: _SKR (270)
Seat 2: Baaase02 (349)
Seat 3: nekkrone (281)
*** ANTE/BLINDS ***
nekkrone posts small blind 15
_SKR posts big blind 30
Dealt to _SKR [4d 5c]
*** PRE-FLOP *** 
Baaase02 folds
nekkrone raises 60 to 90
_SKR folds
nekkrone collected 120 from pot
*** SUMMARY ***
Total pot 120 | No rake
Seat 3: nekkrone (small blind) won 120


Winamax Poker - Tournament "Expresso Nitro" buyIn: 1.86€ + 0.14€ level: 3 - HandId: #2697307811997548545-8-1675117211 - Holdem no limit (20/40) - 2023/01/30 22:20:11 UTC
Table: 'Expresso Nitro(628015914)#0' 3-max (real money) Seat #3 is the button
Seat 1: _SKR (240)
Seat 2: Baaase02 (349)
Seat 3: nekkrone (311)
*** ANTE/BLINDS ***
_SKR posts small blind 20
Baaase02 posts big blind 40
Dealt to _SKR [3s 4d]
*** PRE-FLOP *** 
nekkrone raises 100 to 140
_SKR folds
Baaase02 folds
nekkrone collected 200 from pot
*** SUMMARY ***
Total pot 200 | No rake
Seat 3: nekkrone (button) won 200


Winamax Poker - Tournament "Expresso Nitro" buyIn: 1.86€ + 0.14€ level: 3 - HandId: #2697307811997548545-9-1675117223 - Holdem no limit (20/40) - 2023/01/30 22:20:23 UTC
Table: 'Expresso Nitro(628015914)#0' 3-max (real money) Seat #1 is the button
Seat 1: _SKR (220)
Seat 2: Baaase02 (309)
Seat 3: nekkrone (371)
*** ANTE/BLINDS ***
Baaase02 posts small blind 20
nekkrone posts big blind 40
Dealt to _SKR [Jd 4s]
*** PRE-FLOP *** 
_SKR folds
Baaase02 raises 269 to 309 and is all-in
nekkrone folds
Baaase02 collected 349 from pot
*** SUMMARY ***
Total pot 349 | No rake
Seat 2: Baaase02 (small blind) won 349


Winamax Poker - Tournament "Expresso Nitro" buyIn: 1.86€ + 0.14€ level: 3 - HandId: #2697307811997548545-10-1675117231 - Holdem no limit (20/40) - 2023/01/30 22:20:31 UTC
Table: 'Expresso Nitro(628015914)#0' 3-max (real money) Seat #2 is the button
Seat 1: _SKR (220)
Seat 2: Baaase02 (349)
Seat 3: nekkrone (331)
*** ANTE/BLINDS ***
nekkrone posts small blind 20
_SKR posts big blind 40
Dealt to _SKR [9s Jh]
*** PRE-FLOP *** 
Baaase02 folds
nekkrone raises 291 to 331 and is all-in
_SKR folds
nekkrone collected 371 from pot
*** SUMMARY ***
Total pot 371 | No rake
Seat 3: nekkrone (small blind) won 371


Winamax Poker - Tournament "Expresso Nitro" buyIn: 1.86€ + 0.14€ level: 3 - HandId: #2697307811997548545-11-1675117241 - Holdem no limit (20/40) - 2023/01/30 22:20:41 UTC
Table: 'Expresso Nitro(628015914)#0' 3-max (real money) Seat #3 is the button
Seat 1: _SKR (180)
Seat 2: Baaase02 (349)
Seat 3: nekkrone (371)
*** ANTE/BLINDS ***
_SKR posts small blind 20
Baaase02 posts big blind 40
Dealt to _SKR [Tc 8s]
*** PRE-FLOP *** 
nekkrone raises 100 to 140
_SKR folds
Baaase02 folds
nekkrone collected 200 from pot
*** SUMMARY ***
Total pot 200 | No rake
Seat 3: nekkrone (button) won 200


Winamax Poker - Tournament "Expresso Nitro" buyIn: 1.86€ + 0.14€ level: 3 - HandId: #2697307811997548545-12-1675117252 - Holdem no limit (20/40) - 2023/01/30 22:20:52 UTC
Table: 'Expresso Nitro(628015914)#0' 3-max (real money) Seat #1 is the button
Seat 1: _SKR (160)
Seat 2: Baaase02 (309)
Seat 3: nekkrone (431)
*** ANTE/BLINDS ***
Baaase02 posts small blind 20
nekkrone posts big blind 40
Dealt to _SKR [Js 9d]
*** PRE-FLOP *** 
_SKR folds
Baaase02 raises 269 to 309 and is all-in
nekkrone folds
Baaase02 collected 349 from pot
*** SUMMARY ***
Total pot 349 | No rake
Seat 2: Baaase02 (small blind) won 349


Winamax Poker - Tournament "Expresso Nitro" buyIn: 1.86€ + 0.14€ level: 3 - HandId: #2697307811997548545-13-1675117262 - Holdem no limit (20/40) - 2023/01/30 22:21:02 UTC
Table: 'Expresso Nitro(628015914)#0' 3-max (real money) Seat #2 is the button
Seat 1: _SKR (160)
Seat 2: Baaase02 (349)
Seat 3: nekkrone (391)
*** ANTE/BLINDS ***
nekkrone posts small blind 20
_SKR posts big blind 40
Dealt to _SKR [7d 2c]
*** PRE-FLOP *** 
Baaase02 raises 309 to 349 and is all-in
nekkrone folds
_SKR folds
Baaase02 collected 409 from pot
*** SUMMARY ***
Total pot 409 | No rake
Seat 2: Baaase02 (button) won 409


Winamax Poker - Tournament "Expresso Nitro" buyIn: 1.86€ + 0.14€ level: 4 - HandId: #2697307811997548545-14-1675117274 - Holdem no limit (30/60) - 2023/01/30 22:21:14 UTC
Table: 'Expresso Nitro(628015914)#0' 3-max (real money) Seat #3 is the button
Seat 1: _SKR (120)
Seat 2: Baaase02 (409)
Seat 3: nekkrone (371)
*** ANTE/BLINDS ***
_SKR posts small blind 30
Baaase02 posts big blind 60
Dealt to _SKR [Th 2c]
*** PRE-FLOP *** 
nekkrone raises 311 to 371 and is all-in
_SKR folds
Baaase02 folds
nekkrone collected 461 from pot
*** SUMMARY ***
Total pot 461 | No rake
Seat 3: nekkrone (button) won 461


Winamax Poker - Tournament "Expresso Nitro" buyIn: 1.86€ + 0.14€ level: 4 - HandId: #2697307811997548545-15-1675117292 - Holdem no limit (30/60) - 2023/01/30 22:21:32 UTC
Table: 'Expresso Nitro(628015914)#0' 3-max (real money) Seat #1 is the button
Seat 1: _SKR (90)
Seat 2: Baaase02 (349)
Seat 3: nekkrone (461)
*** ANTE/BLINDS ***
Baaase02 posts small blind 30
nekkrone posts big blind 60
Dealt to _SKR [Qh Ad]
*** PRE-FLOP *** 
_SKR raises 30 to 90 and is all-in
Baaase02 folds
nekkrone calls 30
*** FLOP *** [9c 6s 6c]
*** TURN *** [9c 6s 6c][7c]
*** RIVER *** [9c 6s 6c 7c][Ac]
*** SHOW DOWN ***
nekkrone shows [Kd Ks] (Two pairs : Kings and 6)
_SKR shows [Qh Ad] (Two pairs : Aces and 6)
_SKR collected 210 from pot
*** SUMMARY ***
Total pot 210 | No rake
Board: [9c 6s 6c 7c Ac]
Seat 1: _SKR (button) showed [Qh Ad] and won 210 with Two pairs : Aces and 6
Seat 3: nekkrone (big blind) showed [Kd Ks] and lost with Two pairs : Kings and 6


Winamax Poker - Tournament "Expresso Nitro" buyIn: 1.86€ + 0.14€ level: 4 - HandId: #2697307811997548545-16-1675117310 - Holdem no limit (30/60) - 2023/01/30 22:21:50 UTC
Table: 'Expresso Nitro(628015914)#0' 3-max (real money) Seat #2 is the button
Seat 1: _SKR (210)
Seat 2: Baaase02 (319)
Seat 3: nekkrone (371)
*** ANTE/BLINDS ***
nekkrone posts small blind 30
_SKR posts big blind 60
Dealt to _SKR [4c 2c]
*** PRE-FLOP *** 
Baaase02 folds
nekkrone folds
_SKR collected 90 from pot
*** SUMMARY ***
Total pot 90 | No rake
Seat 1: _SKR (big blind) won 90


Winamax Poker - Tournament "Expresso Nitro" buyIn: 1.86€ + 0.14€ level: 4 - HandId: #2697307811997548545-17-1675117315 - Holdem no limit (30/60) - 2023/01/30 22:21:55 UTC
Table: 'Expresso Nitro(628015914)#0' 3-max (real money) Seat #3 is the button
Seat 1: _SKR (240)
Seat 2: Baaase02 (319)
Seat 3: nekkrone (341)
*** ANTE/BLINDS ***
_SKR posts small blind 30
Baaase02 posts big blind 60
Dealt to _SKR [3c 9d]
*** PRE-FLOP *** 
nekkrone folds
_SKR folds
Baaase02 collected 90 from pot
*** SUMMARY ***
Total pot 90 | No rake
Seat 2: Baaase02 (big blind) won 90


Winamax Poker - Tournament "Expresso Nitro" buyIn: 1.86€ + 0.14€ level: 4 - HandId: #2697307811997548545-18-1675117327 - Holdem no limit (30/60) - 2023/01/30 22:22:07 UTC
Table: 'Expresso Nitro(628015914)#0' 3-max (real money) Seat #1 is the button
Seat 1: _SKR (210)
Seat 2: Baaase02 (349)
Seat 3: nekkrone (341)
*** ANTE/BLINDS ***
Baaase02 posts small blind 30
nekkrone posts big blind 60
Dealt to _SKR [8d Jd]
*** PRE-FLOP *** 
_SKR raises 150 to 210 and is all-in
Baaase02 folds
nekkrone folds
_SKR collected 300 from pot
*** SUMMARY ***
Total pot 300 | No rake
Seat 1: _SKR (button) won 300


Winamax Poker - Tournament "Expresso Nitro" buyIn: 1.86€ + 0.14€ level: 5 - HandId: #2697307811997548545-19-1675117337 - Holdem no limit (40/80) - 2023/01/30 22:22:17 UTC
Table: 'Expresso Nitro(628015914)#0' 3-max (real money) Seat #2 is the button
Seat 1: _SKR (300)
Seat 2: Baaase02 (319)
Seat 3: nekkrone (281)
*** ANTE/BLINDS ***
nekkrone posts small blind 40
_SKR posts big blind 80
Dealt to _SKR [4s 7h]
*** PRE-FLOP *** 
Baaase02 folds
nekkrone folds
_SKR collected 120 from pot
*** SUMMARY ***
Total pot 120 | No rake
Seat 1: _SKR (big blind) won 120


Winamax Poker - Tournament "Expresso Nitro" buyIn: 1.86€ + 0.14€ level: 5 - HandId: #2697307811997548545-20-1675117343 - Holdem no limit (40/80) - 2023/01/30 22:22:23 UTC
Table: 'Expresso Nitro(628015914)#0' 3-max (real money) Seat #3 is the button
Seat 1: _SKR (340)
Seat 2: Baaase02 (319)
Seat 3: nekkrone (241)
*** ANTE/BLINDS ***
_SKR posts small blind 40
Baaase02 posts big blind 80
Dealt to _SKR [Kh Qh]
*** PRE-FLOP *** 
nekkrone folds
_SKR raises 260 to 340 and is all-in
Baaase02 calls 239 and is all-in
*** FLOP *** [Js 9s Qs]
*** TURN *** [Js 9s Qs][2c]
*** RIVER *** [Js 9s Qs 2c][5c]
*** SHOW DOWN ***
Baaase02 shows [Qd 7d] (One pair : Queens)
_SKR shows [Kh Qh] (One pair : Queens)
_SKR collected 659 from pot
*** SUMMARY ***
Total pot 659 | No rake
Board: [Js 9s Qs 2c 5c]
Seat 1: _SKR (small blind) showed [Kh Qh] and won 659 with One pair : Queens
Seat 2: Baaase02 (big blind) showed [Qd 7d] and lost with One pair : Queens


Winamax Poker - Tournament "Expresso Nitro" buyIn: 1.86€ + 0.14€ level: 5 - HandId: #2697307811997548545-21-1675117358 - Holdem no limit (40/80) - 2023/01/30 22:22:38 UTC
Table: 'Expresso Nitro(628015914)#0' 3-max (real money) Seat #3 is the button
Seat 1: _SKR (659)
Seat 3: nekkrone (241)
*** ANTE/BLINDS ***
nekkrone posts small blind 40
_SKR posts big blind 80
Dealt to _SKR [4c 2h]
*** PRE-FLOP *** 
nekkrone folds
_SKR collected 120 from pot
*** SUMMARY ***
Total pot 120 | No rake
Seat 1: _SKR (big blind) won 120


Winamax Poker - Tournament "Expresso Nitro" buyIn: 1.86€ + 0.14€ level: 5 - HandId: #2697307811997548545-22-1675117362 - Holdem no limit (40/80) - 2023/01/30 22:22:42 UTC
Table: 'Expresso Nitro(628015914)#0' 3-max (real money) Seat #1 is the button
Seat 1: _SKR (699)
Seat 3: nekkrone (201)
*** ANTE/BLINDS ***
_SKR posts small blind 40
nekkrone posts big blind 80
Dealt to _SKR [7d Td]
*** PRE-FLOP *** 
_SKR folds
nekkrone collected 120 from pot
*** SUMMARY ***
Total pot 120 | No rake
Seat 3: nekkrone (big blind) won 120


Winamax Poker - Tournament "Expresso Nitro" buyIn: 1.86€ + 0.14€ level: 5 - HandId: #2697307811997548545-23-1675117367 - Holdem no limit (40/80) - 2023/01/30 22:22:47 UTC
Table: 'Expresso Nitro(628015914)#0' 3-max (real money) Seat #3 is the button
Seat 1: _SKR (659)
Seat 3: nekkrone (241)
*** ANTE/BLINDS ***
nekkrone posts small blind 40
_SKR posts big blind 80
Dealt to _SKR [7h Qs]
*** PRE-FLOP *** 
nekkrone raises 161 to 241 and is all-in
_SKR calls 161
*** FLOP *** [Kc 5c 6c]
*** TURN *** [Kc 5c 6c][9c]
*** RIVER *** [Kc 5c 6c 9c][Ks]
*** SHOW DOWN ***
_SKR shows [7h Qs] (One pair : Kings)
nekkrone shows [Ac Qc] (Flush Ace high)
nekkrone collected 482 from pot
*** SUMMARY ***
Total pot 482 | No rake
Board: [Kc 5c 6c 9c Ks]
Seat 1: _SKR (big blind) showed [7h Qs] and lost with One pair : Kings
Seat 3: nekkrone (small blind) (button) showed [Ac Qc] and won 482 with Flush Ace high


Winamax Poker - Tournament "Expresso Nitro" buyIn: 1.86€ + 0.14€ level: 5 - HandId: #2697307811997548545-24-1675117386 - Holdem no limit (40/80) - 2023/01/30 22:23:06 UTC
Table: 'Expresso Nitro(628015914)#0' 3-max (real money) Seat #1 is the button
Seat 1: _SKR (418)
Seat 3: nekkrone (482)
*** ANTE/BLINDS ***
_SKR posts small blind 40
nekkrone posts big blind 80
Dealt to _SKR [8s 7c]
*** PRE-FLOP *** 
_SKR raises 338 to 418 and is all-in
nekkrone folds
_SKR collected 498 from pot
*** SUMMARY ***
Total pot 498 | No rake
Seat 1: _SKR (small blind) (button) won 498


Winamax Poker - Tournament "Expresso Nitro" buyIn: 1.86€ + 0.14€ level: 6 - HandId: #2697307811997548545-25-1675117393 - Holdem no limit (50/100) - 2023/01/30 22:23:13 UTC
Table: 'Expresso Nitro(628015914)#0' 3-max (real money) Seat #3 is the button
Seat 1: _SKR (498)
Seat 3: nekkrone (402)
*** ANTE/BLINDS ***
nekkrone posts small blind 50
_SKR posts big blind 100
Dealt to _SKR [5d Th]
*** PRE-FLOP *** 
nekkrone raises 302 to 402 and is all-in
_SKR folds
nekkrone collected 502 from pot
*** SUMMARY ***
Total pot 502 | No rake
Seat 3: nekkrone (small blind) (button) won 502


Winamax Poker - Tournament "Expresso Nitro" buyIn: 1.86€ + 0.14€ level: 6 - HandId: #2697307811997548545-26-1675117400 - Holdem no limit (50/100) - 2023/01/30 22:23:20 UTC
Table: 'Expresso Nitro(628015914)#0' 3-max (real money) Seat #1 is the button
Seat 1: _SKR (398)
Seat 3: nekkrone (502)
*** ANTE/BLINDS ***
_SKR posts small blind 50
nekkrone posts big blind 100
Dealt to _SKR [Ac 9s]
*** PRE-FLOP *** 
_SKR raises 298 to 398 and is all-in
nekkrone raises 104 to 502 and is all-in
*** FLOP *** [Jd 3s 9d]
*** TURN *** [Jd 3s 9d][8h]
*** RIVER *** [Jd 3s 9d 8h][Ks]
*** SHOW DOWN ***
_SKR shows [Ac 9s] (One pair : 9)
nekkrone shows [5d 5c] (One pair : 5)
nekkrone collected 104 from side pot 1
_SKR collected 796 from main pot
*** SUMMARY ***
Total pot 900 | No rake
Board: [Jd 3s 9d 8h Ks]
Seat 1: _SKR (small blind) (button) showed [Ac 9s] and won 796 with One pair : 9
Seat 3: nekkrone (big blind) showed [5d 5c] and won 104 with One pair : 5


Winamax Poker - Tournament "Expresso Nitro" buyIn: 1.86€ + 0.14€ level: 6 - HandId: #2697307811997548545-27-1675117416 - Holdem no limit (50/100) - 2023/01/30 22:23:36 UTC
Table: 'Expresso Nitro(628015914)#0' 3-max (real money) Seat #3 is the button
Seat 1: _SKR (796)
Seat 3: nekkrone (104)
*** ANTE/BLINDS ***
nekkrone posts small blind 50
_SKR posts big blind 100
Dealt to _SKR [Kc 9h]
*** PRE-FLOP *** 
nekkrone raises 4 to 104 and is all-in
_SKR calls 4
*** FLOP *** [Td Qc 6h]
*** TURN *** [Td Qc 6h][3s]
*** RIVER *** [Td Qc 6h 3s][7c]
*** SHOW DOWN ***
_SKR shows [Kc 9h] (High card : King)
nekkrone shows [6c Jc] (One pair : 6)
nekkrone collected 208 from pot
*** SUMMARY ***
Total pot 208 | No rake
Board: [Td Qc 6h 3s 7c]
Seat 1: _SKR (big blind) showed [Kc 9h] and lost with High card : King
Seat 3: nekkrone (small blind) (button) showed [6c Jc] and won 208 with One pair : 6


Winamax Poker - Tournament "Expresso Nitro" buyIn: 1.86€ + 0.14€ level: 6 - HandId: #2697307811997548545-28-1675117438 - Holdem no limit (50/100) - 2023/01/30 22:23:58 UTC
Table: 'Expresso Nitro(628015914)#0' 3-max (real money) Seat #1 is the button
Seat 1: _SKR (692)
Seat 3: nekkrone (208)
*** ANTE/BLINDS ***
_SKR posts small blind 50
nekkrone posts big blind 100
Dealt to _SKR [Jc 4h]
*** PRE-FLOP *** 
_SKR folds
nekkrone collected 150 from pot
*** SUMMARY ***
Total pot 150 | No rake
Seat 3: nekkrone (big blind) won 150


Winamax Poker - Tournament "Expresso Nitro" buyIn: 1.86€ + 0.14€ level: 6 - HandId: #2697307811997548545-29-1675117442 - Holdem no limit (50/100) - 2023/01/30 22:24:02 UTC
Table: 'Expresso Nitro(628015914)#0' 3-max (real money) Seat #3 is the button
Seat 1: _SKR (642)
Seat 3: nekkrone (258)
*** ANTE/BLINDS ***
nekkrone posts small blind 50
_SKR posts big blind 100
Dealt to _SKR [4h Td]
*** PRE-FLOP *** 
nekkrone raises 158 to 258 and is all-in
_SKR calls 158
*** FLOP *** [Qc Jd 3s]
*** TURN *** [Qc Jd 3s][7c]
*** RIVER *** [Qc Jd 3s 7c][Js]
*** SHOW DOWN ***
_SKR shows [4h Td] (One pair : Jacks)
nekkrone shows [5h 5s] (Two pairs : Jacks and 5)
nekkrone collected 516 from pot
*** SUMMARY ***
Total pot 516 | No rake
Board: [Qc Jd 3s 7c Js]
Seat 1: _SKR (big blind) showed [4h Td] and lost with One pair : Jacks
Seat 3: nekkrone (small blind) (button) showed [5h 5s] and won 516 with Two pairs : Jacks and 5


Winamax Poker - Tournament "Expresso Nitro" buyIn: 1.86€ + 0.14€ level: 7 - HandId: #2697307811997548545-30-1675117456 - Holdem no limit (60/120) - 2023/01/30 22:24:16 UTC
Table: 'Expresso Nitro(628015914)#0' 3-max (real money) Seat #1 is the button
Seat 1: _SKR (384)
Seat 3: nekkrone (516)
*** ANTE/BLINDS ***
_SKR posts small blind 60
nekkrone posts big blind 120
Dealt to _SKR [Ks Jc]
*** PRE-FLOP *** 
_SKR raises 264 to 384 and is all-in
nekkrone raises 132 to 516 and is all-in
*** FLOP *** [2s 6s 6h]
*** TURN *** [2s 6s 6h][9s]
*** RIVER *** [2s 6s 6h 9s][7c]
*** SHOW DOWN ***
_SKR shows [Ks Jc] (One pair : 6)
nekkrone shows [9c Qs] (Two pairs : 9 and 6)
nekkrone collected 900 from pot
*** SUMMARY ***
Total pot 900 | No rake
Board: [2s 6s 6h 9s 7c]
Seat 1: _SKR (small blind) (button) showed [Ks Jc] and lost with One pair : 6
Seat 3: nekkrone (big blind) showed [9c Qs] and won 900 with Two pairs : 9 and 6


