Winamax Poker - Tournament "Expresso Nitro" buyIn: 0.93€ + 0.07€ level: 1 - HandId: #2692545170007654401-1-1674829895 - Holdem no limit (10/20) - 2023/01/27 14:31:35 UTC
Table: 'Expresso Nitro(626907025)#0' 3-max (real money) Seat #1 is the button
Seat 1: _SKR (300)
Seat 2: Eldiablo1903 (300)
Seat 3: FRANKY AS (300)
*** ANTE/BLINDS ***
Eldiablo1903 posts small blind 10
FRANKY AS posts big blind 20
Dealt to _SKR [Kh 4c]
*** PRE-FLOP *** 
_SKR folds
Eldiablo1903 raises 30 to 50
FRANKY AS calls 30
*** FLOP *** [Th Ah 5s]
Eldiablo1903 bets 35
FRANKY AS raises 215 to 250 and is all-in
Eldiablo1903 calls 215 and is all-in
*** TURN *** [Th Ah 5s][8d]
*** RIVER *** [Th Ah 5s 8d][8s]
*** SHOW DOWN ***
FRANKY AS shows [9s 5c] (Two pairs : 8 and 5)
Eldiablo1903 shows [As 4s] (Two pairs : Aces and 8)
Eldiablo1903 collected 600 from pot
*** SUMMARY ***
Total pot 600 | No rake
Board: [Th Ah 5s 8d 8s]
Seat 2: Eldiablo1903 (small blind) showed [As 4s] and won 600 with Two pairs : Aces and 8
Seat 3: FRANKY AS (big blind) showed [9s 5c] and lost with Two pairs : 8 and 5


Winamax Poker - Tournament "Expresso Nitro" buyIn: 0.93€ + 0.07€ level: 1 - HandId: #2692545170007654401-2-1674829916 - Holdem no limit (10/20) - 2023/01/27 14:31:56 UTC
Table: 'Expresso Nitro(626907025)#0' 3-max (real money) Seat #1 is the button
Seat 1: _SKR (300)
Seat 2: Eldiablo1903 (600)
*** ANTE/BLINDS ***
_SKR posts small blind 10
Eldiablo1903 posts big blind 20
Dealt to _SKR [6h Ts]
*** PRE-FLOP *** 
_SKR folds
Eldiablo1903 collected 30 from pot
*** SUMMARY ***
Total pot 30 | No rake
Seat 2: Eldiablo1903 (big blind) won 30


Winamax Poker - Tournament "Expresso Nitro" buyIn: 0.93€ + 0.07€ level: 1 - HandId: #2692545170007654401-3-1674829920 - Holdem no limit (10/20) - 2023/01/27 14:32:00 UTC
Table: 'Expresso Nitro(626907025)#0' 3-max (real money) Seat #2 is the button
Seat 1: _SKR (290)
Seat 2: Eldiablo1903 (610)
*** ANTE/BLINDS ***
Eldiablo1903 posts small blind 10
_SKR posts big blind 20
Dealt to _SKR [Kd 2c]
*** PRE-FLOP *** 
Eldiablo1903 raises 40 to 60
_SKR folds
Eldiablo1903 collected 80 from pot
*** SUMMARY ***
Total pot 80 | No rake
Seat 2: Eldiablo1903 (small blind) (button) won 80


Winamax Poker - Tournament "Expresso Nitro" buyIn: 0.93€ + 0.07€ level: 1 - HandId: #2692545170007654401-4-1674829925 - Holdem no limit (10/20) - 2023/01/27 14:32:05 UTC
Table: 'Expresso Nitro(626907025)#0' 3-max (real money) Seat #1 is the button
Seat 1: _SKR (270)
Seat 2: Eldiablo1903 (630)
*** ANTE/BLINDS ***
_SKR posts small blind 10
Eldiablo1903 posts big blind 20
Dealt to _SKR [As Ks]
*** PRE-FLOP *** 
_SKR raises 20 to 40
Eldiablo1903 calls 20
*** FLOP *** [Td Ah 6s]
Eldiablo1903 checks
_SKR checks
*** TURN *** [Td Ah 6s][2c]
Eldiablo1903 checks
_SKR bets 40
Eldiablo1903 folds
_SKR collected 120 from pot
*** SUMMARY ***
Total pot 120 | No rake
Board: [Td Ah 6s 2c]
Seat 1: _SKR (small blind) (button) won 120


Winamax Poker - Tournament "Expresso Nitro" buyIn: 0.93€ + 0.07€ level: 2 - HandId: #2692545170007654401-5-1674829951 - Holdem no limit (15/30) - 2023/01/27 14:32:31 UTC
Table: 'Expresso Nitro(626907025)#0' 3-max (real money) Seat #2 is the button
Seat 1: _SKR (310)
Seat 2: Eldiablo1903 (590)
*** ANTE/BLINDS ***
Eldiablo1903 posts small blind 15
_SKR posts big blind 30
Dealt to _SKR [Qd 6c]
*** PRE-FLOP *** 
Eldiablo1903 raises 30 to 60
_SKR folds
Eldiablo1903 collected 90 from pot
*** SUMMARY ***
Total pot 90 | No rake
Seat 2: Eldiablo1903 (small blind) (button) won 90


Winamax Poker - Tournament "Expresso Nitro" buyIn: 0.93€ + 0.07€ level: 2 - HandId: #2692545170007654401-6-1674829962 - Holdem no limit (15/30) - 2023/01/27 14:32:42 UTC
Table: 'Expresso Nitro(626907025)#0' 3-max (real money) Seat #1 is the button
Seat 1: _SKR (280)
Seat 2: Eldiablo1903 (620)
*** ANTE/BLINDS ***
_SKR posts small blind 15
Eldiablo1903 posts big blind 30
Dealt to _SKR [7c 2d]
*** PRE-FLOP *** 
_SKR folds
Eldiablo1903 collected 45 from pot
*** SUMMARY ***
Total pot 45 | No rake
Seat 2: Eldiablo1903 (big blind) won 45


Winamax Poker - Tournament "Expresso Nitro" buyIn: 0.93€ + 0.07€ level: 2 - HandId: #2692545170007654401-7-1674829968 - Holdem no limit (15/30) - 2023/01/27 14:32:48 UTC
Table: 'Expresso Nitro(626907025)#0' 3-max (real money) Seat #2 is the button
Seat 1: _SKR (265)
Seat 2: Eldiablo1903 (635)
*** ANTE/BLINDS ***
Eldiablo1903 posts small blind 15
_SKR posts big blind 30
Dealt to _SKR [Ks 7d]
*** PRE-FLOP *** 
Eldiablo1903 calls 15
_SKR raises 235 to 265 and is all-in
Eldiablo1903 calls 235
*** FLOP *** [3c 6c Kh]
*** TURN *** [3c 6c Kh][9h]
*** RIVER *** [3c 6c Kh 9h][4s]
*** SHOW DOWN ***
Eldiablo1903 shows [7c 8c] (High card : King)
_SKR shows [Ks 7d] (One pair : Kings)
_SKR collected 530 from pot
*** SUMMARY ***
Total pot 530 | No rake
Board: [3c 6c Kh 9h 4s]
Seat 1: _SKR (big blind) showed [Ks 7d] and won 530 with One pair : Kings
Seat 2: Eldiablo1903 (small blind) (button) showed [7c 8c] and lost with High card : King


Winamax Poker - Tournament "Expresso Nitro" buyIn: 0.93€ + 0.07€ level: 2 - HandId: #2692545170007654401-8-1674829997 - Holdem no limit (15/30) - 2023/01/27 14:33:17 UTC
Table: 'Expresso Nitro(626907025)#0' 3-max (real money) Seat #1 is the button
Seat 1: _SKR (530)
Seat 2: Eldiablo1903 (370)
*** ANTE/BLINDS ***
_SKR posts small blind 15
Eldiablo1903 posts big blind 30
Dealt to _SKR [3s Qc]
*** PRE-FLOP *** 
_SKR folds
Eldiablo1903 collected 45 from pot
*** SUMMARY ***
Total pot 45 | No rake
Seat 2: Eldiablo1903 (big blind) won 45


Winamax Poker - Tournament "Expresso Nitro" buyIn: 0.93€ + 0.07€ level: 2 - HandId: #2692545170007654401-9-1674830001 - Holdem no limit (15/30) - 2023/01/27 14:33:21 UTC
Table: 'Expresso Nitro(626907025)#0' 3-max (real money) Seat #2 is the button
Seat 1: _SKR (515)
Seat 2: Eldiablo1903 (385)
*** ANTE/BLINDS ***
Eldiablo1903 posts small blind 15
_SKR posts big blind 30
Dealt to _SKR [6s 8s]
*** PRE-FLOP *** 
Eldiablo1903 calls 15
_SKR checks
*** FLOP *** [3c 9d Kd]
_SKR checks
Eldiablo1903 checks
*** TURN *** [3c 9d Kd][Qs]
_SKR checks
Eldiablo1903 bets 39
_SKR folds
Eldiablo1903 collected 99 from pot
*** SUMMARY ***
Total pot 99 | No rake
Board: [3c 9d Kd Qs]
Seat 2: Eldiablo1903 (small blind) (button) won 99


Winamax Poker - Tournament "Expresso Nitro" buyIn: 0.93€ + 0.07€ level: 3 - HandId: #2692545170007654401-10-1674830041 - Holdem no limit (20/40) - 2023/01/27 14:34:01 UTC
Table: 'Expresso Nitro(626907025)#0' 3-max (real money) Seat #1 is the button
Seat 1: _SKR (485)
Seat 2: Eldiablo1903 (415)
*** ANTE/BLINDS ***
_SKR posts small blind 20
Eldiablo1903 posts big blind 40
Dealt to _SKR [Ks 9c]
*** PRE-FLOP *** 
_SKR raises 445 to 485 and is all-in
Eldiablo1903 calls 375 and is all-in
*** FLOP *** [6s 2d 6c]
*** TURN *** [6s 2d 6c][8h]
*** RIVER *** [6s 2d 6c 8h][6d]
*** SHOW DOWN ***
Eldiablo1903 shows [Qd Td] (Trips of 6)
_SKR shows [Ks 9c] (Trips of 6)
_SKR collected 900 from pot
*** SUMMARY ***
Total pot 900 | No rake
Board: [6s 2d 6c 8h 6d]
Seat 1: _SKR (small blind) (button) showed [Ks 9c] and won 900 with Trips of 6
Seat 2: Eldiablo1903 (big blind) showed [Qd Td] and lost with Trips of 6


