Winamax Poker - Tournament "Expresso Nitro" buyIn: 1.86€ + 0.14€ level: 1 - HandId: #2696664103774060545-1-1675092328 - Holdem no limit (10/20) - 2023/01/30 15:25:28 UTC
Table: 'Expresso Nitro(627866039)#0' 3-max (real money) Seat #3 is the button
Seat 1: Lamatrak9422 (300)
Seat 2: _SKR (300)
Seat 3: SB_Condor208 (300)
*** ANTE/BLINDS ***
Lamatrak9422 posts small blind 10
_SKR posts big blind 20
Dealt to _SKR [9c 2c]
*** PRE-FLOP *** 
SB_Condor208 folds
Lamatrak9422 folds
_SKR collected 30 from pot
*** SUMMARY ***
Total pot 30 | No rake
Seat 2: _SKR (big blind) won 30


Winamax Poker - Tournament "Expresso Nitro" buyIn: 1.86€ + 0.14€ level: 1 - HandId: #2696664103774060545-2-1675092334 - Holdem no limit (10/20) - 2023/01/30 15:25:34 UTC
Table: 'Expresso Nitro(627866039)#0' 3-max (real money) Seat #1 is the button
Seat 1: Lamatrak9422 (290)
Seat 2: _SKR (310)
Seat 3: SB_Condor208 (300)
*** ANTE/BLINDS ***
_SKR posts small blind 10
SB_Condor208 posts big blind 20
Dealt to _SKR [3d 3h]
*** PRE-FLOP *** 
Lamatrak9422 folds
_SKR raises 290 to 310 and is all-in
SB_Condor208 folds
_SKR collected 330 from pot
*** SUMMARY ***
Total pot 330 | No rake
Seat 2: _SKR (small blind) won 330


Winamax Poker - Tournament "Expresso Nitro" buyIn: 1.86€ + 0.14€ level: 1 - HandId: #2696664103774060545-3-1675092348 - Holdem no limit (10/20) - 2023/01/30 15:25:48 UTC
Table: 'Expresso Nitro(627866039)#0' 3-max (real money) Seat #2 is the button
Seat 1: Lamatrak9422 (290)
Seat 2: _SKR (330)
Seat 3: SB_Condor208 (280)
*** ANTE/BLINDS ***
SB_Condor208 posts small blind 10
Lamatrak9422 posts big blind 20
Dealt to _SKR [Ah 6c]
*** PRE-FLOP *** 
_SKR raises 310 to 330 and is all-in
SB_Condor208 folds
Lamatrak9422 folds
_SKR collected 360 from pot
*** SUMMARY ***
Total pot 360 | No rake
Seat 2: _SKR (button) won 360


Winamax Poker - Tournament "Expresso Nitro" buyIn: 1.86€ + 0.14€ level: 1 - HandId: #2696664103774060545-4-1675092356 - Holdem no limit (10/20) - 2023/01/30 15:25:56 UTC
Table: 'Expresso Nitro(627866039)#0' 3-max (real money) Seat #3 is the button
Seat 1: Lamatrak9422 (270)
Seat 2: _SKR (360)
Seat 3: SB_Condor208 (270)
*** ANTE/BLINDS ***
Lamatrak9422 posts small blind 10
_SKR posts big blind 20
Dealt to _SKR [Kc 3d]
*** PRE-FLOP *** 
SB_Condor208 calls 20
Lamatrak9422 folds
_SKR checks
*** FLOP *** [4d 8c Kd]
_SKR checks
SB_Condor208 checks
*** TURN *** [4d 8c Kd][4c]
_SKR bets 33
SB_Condor208 folds
_SKR collected 83 from pot
*** SUMMARY ***
Total pot 83 | No rake
Board: [4d 8c Kd 4c]
Seat 2: _SKR (big blind) won 83


Winamax Poker - Tournament "Expresso Nitro" buyIn: 1.86€ + 0.14€ level: 1 - HandId: #2696664103774060545-5-1675092383 - Holdem no limit (10/20) - 2023/01/30 15:26:23 UTC
Table: 'Expresso Nitro(627866039)#0' 3-max (real money) Seat #1 is the button
Seat 1: Lamatrak9422 (260)
Seat 2: _SKR (390)
Seat 3: SB_Condor208 (250)
*** ANTE/BLINDS ***
_SKR posts small blind 10
SB_Condor208 posts big blind 20
Dealt to _SKR [Ts 8s]
*** PRE-FLOP *** 
Lamatrak9422 folds
_SKR raises 370 to 390 and is all-in
SB_Condor208 calls 230 and is all-in
*** FLOP *** [Th 9s 2d]
*** TURN *** [Th 9s 2d][Td]
*** RIVER *** [Th 9s 2d Td][Qh]
*** SHOW DOWN ***
SB_Condor208 shows [Qd 8d] (Two pairs : Queens and Tens)
_SKR shows [Ts 8s] (Trips of Tens)
_SKR collected 640 from pot
*** SUMMARY ***
Total pot 640 | No rake
Board: [Th 9s 2d Td Qh]
Seat 2: _SKR (small blind) showed [Ts 8s] and won 640 with Trips of Tens
Seat 3: SB_Condor208 (big blind) showed [Qd 8d] and lost with Two pairs : Queens and Tens


Winamax Poker - Tournament "Expresso Nitro" buyIn: 1.86€ + 0.14€ level: 2 - HandId: #2696664103774060545-6-1675092401 - Holdem no limit (15/30) - 2023/01/30 15:26:41 UTC
Table: 'Expresso Nitro(627866039)#0' 3-max (real money) Seat #1 is the button
Seat 1: Lamatrak9422 (260)
Seat 2: _SKR (640)
*** ANTE/BLINDS ***
Lamatrak9422 posts small blind 15
_SKR posts big blind 30
Dealt to _SKR [8c Jc]
*** PRE-FLOP *** 
Lamatrak9422 raises 30 to 60
_SKR calls 30
*** FLOP *** [5s 5c Ac]
_SKR checks
Lamatrak9422 bets 30
_SKR raises 550 to 580 and is all-in
Lamatrak9422 calls 170 and is all-in
*** TURN *** [5s 5c Ac][As]
*** RIVER *** [5s 5c Ac As][2d]
*** SHOW DOWN ***
Lamatrak9422 shows [Td Ah] (Full of Aces and 5)
_SKR shows [8c Jc] (Two pairs : Aces and 5)
_SKR collected 380 from side pot 1
Lamatrak9422 collected 520 from main pot
*** SUMMARY ***
Total pot 900 | No rake
Board: [5s 5c Ac As 2d]
Seat 1: Lamatrak9422 (small blind) (button) showed [Td Ah] and won 520 with Full of Aces and 5
Seat 2: _SKR (big blind) showed [8c Jc] and won 380 with Two pairs : Aces and 5


Winamax Poker - Tournament "Expresso Nitro" buyIn: 1.86€ + 0.14€ level: 2 - HandId: #2696664103774060545-7-1675092417 - Holdem no limit (15/30) - 2023/01/30 15:26:57 UTC
Table: 'Expresso Nitro(627866039)#0' 3-max (real money) Seat #2 is the button
Seat 1: Lamatrak9422 (520)
Seat 2: _SKR (380)
*** ANTE/BLINDS ***
_SKR posts small blind 15
Lamatrak9422 posts big blind 30
Dealt to _SKR [2d Ad]
*** PRE-FLOP *** 
_SKR raises 350 to 380 and is all-in
Lamatrak9422 folds
_SKR collected 410 from pot
*** SUMMARY ***
Total pot 410 | No rake
Seat 2: _SKR (small blind) (button) won 410


Winamax Poker - Tournament "Expresso Nitro" buyIn: 1.86€ + 0.14€ level: 2 - HandId: #2696664103774060545-8-1675092423 - Holdem no limit (15/30) - 2023/01/30 15:27:03 UTC
Table: 'Expresso Nitro(627866039)#0' 3-max (real money) Seat #1 is the button
Seat 1: Lamatrak9422 (490)
Seat 2: _SKR (410)
*** ANTE/BLINDS ***
Lamatrak9422 posts small blind 15
_SKR posts big blind 30
Dealt to _SKR [6c Qh]
*** PRE-FLOP *** 
Lamatrak9422 folds
_SKR collected 45 from pot
*** SUMMARY ***
Total pot 45 | No rake
Seat 2: _SKR (big blind) won 45


Winamax Poker - Tournament "Expresso Nitro" buyIn: 1.86€ + 0.14€ level: 2 - HandId: #2696664103774060545-9-1675092429 - Holdem no limit (15/30) - 2023/01/30 15:27:09 UTC
Table: 'Expresso Nitro(627866039)#0' 3-max (real money) Seat #2 is the button
Seat 1: Lamatrak9422 (475)
Seat 2: _SKR (425)
*** ANTE/BLINDS ***
_SKR posts small blind 15
Lamatrak9422 posts big blind 30
Dealt to _SKR [6c 8d]
*** PRE-FLOP *** 
_SKR folds
Lamatrak9422 collected 45 from pot
*** SUMMARY ***
Total pot 45 | No rake
Seat 1: Lamatrak9422 (big blind) won 45


Winamax Poker - Tournament "Expresso Nitro" buyIn: 1.86€ + 0.14€ level: 2 - HandId: #2696664103774060545-10-1675092435 - Holdem no limit (15/30) - 2023/01/30 15:27:15 UTC
Table: 'Expresso Nitro(627866039)#0' 3-max (real money) Seat #1 is the button
Seat 1: Lamatrak9422 (490)
Seat 2: _SKR (410)
*** ANTE/BLINDS ***
Lamatrak9422 posts small blind 15
_SKR posts big blind 30
Dealt to _SKR [Tc 6s]
*** PRE-FLOP *** 
Lamatrak9422 folds
_SKR collected 45 from pot
*** SUMMARY ***
Total pot 45 | No rake
Seat 2: _SKR (big blind) won 45


Winamax Poker - Tournament "Expresso Nitro" buyIn: 1.86€ + 0.14€ level: 2 - HandId: #2696664103774060545-11-1675092439 - Holdem no limit (15/30) - 2023/01/30 15:27:19 UTC
Table: 'Expresso Nitro(627866039)#0' 3-max (real money) Seat #2 is the button
Seat 1: Lamatrak9422 (475)
Seat 2: _SKR (425)
*** ANTE/BLINDS ***
_SKR posts small blind 15
Lamatrak9422 posts big blind 30
Dealt to _SKR [8d Qc]
*** PRE-FLOP *** 
_SKR raises 30 to 60
Lamatrak9422 calls 30
*** FLOP *** [7c 2c 3c]
Lamatrak9422 checks
_SKR checks
*** TURN *** [7c 2c 3c][6h]
Lamatrak9422 checks
_SKR bets 42
Lamatrak9422 folds
_SKR collected 162 from pot
*** SUMMARY ***
Total pot 162 | No rake
Board: [7c 2c 3c 6h]
Seat 2: _SKR (small blind) (button) won 162


Winamax Poker - Tournament "Expresso Nitro" buyIn: 1.86€ + 0.14€ level: 3 - HandId: #2696664103774060545-12-1675092462 - Holdem no limit (20/40) - 2023/01/30 15:27:42 UTC
Table: 'Expresso Nitro(627866039)#0' 3-max (real money) Seat #1 is the button
Seat 1: Lamatrak9422 (415)
Seat 2: _SKR (485)
*** ANTE/BLINDS ***
Lamatrak9422 posts small blind 20
_SKR posts big blind 40
Dealt to _SKR [3s 8h]
*** PRE-FLOP *** 
Lamatrak9422 raises 40 to 80
_SKR folds
Lamatrak9422 collected 120 from pot
*** SUMMARY ***
Total pot 120 | No rake
Seat 1: Lamatrak9422 (small blind) (button) won 120


Winamax Poker - Tournament "Expresso Nitro" buyIn: 1.86€ + 0.14€ level: 3 - HandId: #2696664103774060545-13-1675092471 - Holdem no limit (20/40) - 2023/01/30 15:27:51 UTC
Table: 'Expresso Nitro(627866039)#0' 3-max (real money) Seat #2 is the button
Seat 1: Lamatrak9422 (455)
Seat 2: _SKR (445)
*** ANTE/BLINDS ***
_SKR posts small blind 20
Lamatrak9422 posts big blind 40
Dealt to _SKR [5h 6h]
*** PRE-FLOP *** 
_SKR folds
Lamatrak9422 collected 60 from pot
*** SUMMARY ***
Total pot 60 | No rake
Seat 1: Lamatrak9422 (big blind) won 60


Winamax Poker - Tournament "Expresso Nitro" buyIn: 1.86€ + 0.14€ level: 3 - HandId: #2696664103774060545-14-1675092478 - Holdem no limit (20/40) - 2023/01/30 15:27:58 UTC
Table: 'Expresso Nitro(627866039)#0' 3-max (real money) Seat #1 is the button
Seat 1: Lamatrak9422 (475)
Seat 2: _SKR (425)
*** ANTE/BLINDS ***
Lamatrak9422 posts small blind 20
_SKR posts big blind 40
Dealt to _SKR [2c Qc]
*** PRE-FLOP *** 
Lamatrak9422 raises 40 to 80
_SKR folds
Lamatrak9422 collected 120 from pot
*** SUMMARY ***
Total pot 120 | No rake
Seat 1: Lamatrak9422 (small blind) (button) won 120


Winamax Poker - Tournament "Expresso Nitro" buyIn: 1.86€ + 0.14€ level: 3 - HandId: #2696664103774060545-15-1675092488 - Holdem no limit (20/40) - 2023/01/30 15:28:08 UTC
Table: 'Expresso Nitro(627866039)#0' 3-max (real money) Seat #2 is the button
Seat 1: Lamatrak9422 (515)
Seat 2: _SKR (385)
*** ANTE/BLINDS ***
_SKR posts small blind 20
Lamatrak9422 posts big blind 40
Dealt to _SKR [Jd 2s]
*** PRE-FLOP *** 
_SKR folds
Lamatrak9422 collected 60 from pot
*** SUMMARY ***
Total pot 60 | No rake
Seat 1: Lamatrak9422 (big blind) won 60


Winamax Poker - Tournament "Expresso Nitro" buyIn: 1.86€ + 0.14€ level: 3 - HandId: #2696664103774060545-16-1675092494 - Holdem no limit (20/40) - 2023/01/30 15:28:14 UTC
Table: 'Expresso Nitro(627866039)#0' 3-max (real money) Seat #1 is the button
Seat 1: Lamatrak9422 (535)
Seat 2: _SKR (365)
*** ANTE/BLINDS ***
Lamatrak9422 posts small blind 20
_SKR posts big blind 40
Dealt to _SKR [2s 4c]
*** PRE-FLOP *** 
Lamatrak9422 calls 20
_SKR checks
*** FLOP *** [Th Jd Ks]
_SKR checks
Lamatrak9422 checks
*** TURN *** [Th Jd Ks][2c]
_SKR bets 40
Lamatrak9422 calls 40
*** RIVER *** [Th Jd Ks 2c][Js]
_SKR checks
Lamatrak9422 checks
*** SHOW DOWN ***
_SKR shows [2s 4c] (Two pairs : Jacks and 2)
Lamatrak9422 shows [Td 9h] (Two pairs : Jacks and Tens)
Lamatrak9422 collected 160 from pot
*** SUMMARY ***
Total pot 160 | No rake
Board: [Th Jd Ks 2c Js]
Seat 1: Lamatrak9422 (small blind) (button) showed [Td 9h] and won 160 with Two pairs : Jacks and Tens
Seat 2: _SKR (big blind) showed [2s 4c] and lost with Two pairs : Jacks and 2


Winamax Poker - Tournament "Expresso Nitro" buyIn: 1.86€ + 0.14€ level: 4 - HandId: #2696664103774060545-17-1675092512 - Holdem no limit (30/60) - 2023/01/30 15:28:32 UTC
Table: 'Expresso Nitro(627866039)#0' 3-max (real money) Seat #2 is the button
Seat 1: Lamatrak9422 (615)
Seat 2: _SKR (285)
*** ANTE/BLINDS ***
_SKR posts small blind 30
Lamatrak9422 posts big blind 60
Dealt to _SKR [Th Ts]
*** PRE-FLOP *** 
_SKR raises 225 to 285 and is all-in
Lamatrak9422 calls 225
*** FLOP *** [Qd 3h 4d]
*** TURN *** [Qd 3h 4d][7h]
*** RIVER *** [Qd 3h 4d 7h][Qc]
*** SHOW DOWN ***
Lamatrak9422 shows [Kd Js] (One pair : Queens)
_SKR shows [Th Ts] (Two pairs : Queens and Tens)
_SKR collected 570 from pot
*** SUMMARY ***
Total pot 570 | No rake
Board: [Qd 3h 4d 7h Qc]
Seat 1: Lamatrak9422 (big blind) showed [Kd Js] and lost with One pair : Queens
Seat 2: _SKR (small blind) (button) showed [Th Ts] and won 570 with Two pairs : Queens and Tens


Winamax Poker - Tournament "Expresso Nitro" buyIn: 1.86€ + 0.14€ level: 4 - HandId: #2696664103774060545-18-1675092528 - Holdem no limit (30/60) - 2023/01/30 15:28:48 UTC
Table: 'Expresso Nitro(627866039)#0' 3-max (real money) Seat #1 is the button
Seat 1: Lamatrak9422 (330)
Seat 2: _SKR (570)
*** ANTE/BLINDS ***
Lamatrak9422 posts small blind 30
_SKR posts big blind 60
Dealt to _SKR [Kc Js]
*** PRE-FLOP *** 
Lamatrak9422 folds
_SKR collected 90 from pot
*** SUMMARY ***
Total pot 90 | No rake
Seat 2: _SKR (big blind) won 90


Winamax Poker - Tournament "Expresso Nitro" buyIn: 1.86€ + 0.14€ level: 4 - HandId: #2696664103774060545-19-1675092533 - Holdem no limit (30/60) - 2023/01/30 15:28:53 UTC
Table: 'Expresso Nitro(627866039)#0' 3-max (real money) Seat #2 is the button
Seat 1: Lamatrak9422 (300)
Seat 2: _SKR (600)
*** ANTE/BLINDS ***
_SKR posts small blind 30
Lamatrak9422 posts big blind 60
Dealt to _SKR [9c 5s]
*** PRE-FLOP *** 
_SKR folds
Lamatrak9422 collected 90 from pot
*** SUMMARY ***
Total pot 90 | No rake
Seat 1: Lamatrak9422 (big blind) won 90


Winamax Poker - Tournament "Expresso Nitro" buyIn: 1.86€ + 0.14€ level: 4 - HandId: #2696664103774060545-20-1675092539 - Holdem no limit (30/60) - 2023/01/30 15:28:59 UTC
Table: 'Expresso Nitro(627866039)#0' 3-max (real money) Seat #1 is the button
Seat 1: Lamatrak9422 (330)
Seat 2: _SKR (570)
*** ANTE/BLINDS ***
Lamatrak9422 posts small blind 30
_SKR posts big blind 60
Dealt to _SKR [Qd 5h]
*** PRE-FLOP *** 
Lamatrak9422 folds
_SKR collected 90 from pot
*** SUMMARY ***
Total pot 90 | No rake
Seat 2: _SKR (big blind) won 90


Winamax Poker - Tournament "Expresso Nitro" buyIn: 1.86€ + 0.14€ level: 4 - HandId: #2696664103774060545-21-1675092545 - Holdem no limit (30/60) - 2023/01/30 15:29:05 UTC
Table: 'Expresso Nitro(627866039)#0' 3-max (real money) Seat #2 is the button
Seat 1: Lamatrak9422 (300)
Seat 2: _SKR (600)
*** ANTE/BLINDS ***
_SKR posts small blind 30
Lamatrak9422 posts big blind 60
Dealt to _SKR [6d 5d]
*** PRE-FLOP *** 
_SKR raises 540 to 600 and is all-in
Lamatrak9422 calls 240 and is all-in
*** FLOP *** [Jd Jc Js]
*** TURN *** [Jd Jc Js][Kh]
*** RIVER *** [Jd Jc Js Kh][Tc]
*** SHOW DOWN ***
Lamatrak9422 shows [Kd 9d] (Full of Jacks and Kings)
_SKR shows [6d 5d] (Trips of Jacks)
_SKR collected 300 from side pot 1
Lamatrak9422 collected 600 from main pot
*** SUMMARY ***
Total pot 900 | No rake
Board: [Jd Jc Js Kh Tc]
Seat 1: Lamatrak9422 (big blind) showed [Kd 9d] and won 600 with Full of Jacks and Kings
Seat 2: _SKR (small blind) (button) showed [6d 5d] and won 300 with Trips of Jacks


Winamax Poker - Tournament "Expresso Nitro" buyIn: 1.86€ + 0.14€ level: 4 - HandId: #2696664103774060545-22-1675092557 - Holdem no limit (30/60) - 2023/01/30 15:29:17 UTC
Table: 'Expresso Nitro(627866039)#0' 3-max (real money) Seat #1 is the button
Seat 1: Lamatrak9422 (600)
Seat 2: _SKR (300)
*** ANTE/BLINDS ***
Lamatrak9422 posts small blind 30
_SKR posts big blind 60
Dealt to _SKR [8h 4d]
*** PRE-FLOP *** 
Lamatrak9422 folds
_SKR collected 90 from pot
*** SUMMARY ***
Total pot 90 | No rake
Seat 2: _SKR (big blind) won 90


Winamax Poker - Tournament "Expresso Nitro" buyIn: 1.86€ + 0.14€ level: 5 - HandId: #2696664103774060545-23-1675092566 - Holdem no limit (40/80) - 2023/01/30 15:29:26 UTC
Table: 'Expresso Nitro(627866039)#0' 3-max (real money) Seat #2 is the button
Seat 1: Lamatrak9422 (570)
Seat 2: _SKR (330)
*** ANTE/BLINDS ***
_SKR posts small blind 40
Lamatrak9422 posts big blind 80
Dealt to _SKR [7h Jd]
*** PRE-FLOP *** 
_SKR raises 250 to 330 and is all-in
Lamatrak9422 calls 250
*** FLOP *** [2c 8c 4h]
*** TURN *** [2c 8c 4h][5d]
*** RIVER *** [2c 8c 4h 5d][8d]
*** SHOW DOWN ***
_SKR shows [7h Jd] (One pair : 8)
Lamatrak9422 shows [Qd Kh] (One pair : 8)
Lamatrak9422 collected 660 from pot
*** SUMMARY ***
Total pot 660 | No rake
Board: [2c 8c 4h 5d 8d]
Seat 1: Lamatrak9422 (big blind) showed [Qd Kh] and won 660 with One pair : 8
Seat 2: _SKR (small blind) (button) showed [7h Jd] and lost with One pair : 8


