Winamax Poker - Tournament "Expresso Nitro" buyIn: 0.93€ + 0.07€ level: 1 - HandId: #2671040973131218945-1-1673528065 - Holdem no limit (10/20) - 2023/01/12 12:54:25 UTC
Table: 'Expresso Nitro(621900189)#0' 3-max (real money) Seat #1 is the button
Seat 1: _SKR (300)
Seat 2: TOKENFT (300)
Seat 3: Reloua88 (300)
*** ANTE/BLINDS ***
TOKENFT posts small blind 10
Reloua88 posts big blind 20
Dealt to _SKR [9s 9c]
*** PRE-FLOP *** 
_SKR raises 280 to 300 and is all-in
TOKENFT calls 290 and is all-in
Reloua88 folds
*** FLOP *** [Js Ac 6s]
*** TURN *** [Js Ac 6s][Ah]
*** RIVER *** [Js Ac 6s Ah][Th]
*** SHOW DOWN ***
TOKENFT shows [3c 3h] (Two pairs : Aces and 3)
_SKR shows [9s 9c] (Two pairs : Aces and 9)
_SKR collected 620 from pot
*** SUMMARY ***
Total pot 620 | No rake
Board: [Js Ac 6s Ah Th]
Seat 1: _SKR (button) showed [9s 9c] and won 620 with Two pairs : Aces and 9
Seat 2: TOKENFT (small blind) showed [3c 3h] and lost with Two pairs : Aces and 3


Winamax Poker - Tournament "Expresso Nitro" buyIn: 0.93€ + 0.07€ level: 1 - HandId: #2671040973131218945-2-1673528090 - Holdem no limit (10/20) - 2023/01/12 12:54:50 UTC
Table: 'Expresso Nitro(621900189)#0' 3-max (real money) Seat #3 is the button
Seat 1: _SKR (620)
Seat 3: Reloua88 (280)
*** ANTE/BLINDS ***
Reloua88 posts small blind 10
_SKR posts big blind 20
Dealt to _SKR [Kc Ac]
*** PRE-FLOP *** 
Reloua88 calls 10
_SKR raises 600 to 620 and is all-in
Reloua88 folds
_SKR collected 640 from pot
*** SUMMARY ***
Total pot 640 | No rake
Seat 1: _SKR (big blind) won 640


Winamax Poker - Tournament "Expresso Nitro" buyIn: 0.93€ + 0.07€ level: 1 - HandId: #2671040973131218945-3-1673528105 - Holdem no limit (10/20) - 2023/01/12 12:55:05 UTC
Table: 'Expresso Nitro(621900189)#0' 3-max (real money) Seat #1 is the button
Seat 1: _SKR (640)
Seat 3: Reloua88 (260)
*** ANTE/BLINDS ***
_SKR posts small blind 10
Reloua88 posts big blind 20
Dealt to _SKR [Jc 2c]
*** PRE-FLOP *** 
_SKR folds
Reloua88 collected 30 from pot
*** SUMMARY ***
Total pot 30 | No rake
Seat 3: Reloua88 (big blind) won 30


Winamax Poker - Tournament "Expresso Nitro" buyIn: 0.93€ + 0.07€ level: 1 - HandId: #2671040973131218945-4-1673528108 - Holdem no limit (10/20) - 2023/01/12 12:55:08 UTC
Table: 'Expresso Nitro(621900189)#0' 3-max (real money) Seat #3 is the button
Seat 1: _SKR (630)
Seat 3: Reloua88 (270)
*** ANTE/BLINDS ***
Reloua88 posts small blind 10
_SKR posts big blind 20
Dealt to _SKR [4d 5c]
*** PRE-FLOP *** 
Reloua88 calls 10
_SKR checks
*** FLOP *** [5d 8s 6c]
_SKR bets 20
Reloua88 calls 20
*** TURN *** [5d 8s 6c][Td]
_SKR checks
Reloua88 bets 20
_SKR calls 20
*** RIVER *** [5d 8s 6c Td][Ac]
_SKR checks
Reloua88 checks
*** SHOW DOWN ***
_SKR shows [4d 5c] (One pair : 5)
Reloua88 shows [3d 6d] (One pair : 6)
Reloua88 collected 120 from pot
*** SUMMARY ***
Total pot 120 | No rake
Board: [5d 8s 6c Td Ac]
Seat 1: _SKR (big blind) showed [4d 5c] and lost with One pair : 5
Seat 3: Reloua88 (small blind) (button) showed [3d 6d] and won 120 with One pair : 6


Winamax Poker - Tournament "Expresso Nitro" buyIn: 0.93€ + 0.07€ level: 2 - HandId: #2671040973131218945-5-1673528169 - Holdem no limit (15/30) - 2023/01/12 12:56:09 UTC
Table: 'Expresso Nitro(621900189)#0' 3-max (real money) Seat #1 is the button
Seat 1: _SKR (570)
Seat 3: Reloua88 (330)
*** ANTE/BLINDS ***
_SKR posts small blind 15
Reloua88 posts big blind 30
Dealt to _SKR [Qh 3d]
*** PRE-FLOP *** 
_SKR folds
Reloua88 collected 45 from pot
*** SUMMARY ***
Total pot 45 | No rake
Seat 3: Reloua88 (big blind) won 45


Winamax Poker - Tournament "Expresso Nitro" buyIn: 0.93€ + 0.07€ level: 2 - HandId: #2671040973131218945-6-1673528172 - Holdem no limit (15/30) - 2023/01/12 12:56:12 UTC
Table: 'Expresso Nitro(621900189)#0' 3-max (real money) Seat #3 is the button
Seat 1: _SKR (555)
Seat 3: Reloua88 (345)
*** ANTE/BLINDS ***
Reloua88 posts small blind 15
_SKR posts big blind 30
Dealt to _SKR [Jc 3h]
*** PRE-FLOP *** 
Reloua88 calls 15
_SKR checks
*** FLOP *** [5h 4h Qd]
_SKR checks
Reloua88 checks
*** TURN *** [5h 4h Qd][4d]
_SKR checks
Reloua88 bets 30
_SKR folds
Reloua88 collected 90 from pot
*** SUMMARY ***
Total pot 90 | No rake
Board: [5h 4h Qd 4d]
Seat 3: Reloua88 (small blind) (button) won 90


Winamax Poker - Tournament "Expresso Nitro" buyIn: 0.93€ + 0.07€ level: 3 - HandId: #2671040973131218945-7-1673528191 - Holdem no limit (20/40) - 2023/01/12 12:56:31 UTC
Table: 'Expresso Nitro(621900189)#0' 3-max (real money) Seat #1 is the button
Seat 1: _SKR (525)
Seat 3: Reloua88 (375)
*** ANTE/BLINDS ***
_SKR posts small blind 20
Reloua88 posts big blind 40
Dealt to _SKR [Jh 9s]
*** PRE-FLOP *** 
_SKR raises 485 to 525 and is all-in
Reloua88 folds
_SKR collected 565 from pot
*** SUMMARY ***
Total pot 565 | No rake
Seat 1: _SKR (small blind) (button) won 565


Winamax Poker - Tournament "Expresso Nitro" buyIn: 0.93€ + 0.07€ level: 3 - HandId: #2671040973131218945-8-1673528206 - Holdem no limit (20/40) - 2023/01/12 12:56:46 UTC
Table: 'Expresso Nitro(621900189)#0' 3-max (real money) Seat #3 is the button
Seat 1: _SKR (565)
Seat 3: Reloua88 (335)
*** ANTE/BLINDS ***
Reloua88 posts small blind 20
_SKR posts big blind 40
Dealt to _SKR [As 9s]
*** PRE-FLOP *** 
Reloua88 calls 20
_SKR raises 525 to 565 and is all-in
Reloua88 calls 295 and is all-in
*** FLOP *** [7s 6h Qh]
*** TURN *** [7s 6h Qh][6d]
*** RIVER *** [7s 6h Qh 6d][Jh]
*** SHOW DOWN ***
_SKR shows [As 9s] (One pair : 6)
Reloua88 shows [2h 2s] (Two pairs : 6 and 2)
Reloua88 collected 670 from main pot
_SKR collected 230 from side pot 1
*** SUMMARY ***
Total pot 900 | No rake
Board: [7s 6h Qh 6d Jh]
Seat 1: _SKR (big blind) showed [As 9s] and won 230 with One pair : 6
Seat 3: Reloua88 (small blind) (button) showed [2h 2s] and won 670 with Two pairs : 6 and 2


Winamax Poker - Tournament "Expresso Nitro" buyIn: 0.93€ + 0.07€ level: 3 - HandId: #2671040973131218945-9-1673528223 - Holdem no limit (20/40) - 2023/01/12 12:57:03 UTC
Table: 'Expresso Nitro(621900189)#0' 3-max (real money) Seat #1 is the button
Seat 1: _SKR (230)
Seat 3: Reloua88 (670)
*** ANTE/BLINDS ***
_SKR posts small blind 20
Reloua88 posts big blind 40
Dealt to _SKR [6h Ks]
*** PRE-FLOP *** 
_SKR raises 190 to 230 and is all-in
Reloua88 calls 190
*** FLOP *** [3c 4h Js]
*** TURN *** [3c 4h Js][5c]
*** RIVER *** [3c 4h Js 5c][Kh]
*** SHOW DOWN ***
Reloua88 shows [Td Tc] (One pair : Tens)
_SKR shows [6h Ks] (One pair : Kings)
_SKR collected 460 from pot
*** SUMMARY ***
Total pot 460 | No rake
Board: [3c 4h Js 5c Kh]
Seat 1: _SKR (small blind) (button) showed [6h Ks] and won 460 with One pair : Kings
Seat 3: Reloua88 (big blind) showed [Td Tc] and lost with One pair : Tens


Winamax Poker - Tournament "Expresso Nitro" buyIn: 0.93€ + 0.07€ level: 3 - HandId: #2671040973131218945-10-1673528239 - Holdem no limit (20/40) - 2023/01/12 12:57:19 UTC
Table: 'Expresso Nitro(621900189)#0' 3-max (real money) Seat #3 is the button
Seat 1: _SKR (460)
Seat 3: Reloua88 (440)
*** ANTE/BLINDS ***
Reloua88 posts small blind 20
_SKR posts big blind 40
Dealt to _SKR [6c 7c]
*** PRE-FLOP *** 
Reloua88 raises 40 to 80
_SKR calls 40
*** FLOP *** [2h Qs 4h]
_SKR checks
Reloua88 checks
*** TURN *** [2h Qs 4h][Js]
_SKR checks
Reloua88 bets 40
_SKR folds
Reloua88 collected 200 from pot
*** SUMMARY ***
Total pot 200 | No rake
Board: [2h Qs 4h Js]
Seat 3: Reloua88 (small blind) (button) won 200


Winamax Poker - Tournament "Expresso Nitro" buyIn: 0.93€ + 0.07€ level: 4 - HandId: #2671040973131218945-11-1673528276 - Holdem no limit (30/60) - 2023/01/12 12:57:56 UTC
Table: 'Expresso Nitro(621900189)#0' 3-max (real money) Seat #1 is the button
Seat 1: _SKR (380)
Seat 3: Reloua88 (520)
*** ANTE/BLINDS ***
_SKR posts small blind 30
Reloua88 posts big blind 60
Dealt to _SKR [5s 3h]
*** PRE-FLOP *** 
_SKR folds
Reloua88 collected 90 from pot
*** SUMMARY ***
Total pot 90 | No rake
Seat 3: Reloua88 (big blind) won 90


Winamax Poker - Tournament "Expresso Nitro" buyIn: 0.93€ + 0.07€ level: 4 - HandId: #2671040973131218945-12-1673528280 - Holdem no limit (30/60) - 2023/01/12 12:58:00 UTC
Table: 'Expresso Nitro(621900189)#0' 3-max (real money) Seat #3 is the button
Seat 1: _SKR (350)
Seat 3: Reloua88 (550)
*** ANTE/BLINDS ***
Reloua88 posts small blind 30
_SKR posts big blind 60
Dealt to _SKR [Td Ks]
*** PRE-FLOP *** 
Reloua88 raises 490 to 550 and is all-in
_SKR calls 290 and is all-in
*** FLOP *** [7h Js Qh]
*** TURN *** [7h Js Qh][As]
*** RIVER *** [7h Js Qh As][4c]
*** SHOW DOWN ***
_SKR shows [Td Ks] (Straight Ace high)
Reloua88 shows [9s Kc] (High card : Ace)
Reloua88 collected 200 from side pot 1
_SKR collected 700 from main pot
*** SUMMARY ***
Total pot 900 | No rake
Board: [7h Js Qh As 4c]
Seat 1: _SKR (big blind) showed [Td Ks] and won 700 with Straight Ace high
Seat 3: Reloua88 (small blind) (button) showed [9s Kc] and won 200 with High card : Ace


Winamax Poker - Tournament "Expresso Nitro" buyIn: 0.93€ + 0.07€ level: 4 - HandId: #2671040973131218945-13-1673528293 - Holdem no limit (30/60) - 2023/01/12 12:58:13 UTC
Table: 'Expresso Nitro(621900189)#0' 3-max (real money) Seat #1 is the button
Seat 1: _SKR (700)
Seat 3: Reloua88 (200)
*** ANTE/BLINDS ***
_SKR posts small blind 30
Reloua88 posts big blind 60
Dealt to _SKR [Jh 7c]
*** PRE-FLOP *** 
_SKR raises 640 to 700 and is all-in
Reloua88 calls 140 and is all-in
*** FLOP *** [2d 8c 7h]
*** TURN *** [2d 8c 7h][5h]
*** RIVER *** [2d 8c 7h 5h][2c]
*** SHOW DOWN ***
_SKR shows [Jh 7c] (Two pairs : 7 and 2)
Reloua88 shows [9d 8h] (Two pairs : 8 and 2)
Reloua88 collected 400 from main pot
_SKR collected 500 from side pot 1
*** SUMMARY ***
Total pot 900 | No rake
Board: [2d 8c 7h 5h 2c]
Seat 1: _SKR (small blind) (button) showed [Jh 7c] and won 500 with Two pairs : 7 and 2
Seat 3: Reloua88 (big blind) showed [9d 8h] and won 400 with Two pairs : 8 and 2


Winamax Poker - Tournament "Expresso Nitro" buyIn: 0.93€ + 0.07€ level: 5 - HandId: #2671040973131218945-14-1673528305 - Holdem no limit (40/80) - 2023/01/12 12:58:25 UTC
Table: 'Expresso Nitro(621900189)#0' 3-max (real money) Seat #3 is the button
Seat 1: _SKR (500)
Seat 3: Reloua88 (400)
*** ANTE/BLINDS ***
Reloua88 posts small blind 40
_SKR posts big blind 80
Dealt to _SKR [6s Kd]
*** PRE-FLOP *** 
Reloua88 raises 320 to 400 and is all-in
_SKR raises 100 to 500 and is all-in
*** FLOP *** [Jd 8c 4h]
*** TURN *** [Jd 8c 4h][3c]
*** RIVER *** [Jd 8c 4h 3c][7h]
*** SHOW DOWN ***
_SKR shows [6s Kd] (High card : King)
Reloua88 shows [Td As] (High card : Ace)
Reloua88 collected 800 from main pot
_SKR collected 100 from side pot 1
*** SUMMARY ***
Total pot 900 | No rake
Board: [Jd 8c 4h 3c 7h]
Seat 1: _SKR (big blind) showed [6s Kd] and won 100 with High card : King
Seat 3: Reloua88 (small blind) (button) showed [Td As] and won 800 with High card : Ace


Winamax Poker - Tournament "Expresso Nitro" buyIn: 0.93€ + 0.07€ level: 5 - HandId: #2671040973131218945-15-1673528320 - Holdem no limit (40/80) - 2023/01/12 12:58:40 UTC
Table: 'Expresso Nitro(621900189)#0' 3-max (real money) Seat #1 is the button
Seat 1: _SKR (100)
Seat 3: Reloua88 (800)
*** ANTE/BLINDS ***
_SKR posts small blind 40
Reloua88 posts big blind 80
Dealt to _SKR [4c 6d]
*** PRE-FLOP *** 
_SKR raises 20 to 100 and is all-in
Reloua88 calls 20
*** FLOP *** [8d Kd Td]
*** TURN *** [8d Kd Td][7c]
*** RIVER *** [8d Kd Td 7c][Qs]
*** SHOW DOWN ***
_SKR shows [4c 6d] (High card : King)
Reloua88 shows [9d 8c] (One pair : 8)
Reloua88 collected 200 from pot
*** SUMMARY ***
Total pot 200 | No rake
Board: [8d Kd Td 7c Qs]
Seat 1: _SKR (small blind) (button) showed [4c 6d] and lost with High card : King
Seat 3: Reloua88 (big blind) showed [9d 8c] and won 200 with One pair : 8


