Winamax Poker - Tournament "Expresso Nitro" buyIn: 0.93€ + 0.07€ level: 1 - HandId: #2718678572830031873-1-1676295026 - Holdem no limit (10/20) - 2023/02/13 13:30:26 UTC
Table: 'Expresso Nitro(632991682)#0' 3-max (real money) Seat #1 is the button
Seat 1: petit poulpe (300)
Seat 2: NWA57 (300)
Seat 3: _SKR (300)
*** ANTE/BLINDS ***
NWA57 posts small blind 10
_SKR posts big blind 20
Dealt to _SKR [Jc 4c]
*** PRE-FLOP *** 
petit poulpe folds
NWA57 calls 10
_SKR checks
*** FLOP *** [3d 2c Kh]
NWA57 checks
_SKR checks
*** TURN *** [3d 2c Kh][Js]
NWA57 checks
_SKR bets 20
NWA57 calls 20
*** RIVER *** [3d 2c Kh Js][3s]
NWA57 checks
_SKR checks
*** SHOW DOWN ***
NWA57 shows [6c 6h] (Two pairs : 6 and 3)
_SKR shows [Jc 4c] (Two pairs : Jacks and 3)
_SKR collected 80 from pot
*** SUMMARY ***
Total pot 80 | No rake
Board: [3d 2c Kh Js 3s]
Seat 2: NWA57 (small blind) showed [6c 6h] and lost with Two pairs : 6 and 3
Seat 3: _SKR (big blind) showed [Jc 4c] and won 80 with Two pairs : Jacks and 3


Winamax Poker - Tournament "Expresso Nitro" buyIn: 0.93€ + 0.07€ level: 1 - HandId: #2718678572830031873-2-1676295063 - Holdem no limit (10/20) - 2023/02/13 13:31:03 UTC
Table: 'Expresso Nitro(632991682)#0' 3-max (real money) Seat #2 is the button
Seat 1: petit poulpe (300)
Seat 2: NWA57 (260)
Seat 3: _SKR (340)
*** ANTE/BLINDS ***
_SKR posts small blind 10
petit poulpe posts big blind 20
Dealt to _SKR [7d As]
*** PRE-FLOP *** 
NWA57 calls 20
_SKR raises 320 to 340 and is all-in
petit poulpe folds
NWA57 folds
_SKR collected 380 from pot
*** SUMMARY ***
Total pot 380 | No rake
Seat 3: _SKR (small blind) won 380


Winamax Poker - Tournament "Expresso Nitro" buyIn: 0.93€ + 0.07€ level: 1 - HandId: #2718678572830031873-3-1676295075 - Holdem no limit (10/20) - 2023/02/13 13:31:15 UTC
Table: 'Expresso Nitro(632991682)#0' 3-max (real money) Seat #3 is the button
Seat 1: petit poulpe (280)
Seat 2: NWA57 (240)
Seat 3: _SKR (380)
*** ANTE/BLINDS ***
petit poulpe posts small blind 10
NWA57 posts big blind 20
Dealt to _SKR [Jd 3s]
*** PRE-FLOP *** 
_SKR folds
petit poulpe raises 30 to 50
NWA57 calls 30
*** FLOP *** [Qh 5c Ts]
petit poulpe checks
NWA57 checks
*** TURN *** [Qh 5c Ts][Ks]
petit poulpe checks
NWA57 checks
*** RIVER *** [Qh 5c Ts Ks][Js]
petit poulpe bets 100
NWA57 folds
petit poulpe collected 200 from pot
*** SUMMARY ***
Total pot 200 | No rake
Board: [Qh 5c Ts Ks Js]
Seat 1: petit poulpe (small blind) won 200


Winamax Poker - Tournament "Expresso Nitro" buyIn: 0.93€ + 0.07€ level: 2 - HandId: #2718678572830031873-4-1676295093 - Holdem no limit (15/30) - 2023/02/13 13:31:33 UTC
Table: 'Expresso Nitro(632991682)#0' 3-max (real money) Seat #1 is the button
Seat 1: petit poulpe (330)
Seat 2: NWA57 (190)
Seat 3: _SKR (380)
*** ANTE/BLINDS ***
NWA57 posts small blind 15
_SKR posts big blind 30
Dealt to _SKR [2d 6h]
*** PRE-FLOP *** 
petit poulpe raises 30 to 60
NWA57 calls 45
_SKR folds
*** FLOP *** [Ts 5h 3s]
NWA57 checks
petit poulpe checks
*** TURN *** [Ts 5h 3s][7c]
NWA57 checks
petit poulpe bets 98
NWA57 calls 98
*** RIVER *** [Ts 5h 3s 7c][2c]
NWA57 checks
petit poulpe checks
*** SHOW DOWN ***
petit poulpe shows [9s Jc] (High card : Jack)
NWA57 shows [As 5c] (One pair : 5)
NWA57 collected 346 from pot
*** SUMMARY ***
Total pot 346 | No rake
Board: [Ts 5h 3s 7c 2c]
Seat 1: petit poulpe (button) showed [9s Jc] and lost with High card : Jack
Seat 2: NWA57 (small blind) showed [As 5c] and won 346 with One pair : 5


Winamax Poker - Tournament "Expresso Nitro" buyIn: 0.93€ + 0.07€ level: 2 - HandId: #2718678572830031873-5-1676295117 - Holdem no limit (15/30) - 2023/02/13 13:31:57 UTC
Table: 'Expresso Nitro(632991682)#0' 3-max (real money) Seat #2 is the button
Seat 1: petit poulpe (172)
Seat 2: NWA57 (378)
Seat 3: _SKR (350)
*** ANTE/BLINDS ***
_SKR posts small blind 15
petit poulpe posts big blind 30
Dealt to _SKR [4s 7s]
*** PRE-FLOP *** 
NWA57 calls 30
_SKR folds
petit poulpe raises 142 to 172 and is all-in
NWA57 calls 142
*** FLOP *** [6c Jh Ad]
*** TURN *** [6c Jh Ad][Ah]
*** RIVER *** [6c Jh Ad Ah][Qc]
*** SHOW DOWN ***
petit poulpe shows [Js Kc] (Two pairs : Aces and Jacks)
NWA57 shows [9h Qs] (Two pairs : Aces and Queens)
NWA57 collected 359 from pot
*** SUMMARY ***
Total pot 359 | No rake
Board: [6c Jh Ad Ah Qc]
Seat 1: petit poulpe (big blind) showed [Js Kc] and lost with Two pairs : Aces and Jacks
Seat 2: NWA57 (button) showed [9h Qs] and won 359 with Two pairs : Aces and Queens


Winamax Poker - Tournament "Expresso Nitro" buyIn: 0.93€ + 0.07€ level: 2 - HandId: #2718678572830031873-6-1676295136 - Holdem no limit (15/30) - 2023/02/13 13:32:16 UTC
Table: 'Expresso Nitro(632991682)#0' 3-max (real money) Seat #2 is the button
Seat 2: NWA57 (565)
Seat 3: _SKR (335)
*** ANTE/BLINDS ***
NWA57 posts small blind 15
_SKR posts big blind 30
Dealt to _SKR [Kh 7s]
*** PRE-FLOP *** 
NWA57 raises 30 to 60
_SKR calls 30
*** FLOP *** [Jd Qh 7c]
_SKR checks
NWA57 checks
*** TURN *** [Jd Qh 7c][Ts]
_SKR checks
NWA57 checks
*** RIVER *** [Jd Qh 7c Ts][As]
_SKR checks
NWA57 checks
*** SHOW DOWN ***
NWA57 shows [Ac 8s] (One pair : Aces)
_SKR shows [Kh 7s] (Straight Ace high)
_SKR collected 120 from pot
*** SUMMARY ***
Total pot 120 | No rake
Board: [Jd Qh 7c Ts As]
Seat 2: NWA57 (small blind) (button) showed [Ac 8s] and lost with One pair : Aces
Seat 3: _SKR (big blind) showed [Kh 7s] and won 120 with Straight Ace high


Winamax Poker - Tournament "Expresso Nitro" buyIn: 0.93€ + 0.07€ level: 3 - HandId: #2718678572830031873-7-1676295161 - Holdem no limit (20/40) - 2023/02/13 13:32:41 UTC
Table: 'Expresso Nitro(632991682)#0' 3-max (real money) Seat #3 is the button
Seat 2: NWA57 (505)
Seat 3: _SKR (395)
*** ANTE/BLINDS ***
_SKR posts small blind 20
NWA57 posts big blind 40
Dealt to _SKR [4h Qd]
*** PRE-FLOP *** 
_SKR folds
NWA57 collected 60 from pot
*** SUMMARY ***
Total pot 60 | No rake
Seat 2: NWA57 (big blind) won 60


Winamax Poker - Tournament "Expresso Nitro" buyIn: 0.93€ + 0.07€ level: 3 - HandId: #2718678572830031873-8-1676295165 - Holdem no limit (20/40) - 2023/02/13 13:32:45 UTC
Table: 'Expresso Nitro(632991682)#0' 3-max (real money) Seat #2 is the button
Seat 2: NWA57 (525)
Seat 3: _SKR (375)
*** ANTE/BLINDS ***
NWA57 posts small blind 20
_SKR posts big blind 40
Dealt to _SKR [5h 9d]
*** PRE-FLOP *** 
NWA57 calls 20
_SKR checks
*** FLOP *** [3d 7s 7h]
_SKR checks
NWA57 checks
*** TURN *** [3d 7s 7h][2s]
_SKR checks
NWA57 checks
*** RIVER *** [3d 7s 7h 2s][Qd]
_SKR bets 52
NWA57 folds
_SKR collected 132 from pot
*** SUMMARY ***
Total pot 132 | No rake
Board: [3d 7s 7h 2s Qd]
Seat 3: _SKR (big blind) won 132


Winamax Poker - Tournament "Expresso Nitro" buyIn: 0.93€ + 0.07€ level: 3 - HandId: #2718678572830031873-9-1676295179 - Holdem no limit (20/40) - 2023/02/13 13:32:59 UTC
Table: 'Expresso Nitro(632991682)#0' 3-max (real money) Seat #3 is the button
Seat 2: NWA57 (485)
Seat 3: _SKR (415)
*** ANTE/BLINDS ***
_SKR posts small blind 20
NWA57 posts big blind 40
Dealt to _SKR [Ks 6d]
*** PRE-FLOP *** 
_SKR calls 20
NWA57 checks
*** FLOP *** [5c 8d 8s]
NWA57 checks
_SKR checks
*** TURN *** [5c 8d 8s][6s]
NWA57 checks
_SKR checks
*** RIVER *** [5c 8d 8s 6s][Kc]
NWA57 checks
_SKR bets 40
NWA57 folds
_SKR collected 120 from pot
*** SUMMARY ***
Total pot 120 | No rake
Board: [5c 8d 8s 6s Kc]
Seat 3: _SKR (small blind) (button) won 120


Winamax Poker - Tournament "Expresso Nitro" buyIn: 0.93€ + 0.07€ level: 4 - HandId: #2718678572830031873-10-1676295206 - Holdem no limit (30/60) - 2023/02/13 13:33:26 UTC
Table: 'Expresso Nitro(632991682)#0' 3-max (real money) Seat #2 is the button
Seat 2: NWA57 (445)
Seat 3: _SKR (455)
*** ANTE/BLINDS ***
NWA57 posts small blind 30
_SKR posts big blind 60
Dealt to _SKR [5h 9c]
*** PRE-FLOP *** 
NWA57 calls 30
_SKR checks
*** FLOP *** [Th Qd 6d]
_SKR checks
NWA57 checks
*** TURN *** [Th Qd 6d][3h]
_SKR checks
NWA57 checks
*** RIVER *** [Th Qd 6d 3h][Qc]
_SKR checks
NWA57 checks
*** SHOW DOWN ***
_SKR shows [5h 9c] (One pair : Queens)
NWA57 shows [Ah 3c] (Two pairs : Queens and 3)
NWA57 collected 120 from pot
*** SUMMARY ***
Total pot 120 | No rake
Board: [Th Qd 6d 3h Qc]
Seat 2: NWA57 (small blind) (button) showed [Ah 3c] and won 120 with Two pairs : Queens and 3
Seat 3: _SKR (big blind) showed [5h 9c] and lost with One pair : Queens


Winamax Poker - Tournament "Expresso Nitro" buyIn: 0.93€ + 0.07€ level: 4 - HandId: #2718678572830031873-11-1676295229 - Holdem no limit (30/60) - 2023/02/13 13:33:49 UTC
Table: 'Expresso Nitro(632991682)#0' 3-max (real money) Seat #3 is the button
Seat 2: NWA57 (505)
Seat 3: _SKR (395)
*** ANTE/BLINDS ***
_SKR posts small blind 30
NWA57 posts big blind 60
Dealt to _SKR [Jc 4c]
*** PRE-FLOP *** 
_SKR raises 335 to 395 and is all-in
NWA57 folds
_SKR collected 455 from pot
*** SUMMARY ***
Total pot 455 | No rake
Seat 3: _SKR (small blind) (button) won 455


Winamax Poker - Tournament "Expresso Nitro" buyIn: 0.93€ + 0.07€ level: 4 - HandId: #2718678572830031873-12-1676295234 - Holdem no limit (30/60) - 2023/02/13 13:33:54 UTC
Table: 'Expresso Nitro(632991682)#0' 3-max (real money) Seat #2 is the button
Seat 2: NWA57 (445)
Seat 3: _SKR (455)
*** ANTE/BLINDS ***
NWA57 posts small blind 30
_SKR posts big blind 60
Dealt to _SKR [Ts Qs]
*** PRE-FLOP *** 
NWA57 folds
_SKR collected 90 from pot
*** SUMMARY ***
Total pot 90 | No rake
Seat 3: _SKR (big blind) won 90


Winamax Poker - Tournament "Expresso Nitro" buyIn: 0.93€ + 0.07€ level: 4 - HandId: #2718678572830031873-13-1676295238 - Holdem no limit (30/60) - 2023/02/13 13:33:58 UTC
Table: 'Expresso Nitro(632991682)#0' 3-max (real money) Seat #3 is the button
Seat 2: NWA57 (415)
Seat 3: _SKR (485)
*** ANTE/BLINDS ***
_SKR posts small blind 30
NWA57 posts big blind 60
Dealt to _SKR [4h Ac]
*** PRE-FLOP *** 
_SKR raises 425 to 485 and is all-in
NWA57 folds
_SKR collected 545 from pot
*** SUMMARY ***
Total pot 545 | No rake
Seat 3: _SKR (small blind) (button) won 545


Winamax Poker - Tournament "Expresso Nitro" buyIn: 0.93€ + 0.07€ level: 4 - HandId: #2718678572830031873-14-1676295242 - Holdem no limit (30/60) - 2023/02/13 13:34:02 UTC
Table: 'Expresso Nitro(632991682)#0' 3-max (real money) Seat #2 is the button
Seat 2: NWA57 (355)
Seat 3: _SKR (545)
*** ANTE/BLINDS ***
NWA57 posts small blind 30
_SKR posts big blind 60
Dealt to _SKR [8d Jh]
*** PRE-FLOP *** 
NWA57 calls 30
_SKR checks
*** FLOP *** [2s Kc 6s]
_SKR checks
NWA57 checks
*** TURN *** [2s Kc 6s][2h]
_SKR checks
NWA57 checks
*** RIVER *** [2s Kc 6s 2h][6d]
_SKR bets 78
NWA57 folds
_SKR collected 198 from pot
*** SUMMARY ***
Total pot 198 | No rake
Board: [2s Kc 6s 2h 6d]
Seat 3: _SKR (big blind) won 198


Winamax Poker - Tournament "Expresso Nitro" buyIn: 0.93€ + 0.07€ level: 4 - HandId: #2718678572830031873-15-1676295260 - Holdem no limit (30/60) - 2023/02/13 13:34:20 UTC
Table: 'Expresso Nitro(632991682)#0' 3-max (real money) Seat #3 is the button
Seat 2: NWA57 (295)
Seat 3: _SKR (605)
*** ANTE/BLINDS ***
_SKR posts small blind 30
NWA57 posts big blind 60
Dealt to _SKR [8s Kc]
*** PRE-FLOP *** 
_SKR raises 545 to 605 and is all-in
NWA57 folds
_SKR collected 665 from pot
*** SUMMARY ***
Total pot 665 | No rake
Seat 3: _SKR (small blind) (button) won 665


Winamax Poker - Tournament "Expresso Nitro" buyIn: 0.93€ + 0.07€ level: 5 - HandId: #2718678572830031873-16-1676295266 - Holdem no limit (40/80) - 2023/02/13 13:34:26 UTC
Table: 'Expresso Nitro(632991682)#0' 3-max (real money) Seat #2 is the button
Seat 2: NWA57 (235)
Seat 3: _SKR (665)
*** ANTE/BLINDS ***
NWA57 posts small blind 40
_SKR posts big blind 80
Dealt to _SKR [3c 4h]
*** PRE-FLOP *** 
NWA57 calls 40
_SKR checks
*** FLOP *** [Qc 6c 5d]
_SKR checks
NWA57 checks
*** TURN *** [Qc 6c 5d][Js]
_SKR checks
NWA57 checks
*** RIVER *** [Qc 6c 5d Js][5s]
_SKR checks
NWA57 checks
*** SHOW DOWN ***
_SKR shows [3c 4h] (One pair : 5)
NWA57 shows [Kh 7c] (One pair : 5)
NWA57 collected 160 from pot
*** SUMMARY ***
Total pot 160 | No rake
Board: [Qc 6c 5d Js 5s]
Seat 2: NWA57 (small blind) (button) showed [Kh 7c] and won 160 with One pair : 5
Seat 3: _SKR (big blind) showed [3c 4h] and lost with One pair : 5


Winamax Poker - Tournament "Expresso Nitro" buyIn: 0.93€ + 0.07€ level: 5 - HandId: #2718678572830031873-17-1676295284 - Holdem no limit (40/80) - 2023/02/13 13:34:44 UTC
Table: 'Expresso Nitro(632991682)#0' 3-max (real money) Seat #3 is the button
Seat 2: NWA57 (315)
Seat 3: _SKR (585)
*** ANTE/BLINDS ***
_SKR posts small blind 40
NWA57 posts big blind 80
Dealt to _SKR [Qc 6s]
*** PRE-FLOP *** 
_SKR raises 505 to 585 and is all-in
NWA57 calls 235 and is all-in
*** FLOP *** [7h 8s 9d]
*** TURN *** [7h 8s 9d][7d]
*** RIVER *** [7h 8s 9d 7d][7c]
*** SHOW DOWN ***
NWA57 shows [Qd Jd] (Trips of 7)
_SKR shows [Qc 6s] (Trips of 7)
_SKR collected 270 from side pot 1
NWA57 collected 630 from main pot
*** SUMMARY ***
Total pot 900 | No rake
Board: [7h 8s 9d 7d 7c]
Seat 2: NWA57 (big blind) showed [Qd Jd] and won 630 with Trips of 7
Seat 3: _SKR (small blind) (button) showed [Qc 6s] and won 270 with Trips of 7


Winamax Poker - Tournament "Expresso Nitro" buyIn: 0.93€ + 0.07€ level: 5 - HandId: #2718678572830031873-18-1676295295 - Holdem no limit (40/80) - 2023/02/13 13:34:55 UTC
Table: 'Expresso Nitro(632991682)#0' 3-max (real money) Seat #2 is the button
Seat 2: NWA57 (630)
Seat 3: _SKR (270)
*** ANTE/BLINDS ***
NWA57 posts small blind 40
_SKR posts big blind 80
Dealt to _SKR [2s 6c]
*** PRE-FLOP *** 
NWA57 raises 80 to 160
_SKR folds
NWA57 collected 240 from pot
*** SUMMARY ***
Total pot 240 | No rake
Seat 2: NWA57 (small blind) (button) won 240


Winamax Poker - Tournament "Expresso Nitro" buyIn: 0.93€ + 0.07€ level: 5 - HandId: #2718678572830031873-19-1676295304 - Holdem no limit (40/80) - 2023/02/13 13:35:04 UTC
Table: 'Expresso Nitro(632991682)#0' 3-max (real money) Seat #3 is the button
Seat 2: NWA57 (710)
Seat 3: _SKR (190)
*** ANTE/BLINDS ***
_SKR posts small blind 40
NWA57 posts big blind 80
Dealt to _SKR [Qd Kc]
*** PRE-FLOP *** 
_SKR raises 110 to 190 and is all-in
NWA57 calls 110
*** FLOP *** [Ks 2d 6h]
*** TURN *** [Ks 2d 6h][Qc]
*** RIVER *** [Ks 2d 6h Qc][7d]
*** SHOW DOWN ***
NWA57 shows [Qs 6d] (Two pairs : Queens and 6)
_SKR shows [Qd Kc] (Two pairs : Kings and Queens)
_SKR collected 380 from pot
*** SUMMARY ***
Total pot 380 | No rake
Board: [Ks 2d 6h Qc 7d]
Seat 2: NWA57 (big blind) showed [Qs 6d] and lost with Two pairs : Queens and 6
Seat 3: _SKR (small blind) (button) showed [Qd Kc] and won 380 with Two pairs : Kings and Queens


Winamax Poker - Tournament "Expresso Nitro" buyIn: 0.93€ + 0.07€ level: 5 - HandId: #2718678572830031873-20-1676295317 - Holdem no limit (40/80) - 2023/02/13 13:35:17 UTC
Table: 'Expresso Nitro(632991682)#0' 3-max (real money) Seat #2 is the button
Seat 2: NWA57 (520)
Seat 3: _SKR (380)
*** ANTE/BLINDS ***
NWA57 posts small blind 40
_SKR posts big blind 80
Dealt to _SKR [7h 3s]
*** PRE-FLOP *** 
NWA57 folds
_SKR collected 120 from pot
*** SUMMARY ***
Total pot 120 | No rake
Seat 3: _SKR (big blind) won 120


Winamax Poker - Tournament "Expresso Nitro" buyIn: 0.93€ + 0.07€ level: 6 - HandId: #2718678572830031873-21-1676295322 - Holdem no limit (50/100) - 2023/02/13 13:35:22 UTC
Table: 'Expresso Nitro(632991682)#0' 3-max (real money) Seat #3 is the button
Seat 2: NWA57 (480)
Seat 3: _SKR (420)
*** ANTE/BLINDS ***
_SKR posts small blind 50
NWA57 posts big blind 100
Dealt to _SKR [Kd Qh]
*** PRE-FLOP *** 
_SKR raises 320 to 420 and is all-in
NWA57 folds
_SKR collected 520 from pot
*** SUMMARY ***
Total pot 520 | No rake
Seat 3: _SKR (small blind) (button) won 520


Winamax Poker - Tournament "Expresso Nitro" buyIn: 0.93€ + 0.07€ level: 6 - HandId: #2718678572830031873-22-1676295327 - Holdem no limit (50/100) - 2023/02/13 13:35:27 UTC
Table: 'Expresso Nitro(632991682)#0' 3-max (real money) Seat #2 is the button
Seat 2: NWA57 (380)
Seat 3: _SKR (520)
*** ANTE/BLINDS ***
NWA57 posts small blind 50
_SKR posts big blind 100
Dealt to _SKR [8d Ac]
*** PRE-FLOP *** 
NWA57 calls 50
_SKR raises 420 to 520 and is all-in
NWA57 calls 280 and is all-in
*** FLOP *** [Qh 4h Kh]
*** TURN *** [Qh 4h Kh][7h]
*** RIVER *** [Qh 4h Kh 7h][Ts]
*** SHOW DOWN ***
NWA57 shows [As 8s] (High card : Ace)
_SKR shows [8d Ac] (High card : Ace)
_SKR collected 520 from side pot 1
NWA57 collected 380 from main pot
*** SUMMARY ***
Total pot 900 | No rake
Board: [Qh 4h Kh 7h Ts]
Seat 2: NWA57 (small blind) (button) showed [As 8s] and won 380 with High card : Ace
Seat 3: _SKR (big blind) showed [8d Ac] and won 520 with High card : Ace


Winamax Poker - Tournament "Expresso Nitro" buyIn: 0.93€ + 0.07€ level: 6 - HandId: #2718678572830031873-23-1676295340 - Holdem no limit (50/100) - 2023/02/13 13:35:40 UTC
Table: 'Expresso Nitro(632991682)#0' 3-max (real money) Seat #3 is the button
Seat 2: NWA57 (380)
Seat 3: _SKR (520)
*** ANTE/BLINDS ***
_SKR posts small blind 50
NWA57 posts big blind 100
Dealt to _SKR [Qh Kc]
*** PRE-FLOP *** 
_SKR raises 420 to 520 and is all-in
NWA57 calls 280 and is all-in
*** FLOP *** [Qd 4h 3c]
*** TURN *** [Qd 4h 3c][Jd]
*** RIVER *** [Qd 4h 3c Jd][9d]
*** SHOW DOWN ***
NWA57 shows [Td Kd] (Straight flush King)
_SKR shows [Qh Kc] (One pair : Queens)
_SKR collected 140 from side pot 1
NWA57 collected 760 from main pot
*** SUMMARY ***
Total pot 900 | No rake
Board: [Qd 4h 3c Jd 9d]
Seat 2: NWA57 (big blind) showed [Td Kd] and won 760 with Straight flush King
Seat 3: _SKR (small blind) (button) showed [Qh Kc] and won 140 with One pair : Queens


Winamax Poker - Tournament "Expresso Nitro" buyIn: 0.93€ + 0.07€ level: 6 - HandId: #2718678572830031873-24-1676295351 - Holdem no limit (50/100) - 2023/02/13 13:35:51 UTC
Table: 'Expresso Nitro(632991682)#0' 3-max (real money) Seat #2 is the button
Seat 2: NWA57 (760)
Seat 3: _SKR (140)
*** ANTE/BLINDS ***
NWA57 posts small blind 50
_SKR posts big blind 100
Dealt to _SKR [Td Jh]
*** PRE-FLOP *** 
NWA57 folds
_SKR collected 150 from pot
*** SUMMARY ***
Total pot 150 | No rake
Seat 3: _SKR (big blind) won 150


Winamax Poker - Tournament "Expresso Nitro" buyIn: 0.93€ + 0.07€ level: 6 - HandId: #2718678572830031873-25-1676295356 - Holdem no limit (50/100) - 2023/02/13 13:35:56 UTC
Table: 'Expresso Nitro(632991682)#0' 3-max (real money) Seat #3 is the button
Seat 2: NWA57 (710)
Seat 3: _SKR (190)
*** ANTE/BLINDS ***
_SKR posts small blind 50
NWA57 posts big blind 100
Dealt to _SKR [7s 8h]
*** PRE-FLOP *** 
_SKR raises 90 to 190 and is all-in
NWA57 calls 90
*** FLOP *** [Kh Jh Jc]
*** TURN *** [Kh Jh Jc][Qc]
*** RIVER *** [Kh Jh Jc Qc][5h]
*** SHOW DOWN ***
_SKR shows [7s 8h] (One pair : Jacks)
NWA57 shows [As 5d] (Two pairs : Jacks and 5)
NWA57 collected 380 from pot
*** SUMMARY ***
Total pot 380 | No rake
Board: [Kh Jh Jc Qc 5h]
Seat 2: NWA57 (big blind) showed [As 5d] and won 380 with Two pairs : Jacks and 5
Seat 3: _SKR (small blind) (button) showed [7s 8h] and lost with One pair : Jacks


