Winamax Poker - Tournament "Expresso Nitro" buyIn: 1.86€ + 0.14€ level: 1 - HandId: #2694780614585876481-1-1674956663 - Holdem no limit (10/20) - 2023/01/29 01:44:23 UTC
Table: 'Expresso Nitro(627427505)#0' 3-max (real money) Seat #3 is the button
Seat 1: Toni.chemin (300)
Seat 2: Saditkoi (300)
Seat 3: _SKR (300)
*** ANTE/BLINDS ***
Toni.chemin posts small blind 10
Saditkoi posts big blind 20
Dealt to _SKR [6s 2s]
*** PRE-FLOP *** 
_SKR folds
Toni.chemin calls 10
Saditkoi checks
*** FLOP *** [3c 4d 7d]
Toni.chemin bets 20
Saditkoi calls 20
*** TURN *** [3c 4d 7d][Qh]
Toni.chemin bets 20
Saditkoi raises 29 to 49
Toni.chemin calls 29
*** RIVER *** [3c 4d 7d Qh][6d]
Toni.chemin bets 62
Saditkoi calls 62
*** SHOW DOWN ***
Toni.chemin shows [Th 7s] (One pair : 7)
Saditkoi shows [7h 4h] (Two pairs : 7 and 4)
Saditkoi collected 302 from pot
*** SUMMARY ***
Total pot 302 | No rake
Board: [3c 4d 7d Qh 6d]
Seat 1: Toni.chemin (small blind) showed [Th 7s] and lost with One pair : 7
Seat 2: Saditkoi (big blind) showed [7h 4h] and won 302 with Two pairs : 7 and 4


Winamax Poker - Tournament "Expresso Nitro" buyIn: 1.86€ + 0.14€ level: 1 - HandId: #2694780614585876481-2-1674956689 - Holdem no limit (10/20) - 2023/01/29 01:44:49 UTC
Table: 'Expresso Nitro(627427505)#0' 3-max (real money) Seat #1 is the button
Seat 1: Toni.chemin (149)
Seat 2: Saditkoi (451)
Seat 3: _SKR (300)
*** ANTE/BLINDS ***
Saditkoi posts small blind 10
_SKR posts big blind 20
Dealt to _SKR [5h 8d]
*** PRE-FLOP *** 
Toni.chemin raises 129 to 149 and is all-in
Saditkoi folds
_SKR folds
Toni.chemin collected 179 from pot
*** SUMMARY ***
Total pot 179 | No rake
Seat 1: Toni.chemin (button) won 179


Winamax Poker - Tournament "Expresso Nitro" buyIn: 1.86€ + 0.14€ level: 1 - HandId: #2694780614585876481-3-1674956697 - Holdem no limit (10/20) - 2023/01/29 01:44:57 UTC
Table: 'Expresso Nitro(627427505)#0' 3-max (real money) Seat #2 is the button
Seat 1: Toni.chemin (179)
Seat 2: Saditkoi (441)
Seat 3: _SKR (280)
*** ANTE/BLINDS ***
_SKR posts small blind 10
Toni.chemin posts big blind 20
Dealt to _SKR [4s 9h]
*** PRE-FLOP *** 
Saditkoi folds
_SKR folds
Toni.chemin collected 30 from pot
*** SUMMARY ***
Total pot 30 | No rake
Seat 1: Toni.chemin (big blind) won 30


Winamax Poker - Tournament "Expresso Nitro" buyIn: 1.86€ + 0.14€ level: 1 - HandId: #2694780614585876481-4-1674956704 - Holdem no limit (10/20) - 2023/01/29 01:45:04 UTC
Table: 'Expresso Nitro(627427505)#0' 3-max (real money) Seat #3 is the button
Seat 1: Toni.chemin (189)
Seat 2: Saditkoi (441)
Seat 3: _SKR (270)
*** ANTE/BLINDS ***
Toni.chemin posts small blind 10
Saditkoi posts big blind 20
Dealt to _SKR [9s 2h]
*** PRE-FLOP *** 
_SKR folds
Toni.chemin calls 10
Saditkoi checks
*** FLOP *** [4c Kd 4s]
Toni.chemin checks
Saditkoi checks
*** TURN *** [4c Kd 4s][7s]
Toni.chemin bets 20
Saditkoi calls 20
*** RIVER *** [4c Kd 4s 7s][5s]
Toni.chemin bets 149 and is all-in
Saditkoi calls 149
*** SHOW DOWN ***
Saditkoi shows [Ts 7h] (Two pairs : 7 and 4)
Toni.chemin shows [Ad Ah] (Two pairs : Aces and 4)
Toni.chemin collected 378 from pot
*** SUMMARY ***
Total pot 378 | No rake
Board: [4c Kd 4s 7s 5s]
Seat 1: Toni.chemin (small blind) showed [Ad Ah] and won 378 with Two pairs : Aces and 4
Seat 2: Saditkoi (big blind) showed [Ts 7h] and lost with Two pairs : 7 and 4


Winamax Poker - Tournament "Expresso Nitro" buyIn: 1.86€ + 0.14€ level: 2 - HandId: #2694780614585876481-5-1674956738 - Holdem no limit (15/30) - 2023/01/29 01:45:38 UTC
Table: 'Expresso Nitro(627427505)#0' 3-max (real money) Seat #1 is the button
Seat 1: Toni.chemin (378)
Seat 2: Saditkoi (252)
Seat 3: _SKR (270)
*** ANTE/BLINDS ***
Saditkoi posts small blind 15
_SKR posts big blind 30
Dealt to _SKR [Kd 9s]
*** PRE-FLOP *** 
Toni.chemin folds
Saditkoi folds
_SKR collected 45 from pot
*** SUMMARY ***
Total pot 45 | No rake
Seat 3: _SKR (big blind) won 45


Winamax Poker - Tournament "Expresso Nitro" buyIn: 1.86€ + 0.14€ level: 2 - HandId: #2694780614585876481-6-1674956743 - Holdem no limit (15/30) - 2023/01/29 01:45:43 UTC
Table: 'Expresso Nitro(627427505)#0' 3-max (real money) Seat #2 is the button
Seat 1: Toni.chemin (378)
Seat 2: Saditkoi (237)
Seat 3: _SKR (285)
*** ANTE/BLINDS ***
_SKR posts small blind 15
Toni.chemin posts big blind 30
Dealt to _SKR [7d 2s]
*** PRE-FLOP *** 
Saditkoi folds
_SKR folds
Toni.chemin collected 45 from pot
*** SUMMARY ***
Total pot 45 | No rake
Seat 1: Toni.chemin (big blind) won 45


Winamax Poker - Tournament "Expresso Nitro" buyIn: 1.86€ + 0.14€ level: 2 - HandId: #2694780614585876481-7-1674956749 - Holdem no limit (15/30) - 2023/01/29 01:45:49 UTC
Table: 'Expresso Nitro(627427505)#0' 3-max (real money) Seat #3 is the button
Seat 1: Toni.chemin (393)
Seat 2: Saditkoi (237)
Seat 3: _SKR (270)
*** ANTE/BLINDS ***
Toni.chemin posts small blind 15
Saditkoi posts big blind 30
Dealt to _SKR [8d 2s]
*** PRE-FLOP *** 
_SKR folds
Toni.chemin calls 15
Saditkoi checks
*** FLOP *** [8h 3c Kc]
Toni.chemin checks
Saditkoi bets 30
Toni.chemin folds
Saditkoi collected 90 from pot
*** SUMMARY ***
Total pot 90 | No rake
Board: [8h 3c Kc]
Seat 2: Saditkoi (big blind) won 90


Winamax Poker - Tournament "Expresso Nitro" buyIn: 1.86€ + 0.14€ level: 2 - HandId: #2694780614585876481-8-1674956768 - Holdem no limit (15/30) - 2023/01/29 01:46:08 UTC
Table: 'Expresso Nitro(627427505)#0' 3-max (real money) Seat #1 is the button
Seat 1: Toni.chemin (363)
Seat 2: Saditkoi (267)
Seat 3: _SKR (270)
*** ANTE/BLINDS ***
Saditkoi posts small blind 15
_SKR posts big blind 30
Dealt to _SKR [6s 3c]
*** PRE-FLOP *** 
Toni.chemin folds
Saditkoi calls 15
_SKR checks
*** FLOP *** [Ac 2h 8s]
Saditkoi checks
_SKR checks
*** TURN *** [Ac 2h 8s][6c]
Saditkoi bets 30
_SKR calls 30
*** RIVER *** [Ac 2h 8s 6c][9s]
Saditkoi checks
_SKR checks
*** SHOW DOWN ***
Saditkoi shows [6d 7c] (One pair : 6)
_SKR shows [6s 3c] (One pair : 6)
_SKR collected 60 from pot
Saditkoi collected 60 from pot
*** SUMMARY ***
Total pot 120 | No rake
Board: [Ac 2h 8s 6c 9s]
Seat 2: Saditkoi (small blind) showed [6d 7c] and won 60 with One pair : 6
Seat 3: _SKR (big blind) showed [6s 3c] and won 60 with One pair : 6


Winamax Poker - Tournament "Expresso Nitro" buyIn: 1.86€ + 0.14€ level: 3 - HandId: #2694780614585876481-9-1674956795 - Holdem no limit (20/40) - 2023/01/29 01:46:35 UTC
Table: 'Expresso Nitro(627427505)#0' 3-max (real money) Seat #2 is the button
Seat 1: Toni.chemin (363)
Seat 2: Saditkoi (267)
Seat 3: _SKR (270)
*** ANTE/BLINDS ***
_SKR posts small blind 20
Toni.chemin posts big blind 40
Dealt to _SKR [3s 5c]
*** PRE-FLOP *** 
Saditkoi calls 40
_SKR folds
Toni.chemin checks
*** FLOP *** [Th Kd Ad]
Toni.chemin bets 40
Saditkoi calls 40
*** TURN *** [Th Kd Ad][4c]
Toni.chemin bets 40
Saditkoi calls 40
*** RIVER *** [Th Kd Ad 4c][3c]
Toni.chemin bets 40
Saditkoi calls 40
*** SHOW DOWN ***
Toni.chemin shows [5h Js] (High card : Ace)
Saditkoi shows [Ks 6c] (One pair : Kings)
Saditkoi collected 340 from pot
*** SUMMARY ***
Total pot 340 | No rake
Board: [Th Kd Ad 4c 3c]
Seat 1: Toni.chemin (big blind) showed [5h Js] and lost with High card : Ace
Seat 2: Saditkoi (button) showed [Ks 6c] and won 340 with One pair : Kings


Winamax Poker - Tournament "Expresso Nitro" buyIn: 1.86€ + 0.14€ level: 3 - HandId: #2694780614585876481-10-1674956824 - Holdem no limit (20/40) - 2023/01/29 01:47:04 UTC
Table: 'Expresso Nitro(627427505)#0' 3-max (real money) Seat #3 is the button
Seat 1: Toni.chemin (203)
Seat 2: Saditkoi (447)
Seat 3: _SKR (250)
*** ANTE/BLINDS ***
Toni.chemin posts small blind 20
Saditkoi posts big blind 40
Dealt to _SKR [Ac 9h]
*** PRE-FLOP *** 
_SKR raises 210 to 250 and is all-in
Toni.chemin folds
Saditkoi folds
_SKR collected 310 from pot
*** SUMMARY ***
Total pot 310 | No rake
Seat 3: _SKR (button) won 310


Winamax Poker - Tournament "Expresso Nitro" buyIn: 1.86€ + 0.14€ level: 3 - HandId: #2694780614585876481-11-1674956835 - Holdem no limit (20/40) - 2023/01/29 01:47:15 UTC
Table: 'Expresso Nitro(627427505)#0' 3-max (real money) Seat #1 is the button
Seat 1: Toni.chemin (183)
Seat 2: Saditkoi (407)
Seat 3: _SKR (310)
*** ANTE/BLINDS ***
Saditkoi posts small blind 20
_SKR posts big blind 40
Dealt to _SKR [5c 5h]
*** PRE-FLOP *** 
Toni.chemin raises 143 to 183 and is all-in
Saditkoi folds
_SKR calls 143
*** FLOP *** [Ac Ks 4s]
*** TURN *** [Ac Ks 4s][Qc]
*** RIVER *** [Ac Ks 4s Qc][Js]
*** SHOW DOWN ***
_SKR shows [5c 5h] (One pair : 5)
Toni.chemin shows [5d Kd] (One pair : Kings)
Toni.chemin collected 386 from pot
*** SUMMARY ***
Total pot 386 | No rake
Board: [Ac Ks 4s Qc Js]
Seat 1: Toni.chemin (button) showed [5d Kd] and won 386 with One pair : Kings
Seat 3: _SKR (big blind) showed [5c 5h] and lost with One pair : 5


Winamax Poker - Tournament "Expresso Nitro" buyIn: 1.86€ + 0.14€ level: 4 - HandId: #2694780614585876481-12-1674956859 - Holdem no limit (30/60) - 2023/01/29 01:47:39 UTC
Table: 'Expresso Nitro(627427505)#0' 3-max (real money) Seat #2 is the button
Seat 1: Toni.chemin (386)
Seat 2: Saditkoi (387)
Seat 3: _SKR (127)
*** ANTE/BLINDS ***
_SKR posts small blind 30
Toni.chemin posts big blind 60
Dealt to _SKR [2s 9s]
*** PRE-FLOP *** 
Saditkoi folds
_SKR raises 67 to 127 and is all-in
Toni.chemin calls 67
*** FLOP *** [As 4h Ah]
*** TURN *** [As 4h Ah][8d]
*** RIVER *** [As 4h Ah 8d][Jh]
*** SHOW DOWN ***
_SKR shows [2s 9s] (One pair : Aces)
Toni.chemin shows [Ad 4d] (Full of Aces and 4)
Toni.chemin collected 254 from pot
*** SUMMARY ***
Total pot 254 | No rake
Board: [As 4h Ah 8d Jh]
Seat 1: Toni.chemin (big blind) showed [Ad 4d] and won 254 with Full of Aces and 4
Seat 3: _SKR (small blind) showed [2s 9s] and lost with One pair : Aces


