Winamax Poker - Tournament "Expresso Nitro" buyIn: 0.93€ + 0.07€ level: 1 - HandId: #2672610487325163521-1-1673616501 - Holdem no limit (10/20) - 2023/01/13 13:28:21 UTC
Table: 'Expresso Nitro(622265620)#0' 3-max (real money) Seat #1 is the button
Seat 1: B0b0ss (300)
Seat 2: _SKR (300)
Seat 3: Pokerlady59 (300)
*** ANTE/BLINDS ***
_SKR posts small blind 10
Pokerlady59 posts big blind 20
Dealt to _SKR [3d Kh]
*** PRE-FLOP *** 
B0b0ss folds
_SKR folds
Pokerlady59 collected 30 from pot
*** SUMMARY ***
Total pot 30 | No rake
Seat 3: Pokerlady59 (big blind) won 30


Winamax Poker - Tournament "Expresso Nitro" buyIn: 0.93€ + 0.07€ level: 1 - HandId: #2672610487325163521-2-1673616508 - Holdem no limit (10/20) - 2023/01/13 13:28:28 UTC
Table: 'Expresso Nitro(622265620)#0' 3-max (real money) Seat #2 is the button
Seat 1: B0b0ss (300)
Seat 2: _SKR (290)
Seat 3: Pokerlady59 (310)
*** ANTE/BLINDS ***
Pokerlady59 posts small blind 10
B0b0ss posts big blind 20
Dealt to _SKR [2h 6h]
*** PRE-FLOP *** 
_SKR folds
Pokerlady59 folds
B0b0ss collected 30 from pot
*** SUMMARY ***
Total pot 30 | No rake
Seat 1: B0b0ss (big blind) won 30


Winamax Poker - Tournament "Expresso Nitro" buyIn: 0.93€ + 0.07€ level: 1 - HandId: #2672610487325163521-3-1673616516 - Holdem no limit (10/20) - 2023/01/13 13:28:36 UTC
Table: 'Expresso Nitro(622265620)#0' 3-max (real money) Seat #3 is the button
Seat 1: B0b0ss (310)
Seat 2: _SKR (290)
Seat 3: Pokerlady59 (300)
*** ANTE/BLINDS ***
B0b0ss posts small blind 10
_SKR posts big blind 20
Dealt to _SKR [4s 4d]
*** PRE-FLOP *** 
Pokerlady59 raises 20 to 40
B0b0ss folds
_SKR raises 250 to 290 and is all-in
Pokerlady59 calls 250
*** FLOP *** [Td 6h Kh]
*** TURN *** [Td 6h Kh][Ah]
*** RIVER *** [Td 6h Kh Ah][9s]
*** SHOW DOWN ***
_SKR shows [4s 4d] (One pair : 4)
Pokerlady59 shows [Tc Kc] (Two pairs : Kings and Tens)
Pokerlady59 collected 590 from pot
*** SUMMARY ***
Total pot 590 | No rake
Board: [Td 6h Kh Ah 9s]
Seat 2: _SKR (big blind) showed [4s 4d] and lost with One pair : 4
Seat 3: Pokerlady59 (button) showed [Tc Kc] and won 590 with Two pairs : Kings and Tens


