Winamax Poker - Tournament "Expresso Nitro" buyIn: 0.93€ + 0.07€ level: 1 - HandId: #2689812342446751745-1-1674653409 - Holdem no limit (10/20) - 2023/01/25 13:30:09 UTC
Table: 'Expresso Nitro(626270739)#0' 3-max (real money) Seat #1 is the button
Seat 1: Aqueteresubo (300)
Seat 2: tomsha49 (300)
Seat 3: _SKR (300)
*** ANTE/BLINDS ***
tomsha49 posts small blind 10
_SKR posts big blind 20
Dealt to _SKR [5d Tc]
*** PRE-FLOP *** 
Aqueteresubo calls 20
tomsha49 raises 40 to 60
_SKR folds
Aqueteresubo calls 40
*** FLOP *** [Ks Kd 9s]
tomsha49 bets 91
Aqueteresubo folds
tomsha49 collected 231 from pot
*** SUMMARY ***
Total pot 231 | No rake
Board: [Ks Kd 9s]
Seat 2: tomsha49 (small blind) won 231


Winamax Poker - Tournament "Expresso Nitro" buyIn: 0.93€ + 0.07€ level: 1 - HandId: #2689812342446751745-2-1674653433 - Holdem no limit (10/20) - 2023/01/25 13:30:33 UTC
Table: 'Expresso Nitro(626270739)#0' 3-max (real money) Seat #2 is the button
Seat 1: Aqueteresubo (240)
Seat 2: tomsha49 (380)
Seat 3: _SKR (280)
*** ANTE/BLINDS ***
_SKR posts small blind 10
Aqueteresubo posts big blind 20
Dealt to _SKR [4h Qs]
*** PRE-FLOP *** 
tomsha49 folds
_SKR folds
Aqueteresubo collected 30 from pot
*** SUMMARY ***
Total pot 30 | No rake
Seat 1: Aqueteresubo (big blind) won 30


Winamax Poker - Tournament "Expresso Nitro" buyIn: 0.93€ + 0.07€ level: 1 - HandId: #2689812342446751745-3-1674653446 - Holdem no limit (10/20) - 2023/01/25 13:30:46 UTC
Table: 'Expresso Nitro(626270739)#0' 3-max (real money) Seat #3 is the button
Seat 1: Aqueteresubo (250)
Seat 2: tomsha49 (380)
Seat 3: _SKR (270)
*** ANTE/BLINDS ***
Aqueteresubo posts small blind 10
tomsha49 posts big blind 20
Dealt to _SKR [3c Ts]
*** PRE-FLOP *** 
_SKR folds
Aqueteresubo folds
tomsha49 collected 30 from pot
*** SUMMARY ***
Total pot 30 | No rake
Seat 2: tomsha49 (big blind) won 30


Winamax Poker - Tournament "Expresso Nitro" buyIn: 0.93€ + 0.07€ level: 1 - HandId: #2689812342446751745-4-1674653456 - Holdem no limit (10/20) - 2023/01/25 13:30:56 UTC
Table: 'Expresso Nitro(626270739)#0' 3-max (real money) Seat #1 is the button
Seat 1: Aqueteresubo (240)
Seat 2: tomsha49 (390)
Seat 3: _SKR (270)
*** ANTE/BLINDS ***
tomsha49 posts small blind 10
_SKR posts big blind 20
Dealt to _SKR [4c 2d]
*** PRE-FLOP *** 
Aqueteresubo folds
tomsha49 folds
_SKR collected 30 from pot
*** SUMMARY ***
Total pot 30 | No rake
Seat 3: _SKR (big blind) won 30


Winamax Poker - Tournament "Expresso Nitro" buyIn: 0.93€ + 0.07€ level: 1 - HandId: #2689812342446751745-5-1674653461 - Holdem no limit (10/20) - 2023/01/25 13:31:01 UTC
Table: 'Expresso Nitro(626270739)#0' 3-max (real money) Seat #2 is the button
Seat 1: Aqueteresubo (240)
Seat 2: tomsha49 (380)
Seat 3: _SKR (280)
*** ANTE/BLINDS ***
_SKR posts small blind 10
Aqueteresubo posts big blind 20
Dealt to _SKR [2c Kh]
*** PRE-FLOP *** 
tomsha49 calls 20
_SKR folds
Aqueteresubo raises 220 to 240 and is all-in
tomsha49 calls 220
*** FLOP *** [8d 2d Qh]
*** TURN *** [8d 2d Qh][8s]
*** RIVER *** [8d 2d Qh 8s][8h]
*** SHOW DOWN ***
Aqueteresubo shows [7s Jh] (Trips of 8)
tomsha49 shows [Ah 2s] (Full of 8 and 2)
tomsha49 collected 490 from pot
*** SUMMARY ***
Total pot 490 | No rake
Board: [8d 2d Qh 8s 8h]
Seat 1: Aqueteresubo (big blind) showed [7s Jh] and lost with Trips of 8
Seat 2: tomsha49 (button) showed [Ah 2s] and won 490 with Full of 8 and 2


Winamax Poker - Tournament "Expresso Nitro" buyIn: 0.93€ + 0.07€ level: 2 - HandId: #2689812342446751745-6-1674653483 - Holdem no limit (15/30) - 2023/01/25 13:31:23 UTC
Table: 'Expresso Nitro(626270739)#0' 3-max (real money) Seat #2 is the button
Seat 2: tomsha49 (630)
Seat 3: _SKR (270)
*** ANTE/BLINDS ***
tomsha49 posts small blind 15
_SKR posts big blind 30
Dealt to _SKR [5h 6s]
*** PRE-FLOP *** 
tomsha49 calls 15
_SKR checks
*** FLOP *** [As 8s Qc]
_SKR checks
tomsha49 bets 30
_SKR folds
tomsha49 collected 90 from pot
*** SUMMARY ***
Total pot 90 | No rake
Board: [As 8s Qc]
Seat 2: tomsha49 (small blind) (button) won 90


Winamax Poker - Tournament "Expresso Nitro" buyIn: 0.93€ + 0.07€ level: 2 - HandId: #2689812342446751745-7-1674653520 - Holdem no limit (15/30) - 2023/01/25 13:32:00 UTC
Table: 'Expresso Nitro(626270739)#0' 3-max (real money) Seat #3 is the button
Seat 2: tomsha49 (660)
Seat 3: _SKR (240)
*** ANTE/BLINDS ***
_SKR posts small blind 15
tomsha49 posts big blind 30
Dealt to _SKR [Jc 8d]
*** PRE-FLOP *** 
_SKR raises 210 to 240 and is all-in
tomsha49 folds
_SKR collected 270 from pot
*** SUMMARY ***
Total pot 270 | No rake
Seat 3: _SKR (small blind) (button) won 270


Winamax Poker - Tournament "Expresso Nitro" buyIn: 0.93€ + 0.07€ level: 3 - HandId: #2689812342446751745-8-1674653539 - Holdem no limit (20/40) - 2023/01/25 13:32:19 UTC
Table: 'Expresso Nitro(626270739)#0' 3-max (real money) Seat #2 is the button
Seat 2: tomsha49 (630)
Seat 3: _SKR (270)
*** ANTE/BLINDS ***
tomsha49 posts small blind 20
_SKR posts big blind 40
Dealt to _SKR [4h 4c]
*** PRE-FLOP *** 
tomsha49 calls 20
_SKR raises 230 to 270 and is all-in
tomsha49 calls 230
*** FLOP *** [7c 5c Jd]
*** TURN *** [7c 5c Jd][Th]
*** RIVER *** [7c 5c Jd Th][Qd]
*** SHOW DOWN ***
_SKR shows [4h 4c] (One pair : 4)
tomsha49 shows [Kd 7h] (One pair : 7)
tomsha49 collected 540 from pot
*** SUMMARY ***
Total pot 540 | No rake
Board: [7c 5c Jd Th Qd]
Seat 2: tomsha49 (small blind) (button) showed [Kd 7h] and won 540 with One pair : 7
Seat 3: _SKR (big blind) showed [4h 4c] and lost with One pair : 4


