Winamax Poker - Tournament "Expresso Nitro" buyIn: 0.93€ + 0.07€ level: 1 - HandId: #2718674114653978625-1-1676294770 - Holdem no limit (10/20) - 2023/02/13 13:26:10 UTC
Table: 'Expresso Nitro(632990644)#0' 3-max (real money) Seat #2 is the button
Seat 1: Emerite-7520 (300)
Seat 2: _SKR (300)
Seat 3: Ratchet7 (300)
*** ANTE/BLINDS ***
Ratchet7 posts small blind 10
Emerite-7520 posts big blind 20
Dealt to _SKR [Tc Jd]
*** PRE-FLOP *** 
_SKR folds
Ratchet7 raises 30 to 50
Emerite-7520 folds
Ratchet7 collected 70 from pot
*** SUMMARY ***
Total pot 70 | No rake
Seat 3: Ratchet7 (small blind) won 70


Winamax Poker - Tournament "Expresso Nitro" buyIn: 0.93€ + 0.07€ level: 1 - HandId: #2718674114653978625-2-1676294780 - Holdem no limit (10/20) - 2023/02/13 13:26:20 UTC
Table: 'Expresso Nitro(632990644)#0' 3-max (real money) Seat #3 is the button
Seat 1: Emerite-7520 (280)
Seat 2: _SKR (300)
Seat 3: Ratchet7 (320)
*** ANTE/BLINDS ***
Emerite-7520 posts small blind 10
_SKR posts big blind 20
Dealt to _SKR [Ac 4c]
*** PRE-FLOP *** 
Ratchet7 folds
Emerite-7520 calls 10
_SKR raises 280 to 300 and is all-in
Emerite-7520 calls 260 and is all-in
*** FLOP *** [8c 5c 6d]
*** TURN *** [8c 5c 6d][7h]
*** RIVER *** [8c 5c 6d 7h][Tc]
*** SHOW DOWN ***
Emerite-7520 shows [Qh 6h] (One pair : 6)
_SKR shows [Ac 4c] (Flush Ace high)
_SKR collected 580 from pot
*** SUMMARY ***
Total pot 580 | No rake
Board: [8c 5c 6d 7h Tc]
Seat 1: Emerite-7520 (small blind) showed [Qh 6h] and lost with One pair : 6
Seat 2: _SKR (big blind) showed [Ac 4c] and won 580 with Flush Ace high


Winamax Poker - Tournament "Expresso Nitro" buyIn: 0.93€ + 0.07€ level: 1 - HandId: #2718674114653978625-3-1676294807 - Holdem no limit (10/20) - 2023/02/13 13:26:47 UTC
Table: 'Expresso Nitro(632990644)#0' 3-max (real money) Seat #2 is the button
Seat 2: _SKR (580)
Seat 3: Ratchet7 (320)
*** ANTE/BLINDS ***
_SKR posts small blind 10
Ratchet7 posts big blind 20
Dealt to _SKR [7d Ks]
*** PRE-FLOP *** 
_SKR raises 20 to 40
Ratchet7 calls 20
*** FLOP *** [5d 5h 7s]
Ratchet7 checks
_SKR bets 28
Ratchet7 folds
_SKR collected 108 from pot
*** SUMMARY ***
Total pot 108 | No rake
Board: [5d 5h 7s]
Seat 2: _SKR (small blind) (button) won 108


Winamax Poker - Tournament "Expresso Nitro" buyIn: 0.93€ + 0.07€ level: 1 - HandId: #2718674114653978625-4-1676294819 - Holdem no limit (10/20) - 2023/02/13 13:26:59 UTC
Table: 'Expresso Nitro(632990644)#0' 3-max (real money) Seat #3 is the button
Seat 2: _SKR (620)
Seat 3: Ratchet7 (280)
*** ANTE/BLINDS ***
Ratchet7 posts small blind 10
_SKR posts big blind 20
Dealt to _SKR [5h Qs]
*** PRE-FLOP *** 
Ratchet7 calls 10
_SKR checks
*** FLOP *** [7h 3s Jd]
_SKR checks
Ratchet7 bets 20
_SKR folds
Ratchet7 collected 60 from pot
*** SUMMARY ***
Total pot 60 | No rake
Board: [7h 3s Jd]
Seat 3: Ratchet7 (small blind) (button) won 60


Winamax Poker - Tournament "Expresso Nitro" buyIn: 0.93€ + 0.07€ level: 2 - HandId: #2718674114653978625-5-1676294843 - Holdem no limit (15/30) - 2023/02/13 13:27:23 UTC
Table: 'Expresso Nitro(632990644)#0' 3-max (real money) Seat #2 is the button
Seat 2: _SKR (600)
Seat 3: Ratchet7 (300)
*** ANTE/BLINDS ***
_SKR posts small blind 15
Ratchet7 posts big blind 30
Dealt to _SKR [3d 8s]
*** PRE-FLOP *** 
_SKR folds
Ratchet7 collected 45 from pot
*** SUMMARY ***
Total pot 45 | No rake
Seat 3: Ratchet7 (big blind) won 45


Winamax Poker - Tournament "Expresso Nitro" buyIn: 0.93€ + 0.07€ level: 2 - HandId: #2718674114653978625-6-1676294847 - Holdem no limit (15/30) - 2023/02/13 13:27:27 UTC
Table: 'Expresso Nitro(632990644)#0' 3-max (real money) Seat #3 is the button
Seat 2: _SKR (585)
Seat 3: Ratchet7 (315)
*** ANTE/BLINDS ***
Ratchet7 posts small blind 15
_SKR posts big blind 30
Dealt to _SKR [3h 8c]
*** PRE-FLOP *** 
Ratchet7 calls 15
_SKR checks
*** FLOP *** [Js Jc Ad]
_SKR checks
Ratchet7 checks
*** TURN *** [Js Jc Ad][2h]
_SKR checks
Ratchet7 checks
*** RIVER *** [Js Jc Ad 2h][Qs]
_SKR checks
Ratchet7 checks
*** SHOW DOWN ***
Ratchet7 shows [6c 4s] (One pair : Jacks)
_SKR shows [3h 8c] (One pair : Jacks)
_SKR collected 60 from pot
*** SUMMARY ***
Total pot 60 | No rake
Board: [Js Jc Ad 2h Qs]
Seat 2: _SKR (big blind) showed [3h 8c] and won 60 with One pair : Jacks
Seat 3: Ratchet7 (small blind) (button) showed [6c 4s] and lost with One pair : Jacks


Winamax Poker - Tournament "Expresso Nitro" buyIn: 0.93€ + 0.07€ level: 2 - HandId: #2718674114653978625-7-1676294878 - Holdem no limit (15/30) - 2023/02/13 13:27:58 UTC
Table: 'Expresso Nitro(632990644)#0' 3-max (real money) Seat #2 is the button
Seat 2: _SKR (615)
Seat 3: Ratchet7 (285)
*** ANTE/BLINDS ***
_SKR posts small blind 15
Ratchet7 posts big blind 30
Dealt to _SKR [5h 2c]
*** PRE-FLOP *** 
_SKR folds
Ratchet7 collected 45 from pot
*** SUMMARY ***
Total pot 45 | No rake
Seat 3: Ratchet7 (big blind) won 45


Winamax Poker - Tournament "Expresso Nitro" buyIn: 0.93€ + 0.07€ level: 2 - HandId: #2718674114653978625-8-1676294885 - Holdem no limit (15/30) - 2023/02/13 13:28:05 UTC
Table: 'Expresso Nitro(632990644)#0' 3-max (real money) Seat #3 is the button
Seat 2: _SKR (600)
Seat 3: Ratchet7 (300)
*** ANTE/BLINDS ***
Ratchet7 posts small blind 15
_SKR posts big blind 30
Dealt to _SKR [4d 8s]
*** PRE-FLOP *** 
Ratchet7 calls 15
_SKR checks
*** FLOP *** [Qs Js 4s]
_SKR checks
Ratchet7 bets 30
_SKR folds
Ratchet7 collected 90 from pot
*** SUMMARY ***
Total pot 90 | No rake
Board: [Qs Js 4s]
Seat 3: Ratchet7 (small blind) (button) won 90


Winamax Poker - Tournament "Expresso Nitro" buyIn: 0.93€ + 0.07€ level: 3 - HandId: #2718674114653978625-9-1676294919 - Holdem no limit (20/40) - 2023/02/13 13:28:39 UTC
Table: 'Expresso Nitro(632990644)#0' 3-max (real money) Seat #2 is the button
Seat 2: _SKR (570)
Seat 3: Ratchet7 (330)
*** ANTE/BLINDS ***
_SKR posts small blind 20
Ratchet7 posts big blind 40
Dealt to _SKR [4c 4d]
*** PRE-FLOP *** 
_SKR raises 530 to 570 and is all-in
Ratchet7 calls 290 and is all-in
*** FLOP *** [Qh Ts 5h]
*** TURN *** [Qh Ts 5h][6s]
*** RIVER *** [Qh Ts 5h 6s][5d]
*** SHOW DOWN ***
_SKR shows [4c 4d] (Two pairs : 5 and 4)
Ratchet7 shows [Ad As] (Two pairs : Aces and 5)
Ratchet7 collected 660 from main pot
_SKR collected 240 from side pot 1
*** SUMMARY ***
Total pot 900 | No rake
Board: [Qh Ts 5h 6s 5d]
Seat 2: _SKR (small blind) (button) showed [4c 4d] and won 240 with Two pairs : 5 and 4
Seat 3: Ratchet7 (big blind) showed [Ad As] and won 660 with Two pairs : Aces and 5


Winamax Poker - Tournament "Expresso Nitro" buyIn: 0.93€ + 0.07€ level: 3 - HandId: #2718674114653978625-10-1676294932 - Holdem no limit (20/40) - 2023/02/13 13:28:52 UTC
Table: 'Expresso Nitro(632990644)#0' 3-max (real money) Seat #3 is the button
Seat 2: _SKR (240)
Seat 3: Ratchet7 (660)
*** ANTE/BLINDS ***
Ratchet7 posts small blind 20
_SKR posts big blind 40
Dealt to _SKR [6c Js]
*** PRE-FLOP *** 
Ratchet7 raises 40 to 80
_SKR folds
Ratchet7 collected 120 from pot
*** SUMMARY ***
Total pot 120 | No rake
Seat 3: Ratchet7 (small blind) (button) won 120


Winamax Poker - Tournament "Expresso Nitro" buyIn: 0.93€ + 0.07€ level: 3 - HandId: #2718674114653978625-11-1676294938 - Holdem no limit (20/40) - 2023/02/13 13:28:58 UTC
Table: 'Expresso Nitro(632990644)#0' 3-max (real money) Seat #2 is the button
Seat 2: _SKR (200)
Seat 3: Ratchet7 (700)
*** ANTE/BLINDS ***
_SKR posts small blind 20
Ratchet7 posts big blind 40
Dealt to _SKR [2d 2h]
*** PRE-FLOP *** 
_SKR raises 160 to 200 and is all-in
Ratchet7 calls 160
*** FLOP *** [Jh 5s 7s]
*** TURN *** [Jh 5s 7s][Qd]
*** RIVER *** [Jh 5s 7s Qd][4c]
*** SHOW DOWN ***
_SKR shows [2d 2h] (One pair : 2)
Ratchet7 shows [As 7c] (One pair : 7)
Ratchet7 collected 400 from pot
*** SUMMARY ***
Total pot 400 | No rake
Board: [Jh 5s 7s Qd 4c]
Seat 2: _SKR (small blind) (button) showed [2d 2h] and lost with One pair : 2
Seat 3: Ratchet7 (big blind) showed [As 7c] and won 400 with One pair : 7


