Winamax Poker - Tournament "Expresso Nitro" buyIn: 0.93€ + 0.07€ level: 1 - HandId: #2718632736939048961-1-1676292623 - Holdem no limit (10/20) - 2023/02/13 12:50:23 UTC
Table: 'Expresso Nitro(632981010)#0' 3-max (real money) Seat #2 is the button
Seat 1: Bambino94500 (300)
Seat 2: Yann0054 (300)
Seat 3: _SKR (300)
*** ANTE/BLINDS ***
_SKR posts small blind 10
Bambino94500 posts big blind 20
Dealt to _SKR [4d 6c]
*** PRE-FLOP *** 
Yann0054 folds
_SKR folds
Bambino94500 collected 30 from pot
*** SUMMARY ***
Total pot 30 | No rake
Seat 1: Bambino94500 (big blind) won 30


Winamax Poker - Tournament "Expresso Nitro" buyIn: 0.93€ + 0.07€ level: 1 - HandId: #2718632736939048961-2-1676292630 - Holdem no limit (10/20) - 2023/02/13 12:50:30 UTC
Table: 'Expresso Nitro(632981010)#0' 3-max (real money) Seat #3 is the button
Seat 1: Bambino94500 (310)
Seat 2: Yann0054 (300)
Seat 3: _SKR (290)
*** ANTE/BLINDS ***
Bambino94500 posts small blind 10
Yann0054 posts big blind 20
Dealt to _SKR [9d Tc]
*** PRE-FLOP *** 
_SKR folds
Bambino94500 calls 10
Yann0054 checks
*** FLOP *** [7s Ts As]
Bambino94500 checks
Yann0054 bets 280 and is all-in
Bambino94500 calls 280
*** TURN *** [7s Ts As][9h]
*** RIVER *** [7s Ts As 9h][Qs]
*** SHOW DOWN ***
Yann0054 shows [7d Jc] (One pair : 7)
Bambino94500 shows [3s 6d] (Flush Ace high)
Bambino94500 collected 600 from pot
*** SUMMARY ***
Total pot 600 | No rake
Board: [7s Ts As 9h Qs]
Seat 1: Bambino94500 (small blind) showed [3s 6d] and won 600 with Flush Ace high
Seat 2: Yann0054 (big blind) showed [7d Jc] and lost with One pair : 7


Winamax Poker - Tournament "Expresso Nitro" buyIn: 0.93€ + 0.07€ level: 1 - HandId: #2718632736939048961-3-1676292647 - Holdem no limit (10/20) - 2023/02/13 12:50:47 UTC
Table: 'Expresso Nitro(632981010)#0' 3-max (real money) Seat #3 is the button
Seat 1: Bambino94500 (610)
Seat 3: _SKR (290)
*** ANTE/BLINDS ***
_SKR posts small blind 10
Bambino94500 posts big blind 20
Dealt to _SKR [8c 3h]
*** PRE-FLOP *** 
_SKR folds
Bambino94500 collected 30 from pot
*** SUMMARY ***
Total pot 30 | No rake
Seat 1: Bambino94500 (big blind) won 30


Winamax Poker - Tournament "Expresso Nitro" buyIn: 0.93€ + 0.07€ level: 1 - HandId: #2718632736939048961-4-1676292651 - Holdem no limit (10/20) - 2023/02/13 12:50:51 UTC
Table: 'Expresso Nitro(632981010)#0' 3-max (real money) Seat #1 is the button
Seat 1: Bambino94500 (620)
Seat 3: _SKR (280)
*** ANTE/BLINDS ***
Bambino94500 posts small blind 10
_SKR posts big blind 20
Dealt to _SKR [Ah Js]
*** PRE-FLOP *** 
Bambino94500 calls 10
_SKR raises 260 to 280 and is all-in
Bambino94500 folds
_SKR collected 300 from pot
*** SUMMARY ***
Total pot 300 | No rake
Seat 3: _SKR (big blind) won 300


Winamax Poker - Tournament "Expresso Nitro" buyIn: 0.93€ + 0.07€ level: 1 - HandId: #2718632736939048961-5-1676292659 - Holdem no limit (10/20) - 2023/02/13 12:50:59 UTC
Table: 'Expresso Nitro(632981010)#0' 3-max (real money) Seat #3 is the button
Seat 1: Bambino94500 (600)
Seat 3: _SKR (300)
*** ANTE/BLINDS ***
_SKR posts small blind 10
Bambino94500 posts big blind 20
Dealt to _SKR [9s Td]
*** PRE-FLOP *** 
_SKR folds
Bambino94500 collected 30 from pot
*** SUMMARY ***
Total pot 30 | No rake
Seat 1: Bambino94500 (big blind) won 30


Winamax Poker - Tournament "Expresso Nitro" buyIn: 0.93€ + 0.07€ level: 1 - HandId: #2718632736939048961-6-1676292666 - Holdem no limit (10/20) - 2023/02/13 12:51:06 UTC
Table: 'Expresso Nitro(632981010)#0' 3-max (real money) Seat #1 is the button
Seat 1: Bambino94500 (610)
Seat 3: _SKR (290)
*** ANTE/BLINDS ***
Bambino94500 posts small blind 10
_SKR posts big blind 20
Dealt to _SKR [9c 3d]
*** PRE-FLOP *** 
Bambino94500 calls 10
_SKR checks
*** FLOP *** [Jh 5s 6h]
_SKR checks
Bambino94500 bets 20
_SKR folds
Bambino94500 collected 60 from pot
*** SUMMARY ***
Total pot 60 | No rake
Board: [Jh 5s 6h]
Seat 1: Bambino94500 (small blind) (button) won 60


Winamax Poker - Tournament "Expresso Nitro" buyIn: 0.93€ + 0.07€ level: 2 - HandId: #2718632736939048961-7-1676292688 - Holdem no limit (15/30) - 2023/02/13 12:51:28 UTC
Table: 'Expresso Nitro(632981010)#0' 3-max (real money) Seat #3 is the button
Seat 1: Bambino94500 (630)
Seat 3: _SKR (270)
*** ANTE/BLINDS ***
_SKR posts small blind 15
Bambino94500 posts big blind 30
Dealt to _SKR [3s 9d]
*** PRE-FLOP *** 
_SKR folds
Bambino94500 collected 45 from pot
*** SUMMARY ***
Total pot 45 | No rake
Seat 1: Bambino94500 (big blind) won 45


Winamax Poker - Tournament "Expresso Nitro" buyIn: 0.93€ + 0.07€ level: 2 - HandId: #2718632736939048961-8-1676292692 - Holdem no limit (15/30) - 2023/02/13 12:51:32 UTC
Table: 'Expresso Nitro(632981010)#0' 3-max (real money) Seat #1 is the button
Seat 1: Bambino94500 (645)
Seat 3: _SKR (255)
*** ANTE/BLINDS ***
Bambino94500 posts small blind 15
_SKR posts big blind 30
Dealt to _SKR [4c Th]
*** PRE-FLOP *** 
Bambino94500 calls 15
_SKR checks
*** FLOP *** [Qc 8s 6s]
_SKR checks
Bambino94500 checks
*** TURN *** [Qc 8s 6s][9d]
_SKR checks
Bambino94500 bets 30
_SKR folds
Bambino94500 collected 90 from pot
*** SUMMARY ***
Total pot 90 | No rake
Board: [Qc 8s 6s 9d]
Seat 1: Bambino94500 (small blind) (button) won 90


Winamax Poker - Tournament "Expresso Nitro" buyIn: 0.93€ + 0.07€ level: 2 - HandId: #2718632736939048961-9-1676292711 - Holdem no limit (15/30) - 2023/02/13 12:51:51 UTC
Table: 'Expresso Nitro(632981010)#0' 3-max (real money) Seat #3 is the button
Seat 1: Bambino94500 (675)
Seat 3: _SKR (225)
*** ANTE/BLINDS ***
_SKR posts small blind 15
Bambino94500 posts big blind 30
Dealt to _SKR [Qc Kc]
*** PRE-FLOP *** 
_SKR raises 195 to 225 and is all-in
Bambino94500 calls 195
*** FLOP *** [3s 4s 2h]
*** TURN *** [3s 4s 2h][Ad]
*** RIVER *** [3s 4s 2h Ad][Kh]
*** SHOW DOWN ***
Bambino94500 shows [Kd 9c] (One pair : Kings)
_SKR shows [Qc Kc] (One pair : Kings)
_SKR collected 450 from pot
*** SUMMARY ***
Total pot 450 | No rake
Board: [3s 4s 2h Ad Kh]
Seat 1: Bambino94500 (big blind) showed [Kd 9c] and lost with One pair : Kings
Seat 3: _SKR (small blind) (button) showed [Qc Kc] and won 450 with One pair : Kings


Winamax Poker - Tournament "Expresso Nitro" buyIn: 0.93€ + 0.07€ level: 2 - HandId: #2718632736939048961-10-1676292736 - Holdem no limit (15/30) - 2023/02/13 12:52:16 UTC
Table: 'Expresso Nitro(632981010)#0' 3-max (real money) Seat #1 is the button
Seat 1: Bambino94500 (450)
Seat 3: _SKR (450)
*** ANTE/BLINDS ***
Bambino94500 posts small blind 15
_SKR posts big blind 30
Dealt to _SKR [3d 4d]
*** PRE-FLOP *** 
Bambino94500 calls 15
_SKR checks
*** FLOP *** [Ah Qc 2s]
_SKR checks
Bambino94500 checks
*** TURN *** [Ah Qc 2s][7d]
_SKR checks
Bambino94500 checks
*** RIVER *** [Ah Qc 2s 7d][3s]
_SKR checks
Bambino94500 checks
*** SHOW DOWN ***
Bambino94500 shows [9d 8h] (High card : Ace)
_SKR shows [3d 4d] (One pair : 3)
_SKR collected 60 from pot
*** SUMMARY ***
Total pot 60 | No rake
Board: [Ah Qc 2s 7d 3s]
Seat 1: Bambino94500 (small blind) (button) showed [9d 8h] and lost with High card : Ace
Seat 3: _SKR (big blind) showed [3d 4d] and won 60 with One pair : 3


Winamax Poker - Tournament "Expresso Nitro" buyIn: 0.93€ + 0.07€ level: 3 - HandId: #2718632736939048961-11-1676292780 - Holdem no limit (20/40) - 2023/02/13 12:53:00 UTC
Table: 'Expresso Nitro(632981010)#0' 3-max (real money) Seat #3 is the button
Seat 1: Bambino94500 (420)
Seat 3: _SKR (480)
*** ANTE/BLINDS ***
_SKR posts small blind 20
Bambino94500 posts big blind 40
Dealt to _SKR [8d 3d]
*** PRE-FLOP *** 
_SKR folds
Bambino94500 collected 60 from pot
*** SUMMARY ***
Total pot 60 | No rake
Seat 1: Bambino94500 (big blind) won 60


Winamax Poker - Tournament "Expresso Nitro" buyIn: 0.93€ + 0.07€ level: 3 - HandId: #2718632736939048961-12-1676292788 - Holdem no limit (20/40) - 2023/02/13 12:53:08 UTC
Table: 'Expresso Nitro(632981010)#0' 3-max (real money) Seat #1 is the button
Seat 1: Bambino94500 (440)
Seat 3: _SKR (460)
*** ANTE/BLINDS ***
Bambino94500 posts small blind 20
_SKR posts big blind 40
Dealt to _SKR [4d Ah]
*** PRE-FLOP *** 
Bambino94500 calls 20
_SKR raises 420 to 460 and is all-in
Bambino94500 calls 400 and is all-in
*** FLOP *** [Kh 6c 8h]
*** TURN *** [Kh 6c 8h][7h]
*** RIVER *** [Kh 6c 8h 7h][2s]
*** SHOW DOWN ***
Bambino94500 shows [6d Td] (One pair : 6)
_SKR shows [4d Ah] (High card : Ace)
_SKR collected 20 from side pot 1
Bambino94500 collected 880 from main pot
*** SUMMARY ***
Total pot 900 | No rake
Board: [Kh 6c 8h 7h 2s]
Seat 1: Bambino94500 (small blind) (button) showed [6d Td] and won 880 with One pair : 6
Seat 3: _SKR (big blind) showed [4d Ah] and won 20 with High card : Ace


Winamax Poker - Tournament "Expresso Nitro" buyIn: 0.93€ + 0.07€ level: 4 - HandId: #2718632736939048961-13-1676292810 - Holdem no limit (30/60) - 2023/02/13 12:53:30 UTC
Table: 'Expresso Nitro(632981010)#0' 3-max (real money) Seat #3 is the button
Seat 1: Bambino94500 (880)
Seat 3: _SKR (20)
*** ANTE/BLINDS ***
_SKR posts small blind 20 and is all-in
Bambino94500 posts big blind 60
Dealt to _SKR [Ad 8s]
*** PRE-FLOP *** 
*** FLOP *** [8d 7c 4h]
*** TURN *** [8d 7c 4h][4d]
*** RIVER *** [8d 7c 4h 4d][8c]
*** SHOW DOWN ***
Bambino94500 shows [Kc 6d] (Two pairs : 8 and 4)
_SKR shows [Ad 8s] (Full of 8 and 4)
_SKR collected 40 from main pot
Bambino94500 collected 40 from side pot 1
*** SUMMARY ***
Total pot 80 | No rake
Board: [8d 7c 4h 4d 8c]
Seat 1: Bambino94500 (big blind) showed [Kc 6d] and won 40 with Two pairs : 8 and 4
Seat 3: _SKR (small blind) (button) showed [Ad 8s] and won 40 with Full of 8 and 4


Winamax Poker - Tournament "Expresso Nitro" buyIn: 0.93€ + 0.07€ level: 4 - HandId: #2718632736939048961-14-1676292818 - Holdem no limit (30/60) - 2023/02/13 12:53:38 UTC
Table: 'Expresso Nitro(632981010)#0' 3-max (real money) Seat #1 is the button
Seat 1: Bambino94500 (860)
Seat 3: _SKR (40)
*** ANTE/BLINDS ***
Bambino94500 posts small blind 30
_SKR posts big blind 40 and is all-in
Dealt to _SKR [Jd 5s]
*** PRE-FLOP *** 
Bambino94500 calls 30
*** FLOP *** [7h 6d 2h]
*** TURN *** [7h 6d 2h][Ad]
*** RIVER *** [7h 6d 2h Ad][Qd]
*** SHOW DOWN ***
_SKR shows [Jd 5s] (High card : Ace)
Bambino94500 shows [9d 7c] (One pair : 7)
Bambino94500 collected 100 from pot
*** SUMMARY ***
Total pot 100 | No rake
Board: [7h 6d 2h Ad Qd]
Seat 1: Bambino94500 (small blind) (button) showed [9d 7c] and won 100 with One pair : 7
Seat 3: _SKR (big blind) showed [Jd 5s] and lost with High card : Ace


