Winamax Poker - Tournament "Expresso Nitro" buyIn: 0.93€ + 0.07€ level: 1 - HandId: #2717235072976551937-1-1676213470 - Holdem no limit (10/20) - 2023/02/12 14:51:10 UTC
Table: 'Expresso Nitro(632655591)#0' 3-max (real money) Seat #1 is the button
Seat 1: TUTILT72 (300)
Seat 2: Scorp1o (300)
Seat 3: _SKR (300)
*** ANTE/BLINDS ***
Scorp1o posts small blind 10
_SKR posts big blind 20
Dealt to _SKR [5c Ac]
*** PRE-FLOP *** 
TUTILT72 folds
Scorp1o calls 10
_SKR raises 280 to 300 and is all-in
Scorp1o folds
_SKR collected 320 from pot
*** SUMMARY ***
Total pot 320 | No rake
Seat 3: _SKR (big blind) won 320


Winamax Poker - Tournament "Expresso Nitro" buyIn: 0.93€ + 0.07€ level: 1 - HandId: #2717235072976551937-2-1676213485 - Holdem no limit (10/20) - 2023/02/12 14:51:25 UTC
Table: 'Expresso Nitro(632655591)#0' 3-max (real money) Seat #2 is the button
Seat 1: TUTILT72 (300)
Seat 2: Scorp1o (280)
Seat 3: _SKR (320)
*** ANTE/BLINDS ***
_SKR posts small blind 10
TUTILT72 posts big blind 20
Dealt to _SKR [6c 7d]
*** PRE-FLOP *** 
Scorp1o folds
_SKR folds
TUTILT72 collected 30 from pot
*** SUMMARY ***
Total pot 30 | No rake
Seat 1: TUTILT72 (big blind) won 30


Winamax Poker - Tournament "Expresso Nitro" buyIn: 0.93€ + 0.07€ level: 1 - HandId: #2717235072976551937-3-1676213494 - Holdem no limit (10/20) - 2023/02/12 14:51:34 UTC
Table: 'Expresso Nitro(632655591)#0' 3-max (real money) Seat #3 is the button
Seat 1: TUTILT72 (310)
Seat 2: Scorp1o (280)
Seat 3: _SKR (310)
*** ANTE/BLINDS ***
TUTILT72 posts small blind 10
Scorp1o posts big blind 20
Dealt to _SKR [2d Td]
*** PRE-FLOP *** 
_SKR folds
TUTILT72 raises 290 to 310 and is all-in
Scorp1o calls 260 and is all-in
*** FLOP *** [6s Ts 8h]
*** TURN *** [6s Ts 8h][8d]
*** RIVER *** [6s Ts 8h 8d][Jh]
*** SHOW DOWN ***
TUTILT72 shows [4d As] (One pair : 8)
Scorp1o shows [2s Ac] (One pair : 8)
Scorp1o collected 280 from main pot
TUTILT72 collected 310 from side pot 1
*** SUMMARY ***
Total pot 590 | No rake
Board: [6s Ts 8h 8d Jh]
Seat 1: TUTILT72 (small blind) showed [4d As] and won 310 with One pair : 8
Seat 2: Scorp1o (big blind) showed [2s Ac] and won 280 with One pair : 8


Winamax Poker - Tournament "Expresso Nitro" buyIn: 0.93€ + 0.07€ level: 1 - HandId: #2717235072976551937-4-1676213511 - Holdem no limit (10/20) - 2023/02/12 14:51:51 UTC
Table: 'Expresso Nitro(632655591)#0' 3-max (real money) Seat #1 is the button
Seat 1: TUTILT72 (310)
Seat 2: Scorp1o (280)
Seat 3: _SKR (310)
*** ANTE/BLINDS ***
Scorp1o posts small blind 10
_SKR posts big blind 20
Dealt to _SKR [6d Ah]
*** PRE-FLOP *** 
TUTILT72 folds
Scorp1o calls 10
_SKR raises 290 to 310 and is all-in
Scorp1o folds
_SKR collected 330 from pot
*** SUMMARY ***
Total pot 330 | No rake
Seat 3: _SKR (big blind) won 330


Winamax Poker - Tournament "Expresso Nitro" buyIn: 0.93€ + 0.07€ level: 2 - HandId: #2717235072976551937-5-1676213527 - Holdem no limit (15/30) - 2023/02/12 14:52:07 UTC
Table: 'Expresso Nitro(632655591)#0' 3-max (real money) Seat #2 is the button
Seat 1: TUTILT72 (310)
Seat 2: Scorp1o (260)
Seat 3: _SKR (330)
*** ANTE/BLINDS ***
_SKR posts small blind 15
TUTILT72 posts big blind 30
Dealt to _SKR [4c Jd]
*** PRE-FLOP *** 
Scorp1o folds
_SKR folds
TUTILT72 collected 45 from pot
*** SUMMARY ***
Total pot 45 | No rake
Seat 1: TUTILT72 (big blind) won 45


Winamax Poker - Tournament "Expresso Nitro" buyIn: 0.93€ + 0.07€ level: 2 - HandId: #2717235072976551937-6-1676213533 - Holdem no limit (15/30) - 2023/02/12 14:52:13 UTC
Table: 'Expresso Nitro(632655591)#0' 3-max (real money) Seat #3 is the button
Seat 1: TUTILT72 (325)
Seat 2: Scorp1o (260)
Seat 3: _SKR (315)
*** ANTE/BLINDS ***
TUTILT72 posts small blind 15
Scorp1o posts big blind 30
Dealt to _SKR [3s 7s]
*** PRE-FLOP *** 
_SKR folds
TUTILT72 folds
Scorp1o collected 45 from pot
*** SUMMARY ***
Total pot 45 | No rake
Seat 2: Scorp1o (big blind) won 45


Winamax Poker - Tournament "Expresso Nitro" buyIn: 0.93€ + 0.07€ level: 2 - HandId: #2717235072976551937-7-1676213541 - Holdem no limit (15/30) - 2023/02/12 14:52:21 UTC
Table: 'Expresso Nitro(632655591)#0' 3-max (real money) Seat #1 is the button
Seat 1: TUTILT72 (310)
Seat 2: Scorp1o (275)
Seat 3: _SKR (315)
*** ANTE/BLINDS ***
Scorp1o posts small blind 15
_SKR posts big blind 30
Dealt to _SKR [8s 6d]
*** PRE-FLOP *** 
TUTILT72 folds
Scorp1o calls 15
_SKR checks
*** FLOP *** [8d 9s 4s]
Scorp1o checks
_SKR checks
*** TURN *** [8d 9s 4s][Kh]
Scorp1o checks
_SKR checks
*** RIVER *** [8d 9s 4s Kh][6h]
Scorp1o checks
_SKR checks
*** SHOW DOWN ***
Scorp1o shows [3c Jc] (High card : King)
_SKR shows [8s 6d] (Two pairs : 8 and 6)
_SKR collected 60 from pot
*** SUMMARY ***
Total pot 60 | No rake
Board: [8d 9s 4s Kh 6h]
Seat 2: Scorp1o (small blind) showed [3c Jc] and lost with High card : King
Seat 3: _SKR (big blind) showed [8s 6d] and won 60 with Two pairs : 8 and 6


Winamax Poker - Tournament "Expresso Nitro" buyIn: 0.93€ + 0.07€ level: 2 - HandId: #2717235072976551937-8-1676213576 - Holdem no limit (15/30) - 2023/02/12 14:52:56 UTC
Table: 'Expresso Nitro(632655591)#0' 3-max (real money) Seat #2 is the button
Seat 1: TUTILT72 (310)
Seat 2: Scorp1o (245)
Seat 3: _SKR (345)
*** ANTE/BLINDS ***
_SKR posts small blind 15
TUTILT72 posts big blind 30
Dealt to _SKR [3s 3c]
*** PRE-FLOP *** 
Scorp1o folds
_SKR raises 315 to 345 and is all-in
TUTILT72 folds
_SKR collected 375 from pot
*** SUMMARY ***
Total pot 375 | No rake
Seat 3: _SKR (small blind) won 375


Winamax Poker - Tournament "Expresso Nitro" buyIn: 0.93€ + 0.07€ level: 3 - HandId: #2717235072976551937-9-1676213586 - Holdem no limit (20/40) - 2023/02/12 14:53:06 UTC
Table: 'Expresso Nitro(632655591)#0' 3-max (real money) Seat #3 is the button
Seat 1: TUTILT72 (280)
Seat 2: Scorp1o (245)
Seat 3: _SKR (375)
*** ANTE/BLINDS ***
TUTILT72 posts small blind 20
Scorp1o posts big blind 40
Dealt to _SKR [4d Jh]
*** PRE-FLOP *** 
_SKR folds
TUTILT72 raises 240 to 280 and is all-in
Scorp1o folds
TUTILT72 collected 320 from pot
*** SUMMARY ***
Total pot 320 | No rake
Seat 1: TUTILT72 (small blind) won 320


Winamax Poker - Tournament "Expresso Nitro" buyIn: 0.93€ + 0.07€ level: 3 - HandId: #2717235072976551937-10-1676213600 - Holdem no limit (20/40) - 2023/02/12 14:53:20 UTC
Table: 'Expresso Nitro(632655591)#0' 3-max (real money) Seat #1 is the button
Seat 1: TUTILT72 (320)
Seat 2: Scorp1o (205)
Seat 3: _SKR (375)
*** ANTE/BLINDS ***
Scorp1o posts small blind 20
_SKR posts big blind 40
Dealt to _SKR [Th 2c]
*** PRE-FLOP *** 
TUTILT72 folds
Scorp1o folds
_SKR collected 60 from pot
*** SUMMARY ***
Total pot 60 | No rake
Seat 3: _SKR (big blind) won 60


Winamax Poker - Tournament "Expresso Nitro" buyIn: 0.93€ + 0.07€ level: 3 - HandId: #2717235072976551937-11-1676213607 - Holdem no limit (20/40) - 2023/02/12 14:53:27 UTC
Table: 'Expresso Nitro(632655591)#0' 3-max (real money) Seat #2 is the button
Seat 1: TUTILT72 (320)
Seat 2: Scorp1o (185)
Seat 3: _SKR (395)
*** ANTE/BLINDS ***
_SKR posts small blind 20
TUTILT72 posts big blind 40
Dealt to _SKR [3h 8h]
*** PRE-FLOP *** 
Scorp1o raises 145 to 185 and is all-in
_SKR folds
TUTILT72 folds
Scorp1o collected 245 from pot
*** SUMMARY ***
Total pot 245 | No rake
Seat 2: Scorp1o (button) won 245


Winamax Poker - Tournament "Expresso Nitro" buyIn: 0.93€ + 0.07€ level: 3 - HandId: #2717235072976551937-12-1676213622 - Holdem no limit (20/40) - 2023/02/12 14:53:42 UTC
Table: 'Expresso Nitro(632655591)#0' 3-max (real money) Seat #3 is the button
Seat 1: TUTILT72 (280)
Seat 2: Scorp1o (245)
Seat 3: _SKR (375)
*** ANTE/BLINDS ***
TUTILT72 posts small blind 20
Scorp1o posts big blind 40
Dealt to _SKR [6h 6d]
*** PRE-FLOP *** 
_SKR raises 335 to 375 and is all-in
TUTILT72 folds
Scorp1o calls 205 and is all-in
*** FLOP *** [4c 6s Jc]
*** TURN *** [4c 6s Jc][Ad]
*** RIVER *** [4c 6s Jc Ad][5d]
*** SHOW DOWN ***
Scorp1o shows [9c Qc] (High card : Ace)
_SKR shows [6h 6d] (Trips of 6)
_SKR collected 640 from pot
*** SUMMARY ***
Total pot 640 | No rake
Board: [4c 6s Jc Ad 5d]
Seat 2: Scorp1o (big blind) showed [9c Qc] and lost with High card : Ace
Seat 3: _SKR (button) showed [6h 6d] and won 640 with Trips of 6


Winamax Poker - Tournament "Expresso Nitro" buyIn: 0.93€ + 0.07€ level: 4 - HandId: #2717235072976551937-13-1676213646 - Holdem no limit (30/60) - 2023/02/12 14:54:06 UTC
Table: 'Expresso Nitro(632655591)#0' 3-max (real money) Seat #3 is the button
Seat 1: TUTILT72 (260)
Seat 3: _SKR (640)
*** ANTE/BLINDS ***
_SKR posts small blind 30
TUTILT72 posts big blind 60
Dealt to _SKR [Js Tc]
*** PRE-FLOP *** 
_SKR raises 580 to 640 and is all-in
TUTILT72 calls 200 and is all-in
*** FLOP *** [9c 3h 7d]
*** TURN *** [9c 3h 7d][Ad]
*** RIVER *** [9c 3h 7d Ad][Qh]
*** SHOW DOWN ***
TUTILT72 shows [Th 8c] (High card : Ace)
_SKR shows [Js Tc] (High card : Ace)
_SKR collected 900 from pot
*** SUMMARY ***
Total pot 900 | No rake
Board: [9c 3h 7d Ad Qh]
Seat 1: TUTILT72 (big blind) showed [Th 8c] and lost with High card : Ace
Seat 3: _SKR (small blind) (button) showed [Js Tc] and won 900 with High card : Ace


