Winamax Poker - Tournament "Expresso Nitro" buyIn: 1.86€ + 0.14€ level: 1 - HandId: #2697288377270534145-1-1675116437 - Holdem no limit (10/20) - 2023/01/30 22:07:17 UTC
Table: 'Expresso Nitro(628011389)#0' 3-max (real money) Seat #3 is the button
Seat 1: _SKR (300)
Seat 2: pascalpc2 (300)
Seat 3: ultacagoule8 (300)
*** ANTE/BLINDS ***
_SKR posts small blind 10
pascalpc2 posts big blind 20
Dealt to _SKR [7c 5c]
*** PRE-FLOP *** 
ultacagoule8 folds
_SKR folds
pascalpc2 collected 30 from pot
*** SUMMARY ***
Total pot 30 | No rake
Seat 2: pascalpc2 (big blind) won 30


Winamax Poker - Tournament "Expresso Nitro" buyIn: 1.86€ + 0.14€ level: 1 - HandId: #2697288377270534145-2-1675116445 - Holdem no limit (10/20) - 2023/01/30 22:07:25 UTC
Table: 'Expresso Nitro(628011389)#0' 3-max (real money) Seat #1 is the button
Seat 1: _SKR (290)
Seat 2: pascalpc2 (310)
Seat 3: ultacagoule8 (300)
*** ANTE/BLINDS ***
pascalpc2 posts small blind 10
ultacagoule8 posts big blind 20
Dealt to _SKR [Js 9c]
*** PRE-FLOP *** 
_SKR folds
pascalpc2 folds
ultacagoule8 collected 30 from pot
*** SUMMARY ***
Total pot 30 | No rake
Seat 3: ultacagoule8 (big blind) won 30


Winamax Poker - Tournament "Expresso Nitro" buyIn: 1.86€ + 0.14€ level: 1 - HandId: #2697288377270534145-3-1675116452 - Holdem no limit (10/20) - 2023/01/30 22:07:32 UTC
Table: 'Expresso Nitro(628011389)#0' 3-max (real money) Seat #2 is the button
Seat 1: _SKR (290)
Seat 2: pascalpc2 (300)
Seat 3: ultacagoule8 (310)
*** ANTE/BLINDS ***
ultacagoule8 posts small blind 10
_SKR posts big blind 20
Dealt to _SKR [6h 2h]
*** PRE-FLOP *** 
pascalpc2 calls 20
ultacagoule8 raises 30 to 50
_SKR folds
pascalpc2 calls 30
*** FLOP *** [9s 3s 8h]
ultacagoule8 checks
pascalpc2 bets 250 and is all-in
ultacagoule8 folds
pascalpc2 collected 370 from pot
*** SUMMARY ***
Total pot 370 | No rake
Board: [9s 3s 8h]
Seat 2: pascalpc2 (button) won 370


Winamax Poker - Tournament "Expresso Nitro" buyIn: 1.86€ + 0.14€ level: 1 - HandId: #2697288377270534145-4-1675116469 - Holdem no limit (10/20) - 2023/01/30 22:07:49 UTC
Table: 'Expresso Nitro(628011389)#0' 3-max (real money) Seat #3 is the button
Seat 1: _SKR (270)
Seat 2: pascalpc2 (370)
Seat 3: ultacagoule8 (260)
*** ANTE/BLINDS ***
_SKR posts small blind 10
pascalpc2 posts big blind 20
Dealt to _SKR [8h 9s]
*** PRE-FLOP *** 
ultacagoule8 folds
_SKR folds
pascalpc2 collected 30 from pot
*** SUMMARY ***
Total pot 30 | No rake
Seat 2: pascalpc2 (big blind) won 30


Winamax Poker - Tournament "Expresso Nitro" buyIn: 1.86€ + 0.14€ level: 1 - HandId: #2697288377270534145-5-1675116476 - Holdem no limit (10/20) - 2023/01/30 22:07:56 UTC
Table: 'Expresso Nitro(628011389)#0' 3-max (real money) Seat #1 is the button
Seat 1: _SKR (260)
Seat 2: pascalpc2 (380)
Seat 3: ultacagoule8 (260)
*** ANTE/BLINDS ***
pascalpc2 posts small blind 10
ultacagoule8 posts big blind 20
Dealt to _SKR [Qh 3s]
*** PRE-FLOP *** 
_SKR folds
pascalpc2 calls 10
ultacagoule8 checks
*** FLOP *** [6c Ad 5c]
pascalpc2 checks
ultacagoule8 bets 26
pascalpc2 folds
ultacagoule8 collected 66 from pot
*** SUMMARY ***
Total pot 66 | No rake
Board: [6c Ad 5c]
Seat 3: ultacagoule8 (big blind) won 66


Winamax Poker - Tournament "Expresso Nitro" buyIn: 1.86€ + 0.14€ level: 2 - HandId: #2697288377270534145-6-1675116493 - Holdem no limit (15/30) - 2023/01/30 22:08:13 UTC
Table: 'Expresso Nitro(628011389)#0' 3-max (real money) Seat #2 is the button
Seat 1: _SKR (260)
Seat 2: pascalpc2 (360)
Seat 3: ultacagoule8 (280)
*** ANTE/BLINDS ***
ultacagoule8 posts small blind 15
_SKR posts big blind 30
Dealt to _SKR [9h 7s]
*** PRE-FLOP *** 
pascalpc2 raises 30 to 60
ultacagoule8 folds
_SKR folds
pascalpc2 collected 105 from pot
*** SUMMARY ***
Total pot 105 | No rake
Seat 2: pascalpc2 (button) won 105


Winamax Poker - Tournament "Expresso Nitro" buyIn: 1.86€ + 0.14€ level: 2 - HandId: #2697288377270534145-7-1675116504 - Holdem no limit (15/30) - 2023/01/30 22:08:24 UTC
Table: 'Expresso Nitro(628011389)#0' 3-max (real money) Seat #3 is the button
Seat 1: _SKR (230)
Seat 2: pascalpc2 (405)
Seat 3: ultacagoule8 (265)
*** ANTE/BLINDS ***
_SKR posts small blind 15
pascalpc2 posts big blind 30
Dealt to _SKR [8s Qh]
*** PRE-FLOP *** 
ultacagoule8 calls 30
_SKR raises 200 to 230 and is all-in
pascalpc2 raises 175 to 405 and is all-in
ultacagoule8 folds
*** FLOP *** [2h 3h 4h]
*** TURN *** [2h 3h 4h][Qc]
*** RIVER *** [2h 3h 4h Qc][5d]
*** SHOW DOWN ***
_SKR shows [8s Qh] (One pair : Queens)
pascalpc2 shows [Qd Qs] (Trips of Queens)
pascalpc2 collected 665 from pot
*** SUMMARY ***
Total pot 665 | No rake
Board: [2h 3h 4h Qc 5d]
Seat 1: _SKR (small blind) showed [8s Qh] and lost with One pair : Queens
Seat 2: pascalpc2 (big blind) showed [Qd Qs] and won 665 with Trips of Queens


