Winamax Poker - Tournament "Expresso Nitro" buyIn: 1.86€ + 0.14€ level: 1 - HandId: #2696528022030254081-1-1675085237 - Holdem no limit (10/20) - 2023/01/30 13:27:17 UTC
Table: 'Expresso Nitro(627834355)#0' 3-max (real money) Seat #3 is the button
Seat 1: lovenanou (300)
Seat 2: _SKR (300)
Seat 3: Jsilva (300)
*** ANTE/BLINDS ***
lovenanou posts small blind 10
_SKR posts big blind 20
Dealt to _SKR [As 4c]
*** PRE-FLOP *** 
Jsilva raises 50 to 70
lovenanou folds
_SKR folds
Jsilva collected 100 from pot
*** SUMMARY ***
Total pot 100 | No rake
Seat 3: Jsilva (button) won 100


Winamax Poker - Tournament "Expresso Nitro" buyIn: 1.86€ + 0.14€ level: 1 - HandId: #2696528022030254081-2-1675085245 - Holdem no limit (10/20) - 2023/01/30 13:27:25 UTC
Table: 'Expresso Nitro(627834355)#0' 3-max (real money) Seat #1 is the button
Seat 1: lovenanou (290)
Seat 2: _SKR (280)
Seat 3: Jsilva (330)
*** ANTE/BLINDS ***
_SKR posts small blind 10
Jsilva posts big blind 20
Dealt to _SKR [4h 3s]
*** PRE-FLOP *** 
lovenanou raises 270 to 290 and is all-in
_SKR folds
Jsilva calls 270
*** FLOP *** [Jc 5s 4s]
*** TURN *** [Jc 5s 4s][Jh]
*** RIVER *** [Jc 5s 4s Jh][As]
*** SHOW DOWN ***
Jsilva shows [8h 6h] (One pair : Jacks)
lovenanou shows [Ac Qh] (Two pairs : Aces and Jacks)
lovenanou collected 590 from pot
*** SUMMARY ***
Total pot 590 | No rake
Board: [Jc 5s 4s Jh As]
Seat 1: lovenanou (button) showed [Ac Qh] and won 590 with Two pairs : Aces and Jacks
Seat 3: Jsilva (big blind) showed [8h 6h] and lost with One pair : Jacks


Winamax Poker - Tournament "Expresso Nitro" buyIn: 1.86€ + 0.14€ level: 1 - HandId: #2696528022030254081-3-1675085262 - Holdem no limit (10/20) - 2023/01/30 13:27:42 UTC
Table: 'Expresso Nitro(627834355)#0' 3-max (real money) Seat #2 is the button
Seat 1: lovenanou (590)
Seat 2: _SKR (270)
Seat 3: Jsilva (40)
*** ANTE/BLINDS ***
Jsilva posts small blind 10
lovenanou posts big blind 20
Dealt to _SKR [2h Qh]
*** PRE-FLOP *** 
_SKR folds
Jsilva raises 20 to 40 and is all-in
lovenanou raises 80 to 120
*** FLOP *** [8d 2d 2c]
*** TURN *** [8d 2d 2c][3h]
*** RIVER *** [8d 2d 2c 3h][6s]
*** SHOW DOWN ***
lovenanou shows [Ac Kd] (One pair : 2)
Jsilva shows [3d Ts] (Two pairs : 3 and 2)
Jsilva collected 80 from main pot
lovenanou collected 80 from side pot 1
*** SUMMARY ***
Total pot 160 | No rake
Board: [8d 2d 2c 3h 6s]
Seat 1: lovenanou (big blind) showed [Ac Kd] and won 80 with One pair : 2
Seat 3: Jsilva (small blind) showed [3d Ts] and won 80 with Two pairs : 3 and 2


Winamax Poker - Tournament "Expresso Nitro" buyIn: 1.86€ + 0.14€ level: 1 - HandId: #2696528022030254081-4-1675085276 - Holdem no limit (10/20) - 2023/01/30 13:27:56 UTC
Table: 'Expresso Nitro(627834355)#0' 3-max (real money) Seat #3 is the button
Seat 1: lovenanou (550)
Seat 2: _SKR (270)
Seat 3: Jsilva (80)
*** ANTE/BLINDS ***
lovenanou posts small blind 10
_SKR posts big blind 20
Dealt to _SKR [2c 8d]
*** PRE-FLOP *** 
Jsilva raises 60 to 80 and is all-in
lovenanou folds
_SKR folds
Jsilva collected 110 from pot
*** SUMMARY ***
Total pot 110 | No rake
Seat 3: Jsilva (button) won 110


Winamax Poker - Tournament "Expresso Nitro" buyIn: 1.86€ + 0.14€ level: 1 - HandId: #2696528022030254081-5-1675085283 - Holdem no limit (10/20) - 2023/01/30 13:28:03 UTC
Table: 'Expresso Nitro(627834355)#0' 3-max (real money) Seat #1 is the button
Seat 1: lovenanou (540)
Seat 2: _SKR (250)
Seat 3: Jsilva (110)
*** ANTE/BLINDS ***
_SKR posts small blind 10
Jsilva posts big blind 20
Dealt to _SKR [4h 6s]
*** PRE-FLOP *** 
lovenanou calls 20
_SKR folds
Jsilva raises 90 to 110 and is all-in
lovenanou folds
Jsilva collected 140 from pot
*** SUMMARY ***
Total pot 140 | No rake
Seat 3: Jsilva (big blind) won 140


Winamax Poker - Tournament "Expresso Nitro" buyIn: 1.86€ + 0.14€ level: 2 - HandId: #2696528022030254081-6-1675085295 - Holdem no limit (15/30) - 2023/01/30 13:28:15 UTC
Table: 'Expresso Nitro(627834355)#0' 3-max (real money) Seat #2 is the button
Seat 1: lovenanou (520)
Seat 2: _SKR (240)
Seat 3: Jsilva (140)
*** ANTE/BLINDS ***
Jsilva posts small blind 15
lovenanou posts big blind 30
Dealt to _SKR [Jc 9h]
*** PRE-FLOP *** 
_SKR folds
Jsilva raises 60 to 90
lovenanou raises 430 to 520 and is all-in
Jsilva calls 50 and is all-in
*** FLOP *** [Td 9d Qh]
*** TURN *** [Td 9d Qh][7h]
*** RIVER *** [Td 9d Qh 7h][Kh]
*** SHOW DOWN ***
Jsilva shows [4s Qs] (One pair : Queens)
lovenanou shows [Js Ah] (Straight Ace high)
lovenanou collected 660 from pot
*** SUMMARY ***
Total pot 660 | No rake
Board: [Td 9d Qh 7h Kh]
Seat 1: lovenanou (big blind) showed [Js Ah] and won 660 with Straight Ace high
Seat 3: Jsilva (small blind) showed [4s Qs] and lost with One pair : Queens


Winamax Poker - Tournament "Expresso Nitro" buyIn: 1.86€ + 0.14€ level: 2 - HandId: #2696528022030254081-7-1675085312 - Holdem no limit (15/30) - 2023/01/30 13:28:32 UTC
Table: 'Expresso Nitro(627834355)#0' 3-max (real money) Seat #1 is the button
Seat 1: lovenanou (660)
Seat 2: _SKR (240)
*** ANTE/BLINDS ***
lovenanou posts small blind 15
_SKR posts big blind 30
Dealt to _SKR [Jd 6d]
*** PRE-FLOP *** 
lovenanou calls 15
_SKR checks
*** FLOP *** [9d 2h Jc]
_SKR checks
lovenanou checks
*** TURN *** [9d 2h Jc][4c]
_SKR bets 39
lovenanou folds
_SKR collected 99 from pot
*** SUMMARY ***
Total pot 99 | No rake
Board: [9d 2h Jc 4c]
Seat 2: _SKR (big blind) won 99


Winamax Poker - Tournament "Expresso Nitro" buyIn: 1.86€ + 0.14€ level: 2 - HandId: #2696528022030254081-8-1675085331 - Holdem no limit (15/30) - 2023/01/30 13:28:51 UTC
Table: 'Expresso Nitro(627834355)#0' 3-max (real money) Seat #2 is the button
Seat 1: lovenanou (630)
Seat 2: _SKR (270)
*** ANTE/BLINDS ***
_SKR posts small blind 15
lovenanou posts big blind 30
Dealt to _SKR [6h As]
*** PRE-FLOP *** 
_SKR raises 240 to 270 and is all-in
lovenanou calls 240
*** FLOP *** [9c 4h 5c]
*** TURN *** [9c 4h 5c][3d]
*** RIVER *** [9c 4h 5c 3d][7h]
*** SHOW DOWN ***
lovenanou shows [Ad 2c] (Straight 5 high)
_SKR shows [6h As] (Straight 7 high)
_SKR collected 540 from pot
*** SUMMARY ***
Total pot 540 | No rake
Board: [9c 4h 5c 3d 7h]
Seat 1: lovenanou (big blind) showed [Ad 2c] and lost with Straight 5 high
Seat 2: _SKR (small blind) (button) showed [6h As] and won 540 with Straight 7 high


Winamax Poker - Tournament "Expresso Nitro" buyIn: 1.86€ + 0.14€ level: 2 - HandId: #2696528022030254081-9-1675085343 - Holdem no limit (15/30) - 2023/01/30 13:29:03 UTC
Table: 'Expresso Nitro(627834355)#0' 3-max (real money) Seat #1 is the button
Seat 1: lovenanou (360)
Seat 2: _SKR (540)
*** ANTE/BLINDS ***
lovenanou posts small blind 15
_SKR posts big blind 30
Dealt to _SKR [Qs Ac]
*** PRE-FLOP *** 
lovenanou folds
_SKR collected 45 from pot
*** SUMMARY ***
Total pot 45 | No rake
Seat 2: _SKR (big blind) won 45


Winamax Poker - Tournament "Expresso Nitro" buyIn: 1.86€ + 0.14€ level: 2 - HandId: #2696528022030254081-10-1675085346 - Holdem no limit (15/30) - 2023/01/30 13:29:06 UTC
Table: 'Expresso Nitro(627834355)#0' 3-max (real money) Seat #2 is the button
Seat 1: lovenanou (345)
Seat 2: _SKR (555)
*** ANTE/BLINDS ***
_SKR posts small blind 15
lovenanou posts big blind 30
Dealt to _SKR [Tc 2c]
*** PRE-FLOP *** 
_SKR folds
lovenanou collected 45 from pot
*** SUMMARY ***
Total pot 45 | No rake
Seat 1: lovenanou (big blind) won 45


Winamax Poker - Tournament "Expresso Nitro" buyIn: 1.86€ + 0.14€ level: 2 - HandId: #2696528022030254081-11-1675085349 - Holdem no limit (15/30) - 2023/01/30 13:29:09 UTC
Table: 'Expresso Nitro(627834355)#0' 3-max (real money) Seat #1 is the button
Seat 1: lovenanou (360)
Seat 2: _SKR (540)
*** ANTE/BLINDS ***
lovenanou posts small blind 15
_SKR posts big blind 30
Dealt to _SKR [4h 2s]
*** PRE-FLOP *** 
lovenanou raises 330 to 360 and is all-in
_SKR folds
lovenanou collected 390 from pot
*** SUMMARY ***
Total pot 390 | No rake
Seat 1: lovenanou (small blind) (button) won 390


Winamax Poker - Tournament "Expresso Nitro" buyIn: 1.86€ + 0.14€ level: 3 - HandId: #2696528022030254081-12-1675085366 - Holdem no limit (20/40) - 2023/01/30 13:29:26 UTC
Table: 'Expresso Nitro(627834355)#0' 3-max (real money) Seat #2 is the button
Seat 1: lovenanou (390)
Seat 2: _SKR (510)
*** ANTE/BLINDS ***
_SKR posts small blind 20
lovenanou posts big blind 40
Dealt to _SKR [Td Ts]
*** PRE-FLOP *** 
_SKR raises 470 to 510 and is all-in
lovenanou folds
_SKR collected 550 from pot
*** SUMMARY ***
Total pot 550 | No rake
Seat 2: _SKR (small blind) (button) won 550


Winamax Poker - Tournament "Expresso Nitro" buyIn: 1.86€ + 0.14€ level: 3 - HandId: #2696528022030254081-13-1675085371 - Holdem no limit (20/40) - 2023/01/30 13:29:31 UTC
Table: 'Expresso Nitro(627834355)#0' 3-max (real money) Seat #1 is the button
Seat 1: lovenanou (350)
Seat 2: _SKR (550)
*** ANTE/BLINDS ***
lovenanou posts small blind 20
_SKR posts big blind 40
Dealt to _SKR [4d Jd]
*** PRE-FLOP *** 
lovenanou raises 310 to 350 and is all-in
_SKR folds
lovenanou collected 390 from pot
*** SUMMARY ***
Total pot 390 | No rake
Seat 1: lovenanou (small blind) (button) won 390


Winamax Poker - Tournament "Expresso Nitro" buyIn: 1.86€ + 0.14€ level: 3 - HandId: #2696528022030254081-14-1675085375 - Holdem no limit (20/40) - 2023/01/30 13:29:35 UTC
Table: 'Expresso Nitro(627834355)#0' 3-max (real money) Seat #2 is the button
Seat 1: lovenanou (390)
Seat 2: _SKR (510)
*** ANTE/BLINDS ***
_SKR posts small blind 20
lovenanou posts big blind 40
Dealt to _SKR [Kc 9c]
*** PRE-FLOP *** 
_SKR raises 470 to 510 and is all-in
lovenanou calls 350 and is all-in
*** FLOP *** [Ts 8h 5h]
*** TURN *** [Ts 8h 5h][Kh]
*** RIVER *** [Ts 8h 5h Kh][Qh]
*** SHOW DOWN ***
lovenanou shows [Ad Kd] (One pair : Kings)
_SKR shows [Kc 9c] (One pair : Kings)
_SKR collected 120 from side pot 1
lovenanou collected 780 from main pot
*** SUMMARY ***
Total pot 900 | No rake
Board: [Ts 8h 5h Kh Qh]
Seat 1: lovenanou (big blind) showed [Ad Kd] and won 780 with One pair : Kings
Seat 2: _SKR (small blind) (button) showed [Kc 9c] and won 120 with One pair : Kings


Winamax Poker - Tournament "Expresso Nitro" buyIn: 1.86€ + 0.14€ level: 3 - HandId: #2696528022030254081-15-1675085387 - Holdem no limit (20/40) - 2023/01/30 13:29:47 UTC
Table: 'Expresso Nitro(627834355)#0' 3-max (real money) Seat #1 is the button
Seat 1: lovenanou (780)
Seat 2: _SKR (120)
*** ANTE/BLINDS ***
lovenanou posts small blind 20
_SKR posts big blind 40
Dealt to _SKR [6d 3s]
*** PRE-FLOP *** 
lovenanou raises 80 to 120
_SKR calls 80 and is all-in
*** FLOP *** [Ks 9c Ac]
*** TURN *** [Ks 9c Ac][Ts]
*** RIVER *** [Ks 9c Ac Ts][2d]
*** SHOW DOWN ***
_SKR shows [6d 3s] (High card : Ace)
lovenanou shows [Kh 4h] (One pair : Kings)
lovenanou collected 240 from pot
*** SUMMARY ***
Total pot 240 | No rake
Board: [Ks 9c Ac Ts 2d]
Seat 1: lovenanou (small blind) (button) showed [Kh 4h] and won 240 with One pair : Kings
Seat 2: _SKR (big blind) showed [6d 3s] and lost with High card : Ace


