Winamax Poker - Tournament "Expresso Nitro" buyIn: 1.86€ + 0.14€ level: 1 - HandId: #2696511336082309121-1-1675084241 - Holdem no limit (10/20) - 2023/01/30 13:10:41 UTC
Table: 'Expresso Nitro(627830470)#0' 3-max (real money) Seat #2 is the button
Seat 1: 9HtiltAgain (300)
Seat 2: _SKR (300)
Seat 3: Touk71 (300)
*** ANTE/BLINDS ***
Touk71 posts small blind 10
9HtiltAgain posts big blind 20
Dealt to _SKR [Kh 3d]
*** PRE-FLOP *** 
_SKR folds
Touk71 calls 10
9HtiltAgain checks
*** FLOP *** [7h 3c 4d]
Touk71 checks
9HtiltAgain checks
*** TURN *** [7h 3c 4d][3h]
Touk71 checks
9HtiltAgain checks
*** RIVER *** [7h 3c 4d 3h][7s]
Touk71 checks
9HtiltAgain checks
*** SHOW DOWN ***
9HtiltAgain shows [Qh 8c] (Two pairs : 7 and 3)
Touk71 shows [Qc 8s] (Two pairs : 7 and 3)
Touk71 collected 20 from pot
9HtiltAgain collected 20 from pot
*** SUMMARY ***
Total pot 40 | No rake
Board: [7h 3c 4d 3h 7s]
Seat 1: 9HtiltAgain (big blind) showed [Qh 8c] and won 20 with Two pairs : 7 and 3
Seat 3: Touk71 (small blind) showed [Qc 8s] and won 20 with Two pairs : 7 and 3


Winamax Poker - Tournament "Expresso Nitro" buyIn: 1.86€ + 0.14€ level: 1 - HandId: #2696511336082309121-2-1675084280 - Holdem no limit (10/20) - 2023/01/30 13:11:20 UTC
Table: 'Expresso Nitro(627830470)#0' 3-max (real money) Seat #3 is the button
Seat 1: 9HtiltAgain (300)
Seat 2: _SKR (300)
Seat 3: Touk71 (300)
*** ANTE/BLINDS ***
9HtiltAgain posts small blind 10
_SKR posts big blind 20
Dealt to _SKR [5c 2c]
*** PRE-FLOP *** 
Touk71 raises 280 to 300 and is all-in
9HtiltAgain folds
_SKR folds
Touk71 collected 330 from pot
*** SUMMARY ***
Total pot 330 | No rake
Seat 3: Touk71 (button) won 330


Winamax Poker - Tournament "Expresso Nitro" buyIn: 1.86€ + 0.14€ level: 1 - HandId: #2696511336082309121-3-1675084288 - Holdem no limit (10/20) - 2023/01/30 13:11:28 UTC
Table: 'Expresso Nitro(627830470)#0' 3-max (real money) Seat #1 is the button
Seat 1: 9HtiltAgain (290)
Seat 2: _SKR (280)
Seat 3: Touk71 (330)
*** ANTE/BLINDS ***
_SKR posts small blind 10
Touk71 posts big blind 20
Dealt to _SKR [6h 5c]
*** PRE-FLOP *** 
9HtiltAgain folds
_SKR folds
Touk71 collected 30 from pot
*** SUMMARY ***
Total pot 30 | No rake
Seat 3: Touk71 (big blind) won 30


Winamax Poker - Tournament "Expresso Nitro" buyIn: 1.86€ + 0.14€ level: 1 - HandId: #2696511336082309121-4-1675084293 - Holdem no limit (10/20) - 2023/01/30 13:11:33 UTC
Table: 'Expresso Nitro(627830470)#0' 3-max (real money) Seat #2 is the button
Seat 1: 9HtiltAgain (290)
Seat 2: _SKR (270)
Seat 3: Touk71 (340)
*** ANTE/BLINDS ***
Touk71 posts small blind 10
9HtiltAgain posts big blind 20
Dealt to _SKR [Ks 5h]
*** PRE-FLOP *** 
_SKR folds
Touk71 calls 10
9HtiltAgain checks
*** FLOP *** [7h 7d 6d]
Touk71 checks
9HtiltAgain bets 20
Touk71 folds
9HtiltAgain collected 60 from pot
*** SUMMARY ***
Total pot 60 | No rake
Board: [7h 7d 6d]
Seat 1: 9HtiltAgain (big blind) won 60


Winamax Poker - Tournament "Expresso Nitro" buyIn: 1.86€ + 0.14€ level: 2 - HandId: #2696511336082309121-5-1675084308 - Holdem no limit (15/30) - 2023/01/30 13:11:48 UTC
Table: 'Expresso Nitro(627830470)#0' 3-max (real money) Seat #3 is the button
Seat 1: 9HtiltAgain (310)
Seat 2: _SKR (270)
Seat 3: Touk71 (320)
*** ANTE/BLINDS ***
9HtiltAgain posts small blind 15
_SKR posts big blind 30
Dealt to _SKR [6h Kd]
*** PRE-FLOP *** 
Touk71 calls 30
9HtiltAgain folds
_SKR checks
*** FLOP *** [Ac 9c 5d]
_SKR checks
Touk71 checks
*** TURN *** [Ac 9c 5d][Qh]
_SKR checks
Touk71 bets 75
_SKR folds
Touk71 collected 150 from pot
*** SUMMARY ***
Total pot 150 | No rake
Board: [Ac 9c 5d Qh]
Seat 3: Touk71 (button) won 150


Winamax Poker - Tournament "Expresso Nitro" buyIn: 1.86€ + 0.14€ level: 2 - HandId: #2696511336082309121-6-1675084338 - Holdem no limit (15/30) - 2023/01/30 13:12:18 UTC
Table: 'Expresso Nitro(627830470)#0' 3-max (real money) Seat #1 is the button
Seat 1: 9HtiltAgain (295)
Seat 2: _SKR (240)
Seat 3: Touk71 (365)
*** ANTE/BLINDS ***
_SKR posts small blind 15
Touk71 posts big blind 30
Dealt to _SKR [4s Jd]
*** PRE-FLOP *** 
9HtiltAgain folds
_SKR folds
Touk71 collected 45 from pot
*** SUMMARY ***
Total pot 45 | No rake
Seat 3: Touk71 (big blind) won 45


Winamax Poker - Tournament "Expresso Nitro" buyIn: 1.86€ + 0.14€ level: 2 - HandId: #2696511336082309121-7-1675084343 - Holdem no limit (15/30) - 2023/01/30 13:12:23 UTC
Table: 'Expresso Nitro(627830470)#0' 3-max (real money) Seat #2 is the button
Seat 1: 9HtiltAgain (295)
Seat 2: _SKR (225)
Seat 3: Touk71 (380)
*** ANTE/BLINDS ***
Touk71 posts small blind 15
9HtiltAgain posts big blind 30
Dealt to _SKR [8s 7s]
*** PRE-FLOP *** 
_SKR folds
Touk71 raises 350 to 380 and is all-in
9HtiltAgain folds
Touk71 collected 410 from pot
*** SUMMARY ***
Total pot 410 | No rake
Seat 3: Touk71 (small blind) won 410


Winamax Poker - Tournament "Expresso Nitro" buyIn: 1.86€ + 0.14€ level: 2 - HandId: #2696511336082309121-8-1675084350 - Holdem no limit (15/30) - 2023/01/30 13:12:30 UTC
Table: 'Expresso Nitro(627830470)#0' 3-max (real money) Seat #3 is the button
Seat 1: 9HtiltAgain (265)
Seat 2: _SKR (225)
Seat 3: Touk71 (410)
*** ANTE/BLINDS ***
9HtiltAgain posts small blind 15
_SKR posts big blind 30
Dealt to _SKR [Ah 4d]
*** PRE-FLOP *** 
Touk71 calls 30
9HtiltAgain folds
_SKR raises 195 to 225 and is all-in
Touk71 calls 195
*** FLOP *** [7c 7d 6d]
*** TURN *** [7c 7d 6d][Td]
*** RIVER *** [7c 7d 6d Td][5s]
*** SHOW DOWN ***
Touk71 shows [Qc 9h] (One pair : 7)
_SKR shows [Ah 4d] (One pair : 7)
_SKR collected 465 from pot
*** SUMMARY ***
Total pot 465 | No rake
Board: [7c 7d 6d Td 5s]
Seat 2: _SKR (big blind) showed [Ah 4d] and won 465 with One pair : 7
Seat 3: Touk71 (button) showed [Qc 9h] and lost with One pair : 7


Winamax Poker - Tournament "Expresso Nitro" buyIn: 1.86€ + 0.14€ level: 3 - HandId: #2696511336082309121-9-1675084374 - Holdem no limit (20/40) - 2023/01/30 13:12:54 UTC
Table: 'Expresso Nitro(627830470)#0' 3-max (real money) Seat #1 is the button
Seat 1: 9HtiltAgain (250)
Seat 2: _SKR (465)
Seat 3: Touk71 (185)
*** ANTE/BLINDS ***
_SKR posts small blind 20
Touk71 posts big blind 40
Dealt to _SKR [Ah Qd]
*** PRE-FLOP *** 
9HtiltAgain folds
_SKR raises 425 to 465 and is all-in
Touk71 calls 145 and is all-in
*** FLOP *** [Qs 8h 7c]
*** TURN *** [Qs 8h 7c][6h]
*** RIVER *** [Qs 8h 7c 6h][6s]
*** SHOW DOWN ***
Touk71 shows [Kd 2h] (One pair : 6)
_SKR shows [Ah Qd] (Two pairs : Queens and 6)
_SKR collected 650 from pot
*** SUMMARY ***
Total pot 650 | No rake
Board: [Qs 8h 7c 6h 6s]
Seat 2: _SKR (small blind) showed [Ah Qd] and won 650 with Two pairs : Queens and 6
Seat 3: Touk71 (big blind) showed [Kd 2h] and lost with One pair : 6


Winamax Poker - Tournament "Expresso Nitro" buyIn: 1.86€ + 0.14€ level: 3 - HandId: #2696511336082309121-10-1675084391 - Holdem no limit (20/40) - 2023/01/30 13:13:11 UTC
Table: 'Expresso Nitro(627830470)#0' 3-max (real money) Seat #1 is the button
Seat 1: 9HtiltAgain (250)
Seat 2: _SKR (650)
*** ANTE/BLINDS ***
9HtiltAgain posts small blind 20
_SKR posts big blind 40
Dealt to _SKR [5h 4d]
*** PRE-FLOP *** 
9HtiltAgain raises 180 to 220
_SKR folds
9HtiltAgain collected 260 from pot
*** SUMMARY ***
Total pot 260 | No rake
Seat 1: 9HtiltAgain (small blind) (button) won 260


Winamax Poker - Tournament "Expresso Nitro" buyIn: 1.86€ + 0.14€ level: 3 - HandId: #2696511336082309121-11-1675084401 - Holdem no limit (20/40) - 2023/01/30 13:13:21 UTC
Table: 'Expresso Nitro(627830470)#0' 3-max (real money) Seat #2 is the button
Seat 1: 9HtiltAgain (290)
Seat 2: _SKR (610)
*** ANTE/BLINDS ***
_SKR posts small blind 20
9HtiltAgain posts big blind 40
Dealt to _SKR [3d 5c]
*** PRE-FLOP *** 
_SKR folds
9HtiltAgain collected 60 from pot
*** SUMMARY ***
Total pot 60 | No rake
Seat 1: 9HtiltAgain (big blind) won 60


Winamax Poker - Tournament "Expresso Nitro" buyIn: 1.86€ + 0.14€ level: 3 - HandId: #2696511336082309121-12-1675084406 - Holdem no limit (20/40) - 2023/01/30 13:13:26 UTC
Table: 'Expresso Nitro(627830470)#0' 3-max (real money) Seat #1 is the button
Seat 1: 9HtiltAgain (310)
Seat 2: _SKR (590)
*** ANTE/BLINDS ***
9HtiltAgain posts small blind 20
_SKR posts big blind 40
Dealt to _SKR [7h 6s]
*** PRE-FLOP *** 
9HtiltAgain folds
_SKR collected 60 from pot
*** SUMMARY ***
Total pot 60 | No rake
Seat 2: _SKR (big blind) won 60


Winamax Poker - Tournament "Expresso Nitro" buyIn: 1.86€ + 0.14€ level: 3 - HandId: #2696511336082309121-13-1675084412 - Holdem no limit (20/40) - 2023/01/30 13:13:32 UTC
Table: 'Expresso Nitro(627830470)#0' 3-max (real money) Seat #2 is the button
Seat 1: 9HtiltAgain (290)
Seat 2: _SKR (610)
*** ANTE/BLINDS ***
_SKR posts small blind 20
9HtiltAgain posts big blind 40
Dealt to _SKR [7h 6s]
*** PRE-FLOP *** 
_SKR folds
9HtiltAgain collected 60 from pot
*** SUMMARY ***
Total pot 60 | No rake
Seat 1: 9HtiltAgain (big blind) won 60


Winamax Poker - Tournament "Expresso Nitro" buyIn: 1.86€ + 0.14€ level: 3 - HandId: #2696511336082309121-14-1675084415 - Holdem no limit (20/40) - 2023/01/30 13:13:35 UTC
Table: 'Expresso Nitro(627830470)#0' 3-max (real money) Seat #1 is the button
Seat 1: 9HtiltAgain (310)
Seat 2: _SKR (590)
*** ANTE/BLINDS ***
9HtiltAgain posts small blind 20
_SKR posts big blind 40
Dealt to _SKR [4d Ah]
*** PRE-FLOP *** 
9HtiltAgain folds
_SKR collected 60 from pot
*** SUMMARY ***
Total pot 60 | No rake
Seat 2: _SKR (big blind) won 60


Winamax Poker - Tournament "Expresso Nitro" buyIn: 1.86€ + 0.14€ level: 4 - HandId: #2696511336082309121-15-1675084419 - Holdem no limit (30/60) - 2023/01/30 13:13:39 UTC
Table: 'Expresso Nitro(627830470)#0' 3-max (real money) Seat #2 is the button
Seat 1: 9HtiltAgain (290)
Seat 2: _SKR (610)
*** ANTE/BLINDS ***
_SKR posts small blind 30
9HtiltAgain posts big blind 60
Dealt to _SKR [Ts 4s]
*** PRE-FLOP *** 
_SKR folds
9HtiltAgain collected 90 from pot
*** SUMMARY ***
Total pot 90 | No rake
Seat 1: 9HtiltAgain (big blind) won 90


Winamax Poker - Tournament "Expresso Nitro" buyIn: 1.86€ + 0.14€ level: 4 - HandId: #2696511336082309121-16-1675084427 - Holdem no limit (30/60) - 2023/01/30 13:13:47 UTC
Table: 'Expresso Nitro(627830470)#0' 3-max (real money) Seat #1 is the button
Seat 1: 9HtiltAgain (320)
Seat 2: _SKR (580)
*** ANTE/BLINDS ***
9HtiltAgain posts small blind 30
_SKR posts big blind 60
Dealt to _SKR [6c 3s]
*** PRE-FLOP *** 
9HtiltAgain raises 259 to 319
_SKR folds
9HtiltAgain collected 379 from pot
*** SUMMARY ***
Total pot 379 | No rake
Seat 1: 9HtiltAgain (small blind) (button) won 379


Winamax Poker - Tournament "Expresso Nitro" buyIn: 1.86€ + 0.14€ level: 4 - HandId: #2696511336082309121-17-1675084435 - Holdem no limit (30/60) - 2023/01/30 13:13:55 UTC
Table: 'Expresso Nitro(627830470)#0' 3-max (real money) Seat #2 is the button
Seat 1: 9HtiltAgain (380)
Seat 2: _SKR (520)
*** ANTE/BLINDS ***
_SKR posts small blind 30
9HtiltAgain posts big blind 60
Dealt to _SKR [3h Td]
*** PRE-FLOP *** 
_SKR folds
9HtiltAgain collected 90 from pot
*** SUMMARY ***
Total pot 90 | No rake
Seat 1: 9HtiltAgain (big blind) won 90


Winamax Poker - Tournament "Expresso Nitro" buyIn: 1.86€ + 0.14€ level: 4 - HandId: #2696511336082309121-18-1675084439 - Holdem no limit (30/60) - 2023/01/30 13:13:59 UTC
Table: 'Expresso Nitro(627830470)#0' 3-max (real money) Seat #1 is the button
Seat 1: 9HtiltAgain (410)
Seat 2: _SKR (490)
*** ANTE/BLINDS ***
9HtiltAgain posts small blind 30
_SKR posts big blind 60
Dealt to _SKR [Tc 6h]
*** PRE-FLOP *** 
9HtiltAgain raises 349 to 409
_SKR folds
9HtiltAgain collected 469 from pot
*** SUMMARY ***
Total pot 469 | No rake
Seat 1: 9HtiltAgain (small blind) (button) won 469


Winamax Poker - Tournament "Expresso Nitro" buyIn: 1.86€ + 0.14€ level: 4 - HandId: #2696511336082309121-19-1675084446 - Holdem no limit (30/60) - 2023/01/30 13:14:06 UTC
Table: 'Expresso Nitro(627830470)#0' 3-max (real money) Seat #2 is the button
Seat 1: 9HtiltAgain (470)
Seat 2: _SKR (430)
*** ANTE/BLINDS ***
_SKR posts small blind 30
9HtiltAgain posts big blind 60
Dealt to _SKR [4s Ts]
*** PRE-FLOP *** 
_SKR folds
9HtiltAgain collected 90 from pot
*** SUMMARY ***
Total pot 90 | No rake
Seat 1: 9HtiltAgain (big blind) won 90


Winamax Poker - Tournament "Expresso Nitro" buyIn: 1.86€ + 0.14€ level: 4 - HandId: #2696511336082309121-20-1675084450 - Holdem no limit (30/60) - 2023/01/30 13:14:10 UTC
Table: 'Expresso Nitro(627830470)#0' 3-max (real money) Seat #1 is the button
Seat 1: 9HtiltAgain (500)
Seat 2: _SKR (400)
*** ANTE/BLINDS ***
9HtiltAgain posts small blind 30
_SKR posts big blind 60
Dealt to _SKR [Ad 4s]
*** PRE-FLOP *** 
9HtiltAgain calls 30
_SKR checks
*** FLOP *** [Tc Js 4h]
_SKR checks
9HtiltAgain bets 60
_SKR calls 60
*** TURN *** [Tc Js 4h][2d]
_SKR checks
9HtiltAgain checks
*** RIVER *** [Tc Js 4h 2d][5c]
_SKR checks
9HtiltAgain checks
*** SHOW DOWN ***
9HtiltAgain shows [2h 8h] (One pair : 2)
_SKR shows [Ad 4s] (One pair : 4)
_SKR collected 240 from pot
*** SUMMARY ***
Total pot 240 | No rake
Board: [Tc Js 4h 2d 5c]
Seat 1: 9HtiltAgain (small blind) (button) showed [2h 8h] and lost with One pair : 2
Seat 2: _SKR (big blind) showed [Ad 4s] and won 240 with One pair : 4


Winamax Poker - Tournament "Expresso Nitro" buyIn: 1.86€ + 0.14€ level: 4 - HandId: #2696511336082309121-21-1675084472 - Holdem no limit (30/60) - 2023/01/30 13:14:32 UTC
Table: 'Expresso Nitro(627830470)#0' 3-max (real money) Seat #2 is the button
Seat 1: 9HtiltAgain (380)
Seat 2: _SKR (520)
*** ANTE/BLINDS ***
_SKR posts small blind 30
9HtiltAgain posts big blind 60
Dealt to _SKR [6h 2h]
*** PRE-FLOP *** 
_SKR folds
9HtiltAgain collected 90 from pot
*** SUMMARY ***
Total pot 90 | No rake
Seat 1: 9HtiltAgain (big blind) won 90


Winamax Poker - Tournament "Expresso Nitro" buyIn: 1.86€ + 0.14€ level: 5 - HandId: #2696511336082309121-22-1675084480 - Holdem no limit (40/80) - 2023/01/30 13:14:40 UTC
Table: 'Expresso Nitro(627830470)#0' 3-max (real money) Seat #1 is the button
Seat 1: 9HtiltAgain (410)
Seat 2: _SKR (490)
*** ANTE/BLINDS ***
9HtiltAgain posts small blind 40
_SKR posts big blind 80
Dealt to _SKR [6h Qd]
*** PRE-FLOP *** 
9HtiltAgain raises 330 to 410 and is all-in
_SKR folds
9HtiltAgain collected 490 from pot
*** SUMMARY ***
Total pot 490 | No rake
Seat 1: 9HtiltAgain (small blind) (button) won 490


Winamax Poker - Tournament "Expresso Nitro" buyIn: 1.86€ + 0.14€ level: 5 - HandId: #2696511336082309121-23-1675084488 - Holdem no limit (40/80) - 2023/01/30 13:14:48 UTC
Table: 'Expresso Nitro(627830470)#0' 3-max (real money) Seat #2 is the button
Seat 1: 9HtiltAgain (490)
Seat 2: _SKR (410)
*** ANTE/BLINDS ***
_SKR posts small blind 40
9HtiltAgain posts big blind 80
Dealt to _SKR [2h 8d]
*** PRE-FLOP *** 
_SKR folds
9HtiltAgain collected 120 from pot
*** SUMMARY ***
Total pot 120 | No rake
Seat 1: 9HtiltAgain (big blind) won 120


Winamax Poker - Tournament "Expresso Nitro" buyIn: 1.86€ + 0.14€ level: 5 - HandId: #2696511336082309121-24-1675084494 - Holdem no limit (40/80) - 2023/01/30 13:14:54 UTC
Table: 'Expresso Nitro(627830470)#0' 3-max (real money) Seat #1 is the button
Seat 1: 9HtiltAgain (530)
Seat 2: _SKR (370)
*** ANTE/BLINDS ***
9HtiltAgain posts small blind 40
_SKR posts big blind 80
Dealt to _SKR [3d As]
*** PRE-FLOP *** 
9HtiltAgain raises 450 to 530 and is all-in
_SKR calls 290 and is all-in
*** FLOP *** [6d 7s Ah]
*** TURN *** [6d 7s Ah][2d]
*** RIVER *** [6d 7s Ah 2d][Kc]
*** SHOW DOWN ***
9HtiltAgain shows [Qc Th] (High card : Ace)
_SKR shows [3d As] (One pair : Aces)
_SKR collected 740 from main pot
9HtiltAgain collected 160 from side pot 1
*** SUMMARY ***
Total pot 900 | No rake
Board: [6d 7s Ah 2d Kc]
Seat 1: 9HtiltAgain (small blind) (button) showed [Qc Th] and won 160 with High card : Ace
Seat 2: _SKR (big blind) showed [3d As] and won 740 with One pair : Aces


Winamax Poker - Tournament "Expresso Nitro" buyIn: 1.86€ + 0.14€ level: 5 - HandId: #2696511336082309121-25-1675084508 - Holdem no limit (40/80) - 2023/01/30 13:15:08 UTC
Table: 'Expresso Nitro(627830470)#0' 3-max (real money) Seat #2 is the button
Seat 1: 9HtiltAgain (160)
Seat 2: _SKR (740)
*** ANTE/BLINDS ***
_SKR posts small blind 40
9HtiltAgain posts big blind 80
Dealt to _SKR [Ts 4h]
*** PRE-FLOP *** 
_SKR folds
9HtiltAgain collected 120 from pot
*** SUMMARY ***
Total pot 120 | No rake
Seat 1: 9HtiltAgain (big blind) won 120


Winamax Poker - Tournament "Expresso Nitro" buyIn: 1.86€ + 0.14€ level: 5 - HandId: #2696511336082309121-26-1675084515 - Holdem no limit (40/80) - 2023/01/30 13:15:15 UTC
Table: 'Expresso Nitro(627830470)#0' 3-max (real money) Seat #1 is the button
Seat 1: 9HtiltAgain (200)
Seat 2: _SKR (700)
*** ANTE/BLINDS ***
9HtiltAgain posts small blind 40
_SKR posts big blind 80
Dealt to _SKR [Kc 3c]
*** PRE-FLOP *** 
9HtiltAgain raises 120 to 200 and is all-in
_SKR calls 120
*** FLOP *** [4d 7d Qh]
*** TURN *** [4d 7d Qh][Qd]
*** RIVER *** [4d 7d Qh Qd][5s]
*** SHOW DOWN ***
9HtiltAgain shows [2h Jh] (One pair : Queens)
_SKR shows [Kc 3c] (One pair : Queens)
_SKR collected 400 from pot
*** SUMMARY ***
Total pot 400 | No rake
Board: [4d 7d Qh Qd 5s]
Seat 1: 9HtiltAgain (small blind) (button) showed [2h Jh] and lost with One pair : Queens
Seat 2: _SKR (big blind) showed [Kc 3c] and won 400 with One pair : Queens


