Winamax Poker - Tournament "Expresso Nitro" buyIn: 0.93€ + 0.07€ level: 1 - HandId: #2718607546955857921-1-1676291345 - Holdem no limit (10/20) - 2023/02/13 12:29:05 UTC
Table: 'Expresso Nitro(632975145)#0' 3-max (real money) Seat #1 is the button
Seat 1: trunks97 (300)
Seat 2: Valueee (300)
Seat 3: _SKR (300)
*** ANTE/BLINDS ***
Valueee posts small blind 10
_SKR posts big blind 20
Dealt to _SKR [3c Ac]
*** PRE-FLOP *** 
trunks97 raises 280 to 300 and is all-in
Valueee folds
_SKR folds
trunks97 collected 330 from pot
*** SUMMARY ***
Total pot 330 | No rake
Seat 1: trunks97 (button) won 330


Winamax Poker - Tournament "Expresso Nitro" buyIn: 0.93€ + 0.07€ level: 1 - HandId: #2718607546955857921-2-1676291351 - Holdem no limit (10/20) - 2023/02/13 12:29:11 UTC
Table: 'Expresso Nitro(632975145)#0' 3-max (real money) Seat #2 is the button
Seat 1: trunks97 (330)
Seat 2: Valueee (290)
Seat 3: _SKR (280)
*** ANTE/BLINDS ***
_SKR posts small blind 10
trunks97 posts big blind 20
Dealt to _SKR [Jc Js]
*** PRE-FLOP *** 
Valueee folds
_SKR raises 20 to 40
trunks97 folds
_SKR collected 60 from pot
*** SUMMARY ***
Total pot 60 | No rake
Seat 3: _SKR (small blind) won 60


Winamax Poker - Tournament "Expresso Nitro" buyIn: 0.93€ + 0.07€ level: 1 - HandId: #2718607546955857921-3-1676291372 - Holdem no limit (10/20) - 2023/02/13 12:29:32 UTC
Table: 'Expresso Nitro(632975145)#0' 3-max (real money) Seat #3 is the button
Seat 1: trunks97 (310)
Seat 2: Valueee (290)
Seat 3: _SKR (300)
*** ANTE/BLINDS ***
trunks97 posts small blind 10
Valueee posts big blind 20
Dealt to _SKR [5c 3c]
*** PRE-FLOP *** 
_SKR folds
trunks97 folds
Valueee collected 30 from pot
*** SUMMARY ***
Total pot 30 | No rake
Seat 2: Valueee (big blind) won 30


Winamax Poker - Tournament "Expresso Nitro" buyIn: 0.93€ + 0.07€ level: 1 - HandId: #2718607546955857921-4-1676291377 - Holdem no limit (10/20) - 2023/02/13 12:29:37 UTC
Table: 'Expresso Nitro(632975145)#0' 3-max (real money) Seat #1 is the button
Seat 1: trunks97 (300)
Seat 2: Valueee (300)
Seat 3: _SKR (300)
*** ANTE/BLINDS ***
Valueee posts small blind 10
_SKR posts big blind 20
Dealt to _SKR [9c 8c]
*** PRE-FLOP *** 
trunks97 raises 280 to 300 and is all-in
Valueee folds
_SKR folds
trunks97 collected 330 from pot
*** SUMMARY ***
Total pot 330 | No rake
Seat 1: trunks97 (button) won 330


Winamax Poker - Tournament "Expresso Nitro" buyIn: 0.93€ + 0.07€ level: 1 - HandId: #2718607546955857921-5-1676291385 - Holdem no limit (10/20) - 2023/02/13 12:29:45 UTC
Table: 'Expresso Nitro(632975145)#0' 3-max (real money) Seat #2 is the button
Seat 1: trunks97 (330)
Seat 2: Valueee (290)
Seat 3: _SKR (280)
*** ANTE/BLINDS ***
_SKR posts small blind 10
trunks97 posts big blind 20
Dealt to _SKR [5h 6c]
*** PRE-FLOP *** 
Valueee folds
_SKR folds
trunks97 collected 30 from pot
*** SUMMARY ***
Total pot 30 | No rake
Seat 1: trunks97 (big blind) won 30


Winamax Poker - Tournament "Expresso Nitro" buyIn: 0.93€ + 0.07€ level: 1 - HandId: #2718607546955857921-6-1676291394 - Holdem no limit (10/20) - 2023/02/13 12:29:54 UTC
Table: 'Expresso Nitro(632975145)#0' 3-max (real money) Seat #3 is the button
Seat 1: trunks97 (340)
Seat 2: Valueee (290)
Seat 3: _SKR (270)
*** ANTE/BLINDS ***
trunks97 posts small blind 10
Valueee posts big blind 20
Dealt to _SKR [Qh Qd]
*** PRE-FLOP *** 
_SKR raises 20 to 40
trunks97 raises 20 to 60
Valueee folds
_SKR raises 210 to 270 and is all-in
trunks97 calls 210
*** FLOP *** [7s Jd 2c]
*** TURN *** [7s Jd 2c][8h]
*** RIVER *** [7s Jd 2c 8h][3s]
*** SHOW DOWN ***
_SKR shows [Qh Qd] (One pair : Queens)
trunks97 shows [Kd Kh] (One pair : Kings)
trunks97 collected 560 from pot
*** SUMMARY ***
Total pot 560 | No rake
Board: [7s Jd 2c 8h 3s]
Seat 1: trunks97 (small blind) showed [Kd Kh] and won 560 with One pair : Kings
Seat 3: _SKR (button) showed [Qh Qd] and lost with One pair : Queens


