Winamax Poker - Tournament "Expresso Nitro" buyIn: 0.93€ + 0.07€ level: 1 - HandId: #2717582308197531649-1-1676227767 - Holdem no limit (10/20) - 2023/02/12 18:49:27 UTC
Table: 'Expresso Nitro(632736438)#0' 3-max (real money) Seat #2 is the button
Seat 1: _SKR (300)
Seat 2: Mothe40 (300)
Seat 3: Lara--Clette (300)
*** ANTE/BLINDS ***
Lara--Clette posts small blind 10
_SKR posts big blind 20
Dealt to _SKR [6h Js]
*** PRE-FLOP *** 
Mothe40 folds
Lara--Clette folds
_SKR collected 30 from pot
*** SUMMARY ***
Total pot 30 | No rake
Seat 1: _SKR (big blind) won 30


Winamax Poker - Tournament "Expresso Nitro" buyIn: 0.93€ + 0.07€ level: 1 - HandId: #2717582308197531649-2-1676227772 - Holdem no limit (10/20) - 2023/02/12 18:49:32 UTC
Table: 'Expresso Nitro(632736438)#0' 3-max (real money) Seat #3 is the button
Seat 1: _SKR (310)
Seat 2: Mothe40 (300)
Seat 3: Lara--Clette (290)
*** ANTE/BLINDS ***
_SKR posts small blind 10
Mothe40 posts big blind 20
Dealt to _SKR [5s 8h]
*** PRE-FLOP *** 
Lara--Clette folds
_SKR folds
Mothe40 collected 30 from pot
*** SUMMARY ***
Total pot 30 | No rake
Seat 2: Mothe40 (big blind) won 30


Winamax Poker - Tournament "Expresso Nitro" buyIn: 0.93€ + 0.07€ level: 1 - HandId: #2717582308197531649-3-1676227781 - Holdem no limit (10/20) - 2023/02/12 18:49:41 UTC
Table: 'Expresso Nitro(632736438)#0' 3-max (real money) Seat #1 is the button
Seat 1: _SKR (300)
Seat 2: Mothe40 (310)
Seat 3: Lara--Clette (290)
*** ANTE/BLINDS ***
Mothe40 posts small blind 10
Lara--Clette posts big blind 20
Dealt to _SKR [8d 7d]
*** PRE-FLOP *** 
_SKR folds
Mothe40 folds
Lara--Clette collected 30 from pot
*** SUMMARY ***
Total pot 30 | No rake
Seat 3: Lara--Clette (big blind) won 30


Winamax Poker - Tournament "Expresso Nitro" buyIn: 0.93€ + 0.07€ level: 1 - HandId: #2717582308197531649-4-1676227792 - Holdem no limit (10/20) - 2023/02/12 18:49:52 UTC
Table: 'Expresso Nitro(632736438)#0' 3-max (real money) Seat #2 is the button
Seat 1: _SKR (300)
Seat 2: Mothe40 (300)
Seat 3: Lara--Clette (300)
*** ANTE/BLINDS ***
Lara--Clette posts small blind 10
_SKR posts big blind 20
Dealt to _SKR [8s 9h]
*** PRE-FLOP *** 
Mothe40 calls 20
Lara--Clette raises 280 to 300 and is all-in
_SKR folds
Mothe40 folds
Lara--Clette collected 340 from pot
*** SUMMARY ***
Total pot 340 | No rake
Seat 3: Lara--Clette (small blind) won 340


Winamax Poker - Tournament "Expresso Nitro" buyIn: 0.93€ + 0.07€ level: 1 - HandId: #2717582308197531649-5-1676227820 - Holdem no limit (10/20) - 2023/02/12 18:50:20 UTC
Table: 'Expresso Nitro(632736438)#0' 3-max (real money) Seat #3 is the button
Seat 1: _SKR (280)
Seat 2: Mothe40 (280)
Seat 3: Lara--Clette (340)
*** ANTE/BLINDS ***
_SKR posts small blind 10
Mothe40 posts big blind 20
Dealt to _SKR [Qs Th]
*** PRE-FLOP *** 
Lara--Clette folds
_SKR raises 20 to 40
Mothe40 raises 240 to 280 and is all-in
_SKR folds
Mothe40 collected 320 from pot
*** SUMMARY ***
Total pot 320 | No rake
Seat 2: Mothe40 (big blind) won 320


Winamax Poker - Tournament "Expresso Nitro" buyIn: 0.93€ + 0.07€ level: 2 - HandId: #2717582308197531649-6-1676227832 - Holdem no limit (15/30) - 2023/02/12 18:50:32 UTC
Table: 'Expresso Nitro(632736438)#0' 3-max (real money) Seat #1 is the button
Seat 1: _SKR (240)
Seat 2: Mothe40 (320)
Seat 3: Lara--Clette (340)
*** ANTE/BLINDS ***
Mothe40 posts small blind 15
Lara--Clette posts big blind 30
Dealt to _SKR [4s Ts]
*** PRE-FLOP *** 
_SKR folds
Mothe40 folds
Lara--Clette collected 45 from pot
*** SUMMARY ***
Total pot 45 | No rake
Seat 3: Lara--Clette (big blind) won 45


Winamax Poker - Tournament "Expresso Nitro" buyIn: 0.93€ + 0.07€ level: 2 - HandId: #2717582308197531649-7-1676227835 - Holdem no limit (15/30) - 2023/02/12 18:50:35 UTC
Table: 'Expresso Nitro(632736438)#0' 3-max (real money) Seat #2 is the button
Seat 1: _SKR (240)
Seat 2: Mothe40 (305)
Seat 3: Lara--Clette (355)
*** ANTE/BLINDS ***
Lara--Clette posts small blind 15
_SKR posts big blind 30
Dealt to _SKR [8d Qd]
*** PRE-FLOP *** 
Mothe40 raises 275 to 305 and is all-in
Lara--Clette folds
_SKR folds
Mothe40 collected 350 from pot
*** SUMMARY ***
Total pot 350 | No rake
Seat 2: Mothe40 (button) won 350


Winamax Poker - Tournament "Expresso Nitro" buyIn: 0.93€ + 0.07€ level: 2 - HandId: #2717582308197531649-8-1676227843 - Holdem no limit (15/30) - 2023/02/12 18:50:43 UTC
Table: 'Expresso Nitro(632736438)#0' 3-max (real money) Seat #3 is the button
Seat 1: _SKR (210)
Seat 2: Mothe40 (350)
Seat 3: Lara--Clette (340)
*** ANTE/BLINDS ***
_SKR posts small blind 15
Mothe40 posts big blind 30
Dealt to _SKR [Ah Jd]
*** PRE-FLOP *** 
Lara--Clette folds
_SKR raises 180 to 210 and is all-in
Mothe40 folds
_SKR collected 240 from pot
*** SUMMARY ***
Total pot 240 | No rake
Seat 1: _SKR (small blind) won 240


Winamax Poker - Tournament "Expresso Nitro" buyIn: 0.93€ + 0.07€ level: 2 - HandId: #2717582308197531649-9-1676227849 - Holdem no limit (15/30) - 2023/02/12 18:50:49 UTC
Table: 'Expresso Nitro(632736438)#0' 3-max (real money) Seat #1 is the button
Seat 1: _SKR (240)
Seat 2: Mothe40 (320)
Seat 3: Lara--Clette (340)
*** ANTE/BLINDS ***
Mothe40 posts small blind 15
Lara--Clette posts big blind 30
Dealt to _SKR [Ah 4s]
*** PRE-FLOP *** 
_SKR raises 210 to 240 and is all-in
Mothe40 folds
Lara--Clette folds
_SKR collected 285 from pot
*** SUMMARY ***
Total pot 285 | No rake
Seat 1: _SKR (button) won 285


Winamax Poker - Tournament "Expresso Nitro" buyIn: 0.93€ + 0.07€ level: 2 - HandId: #2717582308197531649-10-1676227856 - Holdem no limit (15/30) - 2023/02/12 18:50:56 UTC
Table: 'Expresso Nitro(632736438)#0' 3-max (real money) Seat #2 is the button
Seat 1: _SKR (285)
Seat 2: Mothe40 (305)
Seat 3: Lara--Clette (310)
*** ANTE/BLINDS ***
Lara--Clette posts small blind 15
_SKR posts big blind 30
Dealt to _SKR [2h 5d]
*** PRE-FLOP *** 
Mothe40 folds
Lara--Clette folds
_SKR collected 45 from pot
*** SUMMARY ***
Total pot 45 | No rake
Seat 1: _SKR (big blind) won 45


Winamax Poker - Tournament "Expresso Nitro" buyIn: 0.93€ + 0.07€ level: 2 - HandId: #2717582308197531649-11-1676227862 - Holdem no limit (15/30) - 2023/02/12 18:51:02 UTC
Table: 'Expresso Nitro(632736438)#0' 3-max (real money) Seat #3 is the button
Seat 1: _SKR (300)
Seat 2: Mothe40 (305)
Seat 3: Lara--Clette (295)
*** ANTE/BLINDS ***
_SKR posts small blind 15
Mothe40 posts big blind 30
Dealt to _SKR [Ks 5h]
*** PRE-FLOP *** 
Lara--Clette folds
_SKR folds
Mothe40 collected 45 from pot
*** SUMMARY ***
Total pot 45 | No rake
Seat 2: Mothe40 (big blind) won 45


Winamax Poker - Tournament "Expresso Nitro" buyIn: 0.93€ + 0.07€ level: 2 - HandId: #2717582308197531649-12-1676227870 - Holdem no limit (15/30) - 2023/02/12 18:51:10 UTC
Table: 'Expresso Nitro(632736438)#0' 3-max (real money) Seat #1 is the button
Seat 1: _SKR (285)
Seat 2: Mothe40 (320)
Seat 3: Lara--Clette (295)
*** ANTE/BLINDS ***
Mothe40 posts small blind 15
Lara--Clette posts big blind 30
Dealt to _SKR [8h 2d]
*** PRE-FLOP *** 
_SKR folds
Mothe40 folds
Lara--Clette collected 45 from pot
*** SUMMARY ***
Total pot 45 | No rake
Seat 3: Lara--Clette (big blind) won 45


Winamax Poker - Tournament "Expresso Nitro" buyIn: 0.93€ + 0.07€ level: 2 - HandId: #2717582308197531649-13-1676227873 - Holdem no limit (15/30) - 2023/02/12 18:51:13 UTC
Table: 'Expresso Nitro(632736438)#0' 3-max (real money) Seat #2 is the button
Seat 1: _SKR (285)
Seat 2: Mothe40 (305)
Seat 3: Lara--Clette (310)
*** ANTE/BLINDS ***
Lara--Clette posts small blind 15
_SKR posts big blind 30
Dealt to _SKR [3d 2c]
*** PRE-FLOP *** 
Mothe40 calls 30
Lara--Clette raises 280 to 310 and is all-in
_SKR folds
Mothe40 folds
Lara--Clette collected 370 from pot
*** SUMMARY ***
Total pot 370 | No rake
Seat 3: Lara--Clette (small blind) won 370


Winamax Poker - Tournament "Expresso Nitro" buyIn: 0.93€ + 0.07€ level: 2 - HandId: #2717582308197531649-14-1676227882 - Holdem no limit (15/30) - 2023/02/12 18:51:22 UTC
Table: 'Expresso Nitro(632736438)#0' 3-max (real money) Seat #3 is the button
Seat 1: _SKR (255)
Seat 2: Mothe40 (275)
Seat 3: Lara--Clette (370)
*** ANTE/BLINDS ***
_SKR posts small blind 15
Mothe40 posts big blind 30
Dealt to _SKR [Jh Kh]
*** PRE-FLOP *** 
Lara--Clette raises 340 to 370 and is all-in
_SKR folds
Mothe40 folds
Lara--Clette collected 415 from pot
*** SUMMARY ***
Total pot 415 | No rake
Seat 3: Lara--Clette (button) won 415


Winamax Poker - Tournament "Expresso Nitro" buyIn: 0.93€ + 0.07€ level: 3 - HandId: #2717582308197531649-15-1676227895 - Holdem no limit (20/40) - 2023/02/12 18:51:35 UTC
Table: 'Expresso Nitro(632736438)#0' 3-max (real money) Seat #1 is the button
Seat 1: _SKR (240)
Seat 2: Mothe40 (245)
Seat 3: Lara--Clette (415)
*** ANTE/BLINDS ***
Mothe40 posts small blind 20
Lara--Clette posts big blind 40
Dealt to _SKR [8h 5c]
*** PRE-FLOP *** 
_SKR folds
Mothe40 folds
Lara--Clette collected 60 from pot
*** SUMMARY ***
Total pot 60 | No rake
Seat 3: Lara--Clette (big blind) won 60


Winamax Poker - Tournament "Expresso Nitro" buyIn: 0.93€ + 0.07€ level: 3 - HandId: #2717582308197531649-16-1676227899 - Holdem no limit (20/40) - 2023/02/12 18:51:39 UTC
Table: 'Expresso Nitro(632736438)#0' 3-max (real money) Seat #2 is the button
Seat 1: _SKR (240)
Seat 2: Mothe40 (225)
Seat 3: Lara--Clette (435)
*** ANTE/BLINDS ***
Lara--Clette posts small blind 20
_SKR posts big blind 40
Dealt to _SKR [9s 9d]
*** PRE-FLOP *** 
Mothe40 folds
Lara--Clette raises 395 to 435 and is all-in
_SKR calls 200 and is all-in
*** FLOP *** [Qd 5c Th]
*** TURN *** [Qd 5c Th][Qc]
*** RIVER *** [Qd 5c Th Qc][2h]
*** SHOW DOWN ***
_SKR shows [9s 9d] (Two pairs : Queens and 9)
Lara--Clette shows [8s Kc] (One pair : Queens)
Lara--Clette collected 195 from side pot 1
_SKR collected 480 from main pot
*** SUMMARY ***
Total pot 675 | No rake
Board: [Qd 5c Th Qc 2h]
Seat 1: _SKR (big blind) showed [9s 9d] and won 480 with Two pairs : Queens and 9
Seat 3: Lara--Clette (small blind) showed [8s Kc] and won 195 with One pair : Queens


Winamax Poker - Tournament "Expresso Nitro" buyIn: 0.93€ + 0.07€ level: 3 - HandId: #2717582308197531649-17-1676227912 - Holdem no limit (20/40) - 2023/02/12 18:51:52 UTC
Table: 'Expresso Nitro(632736438)#0' 3-max (real money) Seat #3 is the button
Seat 1: _SKR (480)
Seat 2: Mothe40 (225)
Seat 3: Lara--Clette (195)
*** ANTE/BLINDS ***
_SKR posts small blind 20
Mothe40 posts big blind 40
Dealt to _SKR [Qs 2c]
*** PRE-FLOP *** 
Lara--Clette raises 155 to 195 and is all-in
_SKR folds
Mothe40 folds
Lara--Clette collected 255 from pot
*** SUMMARY ***
Total pot 255 | No rake
Seat 3: Lara--Clette (button) won 255


Winamax Poker - Tournament "Expresso Nitro" buyIn: 0.93€ + 0.07€ level: 3 - HandId: #2717582308197531649-18-1676227918 - Holdem no limit (20/40) - 2023/02/12 18:51:58 UTC
Table: 'Expresso Nitro(632736438)#0' 3-max (real money) Seat #1 is the button
Seat 1: _SKR (460)
Seat 2: Mothe40 (185)
Seat 3: Lara--Clette (255)
*** ANTE/BLINDS ***
Mothe40 posts small blind 20
Lara--Clette posts big blind 40
Dealt to _SKR [6d 8d]
*** PRE-FLOP *** 
_SKR folds
Mothe40 raises 145 to 185 and is all-in
Lara--Clette calls 145
*** FLOP *** [3s 4s 3c]
*** TURN *** [3s 4s 3c][2h]
*** RIVER *** [3s 4s 3c 2h][Qs]
*** SHOW DOWN ***
Lara--Clette shows [Ks Tc] (One pair : 3)
Mothe40 shows [7s Qc] (Two pairs : Queens and 3)
Mothe40 collected 370 from pot
*** SUMMARY ***
Total pot 370 | No rake
Board: [3s 4s 3c 2h Qs]
Seat 2: Mothe40 (small blind) showed [7s Qc] and won 370 with Two pairs : Queens and 3
Seat 3: Lara--Clette (big blind) showed [Ks Tc] and lost with One pair : 3


Winamax Poker - Tournament "Expresso Nitro" buyIn: 0.93€ + 0.07€ level: 3 - HandId: #2717582308197531649-19-1676227934 - Holdem no limit (20/40) - 2023/02/12 18:52:14 UTC
Table: 'Expresso Nitro(632736438)#0' 3-max (real money) Seat #2 is the button
Seat 1: _SKR (460)
Seat 2: Mothe40 (370)
Seat 3: Lara--Clette (70)
*** ANTE/BLINDS ***
Lara--Clette posts small blind 20
_SKR posts big blind 40
Dealt to _SKR [3s 8c]
*** PRE-FLOP *** 
Mothe40 folds
Lara--Clette raises 30 to 70 and is all-in
_SKR calls 30
*** FLOP *** [5h Qs Ah]
*** TURN *** [5h Qs Ah][7s]
*** RIVER *** [5h Qs Ah 7s][Jd]
*** SHOW DOWN ***
_SKR shows [3s 8c] (High card : Ace)
Lara--Clette shows [8s 9c] (High card : Ace)
Lara--Clette collected 140 from pot
*** SUMMARY ***
Total pot 140 | No rake
Board: [5h Qs Ah 7s Jd]
Seat 1: _SKR (big blind) showed [3s 8c] and lost with High card : Ace
Seat 3: Lara--Clette (small blind) showed [8s 9c] and won 140 with High card : Ace


Winamax Poker - Tournament "Expresso Nitro" buyIn: 0.93€ + 0.07€ level: 4 - HandId: #2717582308197531649-20-1676227949 - Holdem no limit (30/60) - 2023/02/12 18:52:29 UTC
Table: 'Expresso Nitro(632736438)#0' 3-max (real money) Seat #3 is the button
Seat 1: _SKR (390)
Seat 2: Mothe40 (370)
Seat 3: Lara--Clette (140)
*** ANTE/BLINDS ***
_SKR posts small blind 30
Mothe40 posts big blind 60
Dealt to _SKR [6c Qh]
*** PRE-FLOP *** 
Lara--Clette raises 80 to 140 and is all-in
_SKR folds
Mothe40 folds
Lara--Clette collected 230 from pot
*** SUMMARY ***
Total pot 230 | No rake
Seat 3: Lara--Clette (button) won 230


Winamax Poker - Tournament "Expresso Nitro" buyIn: 0.93€ + 0.07€ level: 4 - HandId: #2717582308197531649-21-1676227957 - Holdem no limit (30/60) - 2023/02/12 18:52:37 UTC
Table: 'Expresso Nitro(632736438)#0' 3-max (real money) Seat #1 is the button
Seat 1: _SKR (360)
Seat 2: Mothe40 (310)
Seat 3: Lara--Clette (230)
*** ANTE/BLINDS ***
Mothe40 posts small blind 30
Lara--Clette posts big blind 60
Dealt to _SKR [5s 4c]
*** PRE-FLOP *** 
_SKR folds
Mothe40 raises 250 to 310 and is all-in
Lara--Clette calls 170 and is all-in
*** FLOP *** [4d Ah Js]
*** TURN *** [4d Ah Js][9s]
*** RIVER *** [4d Ah Js 9s][8d]
*** SHOW DOWN ***
Mothe40 shows [7s Ks] (High card : Ace)
Lara--Clette shows [Jc Qs] (One pair : Jacks)
Lara--Clette collected 460 from main pot
Mothe40 collected 80 from side pot 1
*** SUMMARY ***
Total pot 540 | No rake
Board: [4d Ah Js 9s 8d]
Seat 2: Mothe40 (small blind) showed [7s Ks] and won 80 with High card : Ace
Seat 3: Lara--Clette (big blind) showed [Jc Qs] and won 460 with One pair : Jacks


Winamax Poker - Tournament "Expresso Nitro" buyIn: 0.93€ + 0.07€ level: 4 - HandId: #2717582308197531649-22-1676227971 - Holdem no limit (30/60) - 2023/02/12 18:52:51 UTC
Table: 'Expresso Nitro(632736438)#0' 3-max (real money) Seat #2 is the button
Seat 1: _SKR (360)
Seat 2: Mothe40 (80)
Seat 3: Lara--Clette (460)
*** ANTE/BLINDS ***
Lara--Clette posts small blind 30
_SKR posts big blind 60
Dealt to _SKR [7h 4s]
*** PRE-FLOP *** 
Mothe40 folds
Lara--Clette folds
_SKR collected 90 from pot
*** SUMMARY ***
Total pot 90 | No rake
Seat 1: _SKR (big blind) won 90


Winamax Poker - Tournament "Expresso Nitro" buyIn: 0.93€ + 0.07€ level: 4 - HandId: #2717582308197531649-23-1676227976 - Holdem no limit (30/60) - 2023/02/12 18:52:56 UTC
Table: 'Expresso Nitro(632736438)#0' 3-max (real money) Seat #3 is the button
Seat 1: _SKR (390)
Seat 2: Mothe40 (80)
Seat 3: Lara--Clette (430)
*** ANTE/BLINDS ***
_SKR posts small blind 30
Mothe40 posts big blind 60
Dealt to _SKR [2s 7h]
*** PRE-FLOP *** 
Lara--Clette raises 370 to 430 and is all-in
_SKR folds
Mothe40 calls 20 and is all-in
*** FLOP *** [3d 4h Kc]
*** TURN *** [3d 4h Kc][6h]
*** RIVER *** [3d 4h Kc 6h][8s]
*** SHOW DOWN ***
Mothe40 shows [As Kd] (One pair : Kings)
Lara--Clette shows [Qc Td] (High card : King)
Lara--Clette collected 350 from side pot 1
Mothe40 collected 190 from main pot
*** SUMMARY ***
Total pot 540 | No rake
Board: [3d 4h Kc 6h 8s]
Seat 2: Mothe40 (big blind) showed [As Kd] and won 190 with One pair : Kings
Seat 3: Lara--Clette (button) showed [Qc Td] and won 350 with High card : King


Winamax Poker - Tournament "Expresso Nitro" buyIn: 0.93€ + 0.07€ level: 4 - HandId: #2717582308197531649-24-1676227989 - Holdem no limit (30/60) - 2023/02/12 18:53:09 UTC
Table: 'Expresso Nitro(632736438)#0' 3-max (real money) Seat #1 is the button
Seat 1: _SKR (360)
Seat 2: Mothe40 (190)
Seat 3: Lara--Clette (350)
*** ANTE/BLINDS ***
Mothe40 posts small blind 30
Lara--Clette posts big blind 60
Dealt to _SKR [Jc 8d]
*** PRE-FLOP *** 
_SKR folds
Mothe40 folds
Lara--Clette collected 90 from pot
*** SUMMARY ***
Total pot 90 | No rake
Seat 3: Lara--Clette (big blind) won 90


Winamax Poker - Tournament "Expresso Nitro" buyIn: 0.93€ + 0.07€ level: 4 - HandId: #2717582308197531649-25-1676227993 - Holdem no limit (30/60) - 2023/02/12 18:53:13 UTC
Table: 'Expresso Nitro(632736438)#0' 3-max (real money) Seat #2 is the button
Seat 1: _SKR (360)
Seat 2: Mothe40 (160)
Seat 3: Lara--Clette (380)
*** ANTE/BLINDS ***
Lara--Clette posts small blind 30
_SKR posts big blind 60
Dealt to _SKR [5c Th]
*** PRE-FLOP *** 
Mothe40 folds
Lara--Clette raises 320 to 380 and is all-in
_SKR folds
Lara--Clette collected 440 from pot
*** SUMMARY ***
Total pot 440 | No rake
Seat 3: Lara--Clette (small blind) won 440


Winamax Poker - Tournament "Expresso Nitro" buyIn: 0.93€ + 0.07€ level: 4 - HandId: #2717582308197531649-26-1676228001 - Holdem no limit (30/60) - 2023/02/12 18:53:21 UTC
Table: 'Expresso Nitro(632736438)#0' 3-max (real money) Seat #3 is the button
Seat 1: _SKR (300)
Seat 2: Mothe40 (160)
Seat 3: Lara--Clette (440)
*** ANTE/BLINDS ***
_SKR posts small blind 30
Mothe40 posts big blind 60
Dealt to _SKR [Js 8h]
*** PRE-FLOP *** 
Lara--Clette folds
_SKR raises 240 to 300 and is all-in
Mothe40 calls 100 and is all-in
*** FLOP *** [9s 5d 8c]
*** TURN *** [9s 5d 8c][9h]
*** RIVER *** [9s 5d 8c 9h][6c]
*** SHOW DOWN ***
Mothe40 shows [Ah Jd] (One pair : 9)
_SKR shows [Js 8h] (Two pairs : 9 and 8)
_SKR collected 460 from pot
*** SUMMARY ***
Total pot 460 | No rake
Board: [9s 5d 8c 9h 6c]
Seat 1: _SKR (small blind) showed [Js 8h] and won 460 with Two pairs : 9 and 8
Seat 2: Mothe40 (big blind) showed [Ah Jd] and lost with One pair : 9


Winamax Poker - Tournament "Expresso Nitro" buyIn: 0.93€ + 0.07€ level: 5 - HandId: #2717582308197531649-27-1676228017 - Holdem no limit (40/80) - 2023/02/12 18:53:37 UTC
Table: 'Expresso Nitro(632736438)#0' 3-max (real money) Seat #3 is the button
Seat 1: _SKR (460)
Seat 3: Lara--Clette (440)
*** ANTE/BLINDS ***
Lara--Clette posts small blind 40
_SKR posts big blind 80
Dealt to _SKR [9h 6h]
*** PRE-FLOP *** 
Lara--Clette folds
_SKR collected 120 from pot
*** SUMMARY ***
Total pot 120 | No rake
Seat 1: _SKR (big blind) won 120


Winamax Poker - Tournament "Expresso Nitro" buyIn: 0.93€ + 0.07€ level: 5 - HandId: #2717582308197531649-28-1676228022 - Holdem no limit (40/80) - 2023/02/12 18:53:42 UTC
Table: 'Expresso Nitro(632736438)#0' 3-max (real money) Seat #1 is the button
Seat 1: _SKR (500)
Seat 3: Lara--Clette (400)
*** ANTE/BLINDS ***
_SKR posts small blind 40
Lara--Clette posts big blind 80
Dealt to _SKR [8s Qs]
*** PRE-FLOP *** 
_SKR raises 420 to 500 and is all-in
Lara--Clette folds
_SKR collected 580 from pot
*** SUMMARY ***
Total pot 580 | No rake
Seat 1: _SKR (small blind) (button) won 580


Winamax Poker - Tournament "Expresso Nitro" buyIn: 0.93€ + 0.07€ level: 5 - HandId: #2717582308197531649-29-1676228028 - Holdem no limit (40/80) - 2023/02/12 18:53:48 UTC
Table: 'Expresso Nitro(632736438)#0' 3-max (real money) Seat #3 is the button
Seat 1: _SKR (580)
Seat 3: Lara--Clette (320)
*** ANTE/BLINDS ***
Lara--Clette posts small blind 40
_SKR posts big blind 80
Dealt to _SKR [2h 7c]
*** PRE-FLOP *** 
Lara--Clette raises 240 to 320 and is all-in
_SKR folds
Lara--Clette collected 400 from pot
*** SUMMARY ***
Total pot 400 | No rake
Seat 3: Lara--Clette (small blind) (button) won 400


Winamax Poker - Tournament "Expresso Nitro" buyIn: 0.93€ + 0.07€ level: 5 - HandId: #2717582308197531649-30-1676228038 - Holdem no limit (40/80) - 2023/02/12 18:53:58 UTC
Table: 'Expresso Nitro(632736438)#0' 3-max (real money) Seat #1 is the button
Seat 1: _SKR (500)
Seat 3: Lara--Clette (400)
*** ANTE/BLINDS ***
_SKR posts small blind 40
Lara--Clette posts big blind 80
Dealt to _SKR [Js 5s]
*** PRE-FLOP *** 
_SKR raises 420 to 500 and is all-in
Lara--Clette calls 320 and is all-in
*** FLOP *** [2d Jd 2h]
*** TURN *** [2d Jd 2h][9h]
*** RIVER *** [2d Jd 2h 9h][7h]
*** SHOW DOWN ***
Lara--Clette shows [Qc 7c] (Two pairs : 7 and 2)
_SKR shows [Js 5s] (Two pairs : Jacks and 2)
_SKR collected 900 from pot
*** SUMMARY ***
Total pot 900 | No rake
Board: [2d Jd 2h 9h 7h]
Seat 1: _SKR (small blind) (button) showed [Js 5s] and won 900 with Two pairs : Jacks and 2
Seat 3: Lara--Clette (big blind) showed [Qc 7c] and lost with Two pairs : 7 and 2


