Winamax Poker - Tournament "Expresso Nitro" buyIn: 0.93€ + 0.07€ level: 1 - HandId: #2676962332873064449-1-1673870481 - Holdem no limit (10/20) - 2023/01/16 12:01:21 UTC
Table: 'Expresso Nitro(623278863)#0' 3-max (real money) Seat #3 is the button
Seat 1: romz37 (300)
Seat 2: _SKR (300)
Seat 3: elmoul (300)
*** ANTE/BLINDS ***
romz37 posts small blind 10
_SKR posts big blind 20
Dealt to _SKR [3c 6d]
*** PRE-FLOP *** 
elmoul calls 20
romz37 folds
_SKR checks
*** FLOP *** [Ts 5h 5s]
_SKR checks
elmoul checks
*** TURN *** [Ts 5h 5s][8d]
_SKR checks
elmoul checks
*** RIVER *** [Ts 5h 5s 8d][Tc]
_SKR checks
elmoul checks
*** SHOW DOWN ***
_SKR shows [3c 6d] (Two pairs : Tens and 5)
elmoul shows [7c 2d] (Two pairs : Tens and 5)
elmoul collected 25 from pot
_SKR collected 25 from pot
*** SUMMARY ***
Total pot 50 | No rake
Board: [Ts 5h 5s 8d Tc]
Seat 2: _SKR (big blind) showed [3c 6d] and won 25 with Two pairs : Tens and 5
Seat 3: elmoul (button) showed [7c 2d] and won 25 with Two pairs : Tens and 5


Winamax Poker - Tournament "Expresso Nitro" buyIn: 0.93€ + 0.07€ level: 1 - HandId: #2676962332873064449-2-1673870507 - Holdem no limit (10/20) - 2023/01/16 12:01:47 UTC
Table: 'Expresso Nitro(623278863)#0' 3-max (real money) Seat #1 is the button
Seat 1: romz37 (290)
Seat 2: _SKR (305)
Seat 3: elmoul (305)
*** ANTE/BLINDS ***
_SKR posts small blind 10
elmoul posts big blind 20
Dealt to _SKR [Tc Jh]
*** PRE-FLOP *** 
romz37 folds
_SKR raises 20 to 40
elmoul folds
_SKR collected 60 from pot
*** SUMMARY ***
Total pot 60 | No rake
Seat 2: _SKR (small blind) won 60


Winamax Poker - Tournament "Expresso Nitro" buyIn: 0.93€ + 0.07€ level: 1 - HandId: #2676962332873064449-3-1673870517 - Holdem no limit (10/20) - 2023/01/16 12:01:57 UTC
Table: 'Expresso Nitro(623278863)#0' 3-max (real money) Seat #2 is the button
Seat 1: romz37 (290)
Seat 2: _SKR (325)
Seat 3: elmoul (285)
*** ANTE/BLINDS ***
elmoul posts small blind 10
romz37 posts big blind 20
Dealt to _SKR [7c 9d]
*** PRE-FLOP *** 
_SKR folds
elmoul raises 265 to 285 and is all-in
romz37 folds
elmoul collected 305 from pot
*** SUMMARY ***
Total pot 305 | No rake
Seat 3: elmoul (small blind) won 305


Winamax Poker - Tournament "Expresso Nitro" buyIn: 0.93€ + 0.07€ level: 1 - HandId: #2676962332873064449-4-1673870529 - Holdem no limit (10/20) - 2023/01/16 12:02:09 UTC
Table: 'Expresso Nitro(623278863)#0' 3-max (real money) Seat #3 is the button
Seat 1: romz37 (270)
Seat 2: _SKR (325)
Seat 3: elmoul (305)
*** ANTE/BLINDS ***
romz37 posts small blind 10
_SKR posts big blind 20
Dealt to _SKR [4s Qs]
*** PRE-FLOP *** 
elmoul raises 50 to 70
romz37 folds
_SKR folds
elmoul collected 100 from pot
*** SUMMARY ***
Total pot 100 | No rake
Seat 3: elmoul (button) won 100


Winamax Poker - Tournament "Expresso Nitro" buyIn: 0.93€ + 0.07€ level: 2 - HandId: #2676962332873064449-5-1673870542 - Holdem no limit (15/30) - 2023/01/16 12:02:22 UTC
Table: 'Expresso Nitro(623278863)#0' 3-max (real money) Seat #1 is the button
Seat 1: romz37 (260)
Seat 2: _SKR (305)
Seat 3: elmoul (335)
*** ANTE/BLINDS ***
_SKR posts small blind 15
elmoul posts big blind 30
Dealt to _SKR [Ac Jd]
*** PRE-FLOP *** 
romz37 folds
_SKR raises 275 to 305 and is all-in
elmoul folds
_SKR collected 335 from pot
*** SUMMARY ***
Total pot 335 | No rake
Seat 2: _SKR (small blind) won 335


Winamax Poker - Tournament "Expresso Nitro" buyIn: 0.93€ + 0.07€ level: 2 - HandId: #2676962332873064449-6-1673870552 - Holdem no limit (15/30) - 2023/01/16 12:02:32 UTC
Table: 'Expresso Nitro(623278863)#0' 3-max (real money) Seat #2 is the button
Seat 1: romz37 (260)
Seat 2: _SKR (335)
Seat 3: elmoul (305)
*** ANTE/BLINDS ***
elmoul posts small blind 15
romz37 posts big blind 30
Dealt to _SKR [5h 4c]
*** PRE-FLOP *** 
_SKR folds
elmoul raises 275 to 305 and is all-in
romz37 folds
elmoul collected 335 from pot
*** SUMMARY ***
Total pot 335 | No rake
Seat 3: elmoul (small blind) won 335


Winamax Poker - Tournament "Expresso Nitro" buyIn: 0.93€ + 0.07€ level: 2 - HandId: #2676962332873064449-7-1673870564 - Holdem no limit (15/30) - 2023/01/16 12:02:44 UTC
Table: 'Expresso Nitro(623278863)#0' 3-max (real money) Seat #3 is the button
Seat 1: romz37 (230)
Seat 2: _SKR (335)
Seat 3: elmoul (335)
*** ANTE/BLINDS ***
romz37 posts small blind 15
_SKR posts big blind 30
Dealt to _SKR [5c Kc]
*** PRE-FLOP *** 
elmoul raises 75 to 105
romz37 calls 90
_SKR folds
*** FLOP *** [Qh Qc 6s]
romz37 bets 125 and is all-in
elmoul raises 105 to 230 and is all-in
*** TURN *** [Qh Qc 6s][3s]
*** RIVER *** [Qh Qc 6s 3s][Tc]
*** SHOW DOWN ***
romz37 shows [7s Ad] (One pair : Queens)
elmoul shows [8d Th] (Two pairs : Queens and Tens)
elmoul collected 595 from pot
*** SUMMARY ***
Total pot 595 | No rake
Board: [Qh Qc 6s 3s Tc]
Seat 1: romz37 (small blind) showed [7s Ad] and lost with One pair : Queens
Seat 3: elmoul (button) showed [8d Th] and won 595 with Two pairs : Queens and Tens


Winamax Poker - Tournament "Expresso Nitro" buyIn: 0.93€ + 0.07€ level: 2 - HandId: #2676962332873064449-8-1673870586 - Holdem no limit (15/30) - 2023/01/16 12:03:06 UTC
Table: 'Expresso Nitro(623278863)#0' 3-max (real money) Seat #2 is the button
Seat 2: _SKR (305)
Seat 3: elmoul (595)
*** ANTE/BLINDS ***
_SKR posts small blind 15
elmoul posts big blind 30
Dealt to _SKR [As Ts]
*** PRE-FLOP *** 
_SKR raises 275 to 305 and is all-in
elmoul folds
_SKR collected 335 from pot
*** SUMMARY ***
Total pot 335 | No rake
Seat 2: _SKR (small blind) (button) won 335


Winamax Poker - Tournament "Expresso Nitro" buyIn: 0.93€ + 0.07€ level: 2 - HandId: #2676962332873064449-9-1673870592 - Holdem no limit (15/30) - 2023/01/16 12:03:12 UTC
Table: 'Expresso Nitro(623278863)#0' 3-max (real money) Seat #3 is the button
Seat 2: _SKR (335)
Seat 3: elmoul (565)
*** ANTE/BLINDS ***
elmoul posts small blind 15
_SKR posts big blind 30
Dealt to _SKR [Ah Kd]
*** PRE-FLOP *** 
elmoul raises 535 to 565 and is all-in
_SKR calls 305 and is all-in
*** FLOP *** [Jh 7c 8c]
*** TURN *** [Jh 7c 8c][7h]
*** RIVER *** [Jh 7c 8c 7h][8s]
*** SHOW DOWN ***
_SKR shows [Ah Kd] (Two pairs : 8 and 7)
elmoul shows [4s 6s] (Two pairs : 8 and 7)
elmoul collected 230 from side pot 1
_SKR collected 670 from main pot
*** SUMMARY ***
Total pot 900 | No rake
Board: [Jh 7c 8c 7h 8s]
Seat 2: _SKR (big blind) showed [Ah Kd] and won 670 with Two pairs : 8 and 7
Seat 3: elmoul (small blind) (button) showed [4s 6s] and won 230 with Two pairs : 8 and 7


Winamax Poker - Tournament "Expresso Nitro" buyIn: 0.93€ + 0.07€ level: 3 - HandId: #2676962332873064449-10-1673870604 - Holdem no limit (20/40) - 2023/01/16 12:03:24 UTC
Table: 'Expresso Nitro(623278863)#0' 3-max (real money) Seat #2 is the button
Seat 2: _SKR (670)
Seat 3: elmoul (230)
*** ANTE/BLINDS ***
_SKR posts small blind 20
elmoul posts big blind 40
Dealt to _SKR [Qh Js]
*** PRE-FLOP *** 
_SKR raises 630 to 670 and is all-in
elmoul calls 190 and is all-in
*** FLOP *** [2h Jc 6c]
*** TURN *** [2h Jc 6c][7c]
*** RIVER *** [2h Jc 6c 7c][Ks]
*** SHOW DOWN ***
elmoul shows [Qs 9h] (High card : King)
_SKR shows [Qh Js] (One pair : Jacks)
_SKR collected 900 from pot
*** SUMMARY ***
Total pot 900 | No rake
Board: [2h Jc 6c 7c Ks]
Seat 2: _SKR (small blind) (button) showed [Qh Js] and won 900 with One pair : Jacks
Seat 3: elmoul (big blind) showed [Qs 9h] and lost with High card : King


