Winamax Poker - Tournament "Expresso Nitro" buyIn: 0.93€ + 0.07€ level: 1 - HandId: #2729159779090956289-1-1676903632 - Holdem no limit (10/20) - 2023/02/20 14:33:52 UTC
Table: 'Expresso Nitro(635432028)#0' 3-max (real money) Seat #3 is the button
Seat 1: _SKR (300)
Seat 2: Ianfish (300)
Seat 3: enzo76200 (300)
*** ANTE/BLINDS ***
_SKR posts small blind 10
Ianfish posts big blind 20
Dealt to _SKR [8s Td]
*** PRE-FLOP *** 
enzo76200 raises 60 to 80
_SKR folds
Ianfish folds
enzo76200 collected 110 from pot
*** SUMMARY ***
Total pot 110 | No rake
Seat 3: enzo76200 (button) won 110


Winamax Poker - Tournament "Expresso Nitro" buyIn: 0.93€ + 0.07€ level: 1 - HandId: #2729159779090956289-2-1676903644 - Holdem no limit (10/20) - 2023/02/20 14:34:04 UTC
Table: 'Expresso Nitro(635432028)#0' 3-max (real money) Seat #1 is the button
Seat 1: _SKR (290)
Seat 2: Ianfish (280)
Seat 3: enzo76200 (330)
*** ANTE/BLINDS ***
Ianfish posts small blind 10
enzo76200 posts big blind 20
Dealt to _SKR [6h Jc]
*** PRE-FLOP *** 
_SKR folds
Ianfish raises 260 to 280 and is all-in
enzo76200 folds
Ianfish collected 300 from pot
*** SUMMARY ***
Total pot 300 | No rake
Seat 2: Ianfish (small blind) won 300


Winamax Poker - Tournament "Expresso Nitro" buyIn: 0.93€ + 0.07€ level: 1 - HandId: #2729159779090956289-3-1676903659 - Holdem no limit (10/20) - 2023/02/20 14:34:19 UTC
Table: 'Expresso Nitro(635432028)#0' 3-max (real money) Seat #2 is the button
Seat 1: _SKR (290)
Seat 2: Ianfish (300)
Seat 3: enzo76200 (310)
*** ANTE/BLINDS ***
enzo76200 posts small blind 10
_SKR posts big blind 20
Dealt to _SKR [Jc 7c]
*** PRE-FLOP *** 
Ianfish folds
enzo76200 calls 10
_SKR checks
*** FLOP *** [4s Jh 5h]
enzo76200 checks
_SKR bets 20
enzo76200 calls 20
*** TURN *** [4s Jh 5h][8h]
enzo76200 checks
_SKR checks
*** RIVER *** [4s Jh 5h 8h][9c]
enzo76200 bets 80
_SKR calls 80
*** SHOW DOWN ***
_SKR shows [Jc 7c] (One pair : Jacks)
enzo76200 shows [Kh 4h] (Flush King high)
enzo76200 collected 240 from pot
*** SUMMARY ***
Total pot 240 | No rake
Board: [4s Jh 5h 8h 9c]
Seat 1: _SKR (big blind) showed [Jc 7c] and lost with One pair : Jacks
Seat 3: enzo76200 (small blind) showed [Kh 4h] and won 240 with Flush King high


Winamax Poker - Tournament "Expresso Nitro" buyIn: 0.93€ + 0.07€ level: 2 - HandId: #2729159779090956289-4-1676903707 - Holdem no limit (15/30) - 2023/02/20 14:35:07 UTC
Table: 'Expresso Nitro(635432028)#0' 3-max (real money) Seat #3 is the button
Seat 1: _SKR (170)
Seat 2: Ianfish (300)
Seat 3: enzo76200 (430)
*** ANTE/BLINDS ***
_SKR posts small blind 15
Ianfish posts big blind 30
Dealt to _SKR [6s 9s]
*** PRE-FLOP *** 
enzo76200 folds
_SKR raises 140 to 170 and is all-in
Ianfish folds
_SKR collected 200 from pot
*** SUMMARY ***
Total pot 200 | No rake
Seat 1: _SKR (small blind) won 200


Winamax Poker - Tournament "Expresso Nitro" buyIn: 0.93€ + 0.07€ level: 2 - HandId: #2729159779090956289-5-1676903719 - Holdem no limit (15/30) - 2023/02/20 14:35:19 UTC
Table: 'Expresso Nitro(635432028)#0' 3-max (real money) Seat #1 is the button
Seat 1: _SKR (200)
Seat 2: Ianfish (270)
Seat 3: enzo76200 (430)
*** ANTE/BLINDS ***
Ianfish posts small blind 15
enzo76200 posts big blind 30
Dealt to _SKR [6c 8s]
*** PRE-FLOP *** 
_SKR folds
Ianfish raises 240 to 270 and is all-in
enzo76200 calls 240
*** FLOP *** [Ks Qc 3s]
*** TURN *** [Ks Qc 3s][5c]
*** RIVER *** [Ks Qc 3s 5c][8h]
*** SHOW DOWN ***
Ianfish shows [7d Td] (High card : King)
enzo76200 shows [9s Ad] (High card : Ace)
enzo76200 collected 540 from pot
*** SUMMARY ***
Total pot 540 | No rake
Board: [Ks Qc 3s 5c 8h]
Seat 2: Ianfish (small blind) showed [7d Td] and lost with High card : King
Seat 3: enzo76200 (big blind) showed [9s Ad] and won 540 with High card : Ace


Winamax Poker - Tournament "Expresso Nitro" buyIn: 0.93€ + 0.07€ level: 2 - HandId: #2729159779090956289-6-1676903737 - Holdem no limit (15/30) - 2023/02/20 14:35:37 UTC
Table: 'Expresso Nitro(635432028)#0' 3-max (real money) Seat #3 is the button
Seat 1: _SKR (200)
Seat 3: enzo76200 (700)
*** ANTE/BLINDS ***
enzo76200 posts small blind 15
_SKR posts big blind 30
Dealt to _SKR [2h Ad]
*** PRE-FLOP *** 
enzo76200 raises 60 to 90
_SKR raises 110 to 200 and is all-in
enzo76200 calls 110
*** FLOP *** [Kh Kc 7d]
*** TURN *** [Kh Kc 7d][Ah]
*** RIVER *** [Kh Kc 7d Ah][4d]
*** SHOW DOWN ***
_SKR shows [2h Ad] (Two pairs : Aces and Kings)
enzo76200 shows [As 6s] (Two pairs : Aces and Kings)
enzo76200 collected 200 from pot
_SKR collected 200 from pot
*** SUMMARY ***
Total pot 400 | No rake
Board: [Kh Kc 7d Ah 4d]
Seat 1: _SKR (big blind) showed [2h Ad] and won 200 with Two pairs : Aces and Kings
Seat 3: enzo76200 (small blind) (button) showed [As 6s] and won 200 with Two pairs : Aces and Kings


Winamax Poker - Tournament "Expresso Nitro" buyIn: 0.93€ + 0.07€ level: 3 - HandId: #2729159779090956289-7-1676903758 - Holdem no limit (20/40) - 2023/02/20 14:35:58 UTC
Table: 'Expresso Nitro(635432028)#0' 3-max (real money) Seat #1 is the button
Seat 1: _SKR (200)
Seat 3: enzo76200 (700)
*** ANTE/BLINDS ***
_SKR posts small blind 20
enzo76200 posts big blind 40
Dealt to _SKR [Ac 4s]
*** PRE-FLOP *** 
_SKR raises 160 to 200 and is all-in
enzo76200 folds
_SKR collected 240 from pot
*** SUMMARY ***
Total pot 240 | No rake
Seat 1: _SKR (small blind) (button) won 240


Winamax Poker - Tournament "Expresso Nitro" buyIn: 0.93€ + 0.07€ level: 3 - HandId: #2729159779090956289-8-1676903764 - Holdem no limit (20/40) - 2023/02/20 14:36:04 UTC
Table: 'Expresso Nitro(635432028)#0' 3-max (real money) Seat #3 is the button
Seat 1: _SKR (240)
Seat 3: enzo76200 (660)
*** ANTE/BLINDS ***
enzo76200 posts small blind 20
_SKR posts big blind 40
Dealt to _SKR [2h 8d]
*** PRE-FLOP *** 
enzo76200 calls 20
_SKR checks
*** FLOP *** [Tc Qd 8s]
_SKR checks
enzo76200 bets 40
_SKR folds
enzo76200 collected 120 from pot
*** SUMMARY ***
Total pot 120 | No rake
Board: [Tc Qd 8s]
Seat 3: enzo76200 (small blind) (button) won 120


Winamax Poker - Tournament "Expresso Nitro" buyIn: 0.93€ + 0.07€ level: 3 - HandId: #2729159779090956289-9-1676903794 - Holdem no limit (20/40) - 2023/02/20 14:36:34 UTC
Table: 'Expresso Nitro(635432028)#0' 3-max (real money) Seat #1 is the button
Seat 1: _SKR (200)
Seat 3: enzo76200 (700)
*** ANTE/BLINDS ***
_SKR posts small blind 20
enzo76200 posts big blind 40
Dealt to _SKR [Jd 9d]
*** PRE-FLOP *** 
_SKR raises 160 to 200 and is all-in
enzo76200 calls 160
*** FLOP *** [3d Qs 4h]
*** TURN *** [3d Qs 4h][3s]
*** RIVER *** [3d Qs 4h 3s][5c]
*** SHOW DOWN ***
_SKR shows [Jd 9d] (One pair : 3)
enzo76200 shows [Ah As] (Two pairs : Aces and 3)
enzo76200 collected 400 from pot
*** SUMMARY ***
Total pot 400 | No rake
Board: [3d Qs 4h 3s 5c]
Seat 1: _SKR (small blind) (button) showed [Jd 9d] and lost with One pair : 3
Seat 3: enzo76200 (big blind) showed [Ah As] and won 400 with Two pairs : Aces and 3


