Winamax Poker - Tournament "Expresso Nitro" buyIn: 1.86€ + 0.14€ level: 1 - HandId: #2696532999897350145-1-1675085526 - Holdem no limit (10/20) - 2023/01/30 13:32:06 UTC
Table: 'Expresso Nitro(627835514)#0' 3-max (real money) Seat #2 is the button
Seat 1: BGonza5.0 (300)
Seat 2: Falzzz (300)
Seat 3: _SKR (300)
*** ANTE/BLINDS ***
_SKR posts small blind 10
BGonza5.0 posts big blind 20
Dealt to _SKR [8s 4s]
*** PRE-FLOP *** 
Falzzz folds
_SKR folds
BGonza5.0 collected 30 from pot
*** SUMMARY ***
Total pot 30 | No rake
Seat 1: BGonza5.0 (big blind) won 30


Winamax Poker - Tournament "Expresso Nitro" buyIn: 1.86€ + 0.14€ level: 1 - HandId: #2696532999897350145-2-1675085535 - Holdem no limit (10/20) - 2023/01/30 13:32:15 UTC
Table: 'Expresso Nitro(627835514)#0' 3-max (real money) Seat #3 is the button
Seat 1: BGonza5.0 (310)
Seat 2: Falzzz (300)
Seat 3: _SKR (290)
*** ANTE/BLINDS ***
BGonza5.0 posts small blind 10
Falzzz posts big blind 20
Dealt to _SKR [4d 6s]
*** PRE-FLOP *** 
_SKR folds
BGonza5.0 raises 290 to 310 and is all-in
Falzzz calls 280 and is all-in
*** FLOP *** [Ah 9d Th]
*** TURN *** [Ah 9d Th][8s]
*** RIVER *** [Ah 9d Th 8s][Ts]
*** SHOW DOWN ***
Falzzz shows [Kd Jh] (One pair : Tens)
BGonza5.0 shows [7s As] (Two pairs : Aces and Tens)
BGonza5.0 collected 610 from pot
*** SUMMARY ***
Total pot 610 | No rake
Board: [Ah 9d Th 8s Ts]
Seat 1: BGonza5.0 (small blind) showed [7s As] and won 610 with Two pairs : Aces and Tens
Seat 2: Falzzz (big blind) showed [Kd Jh] and lost with One pair : Tens


Winamax Poker - Tournament "Expresso Nitro" buyIn: 1.86€ + 0.14€ level: 1 - HandId: #2696532999897350145-3-1675085551 - Holdem no limit (10/20) - 2023/01/30 13:32:31 UTC
Table: 'Expresso Nitro(627835514)#0' 3-max (real money) Seat #3 is the button
Seat 1: BGonza5.0 (610)
Seat 3: _SKR (290)
*** ANTE/BLINDS ***
_SKR posts small blind 10
BGonza5.0 posts big blind 20
Dealt to _SKR [7c 2s]
*** PRE-FLOP *** 
_SKR folds
BGonza5.0 collected 30 from pot
*** SUMMARY ***
Total pot 30 | No rake
Seat 1: BGonza5.0 (big blind) won 30


Winamax Poker - Tournament "Expresso Nitro" buyIn: 1.86€ + 0.14€ level: 1 - HandId: #2696532999897350145-4-1675085554 - Holdem no limit (10/20) - 2023/01/30 13:32:34 UTC
Table: 'Expresso Nitro(627835514)#0' 3-max (real money) Seat #1 is the button
Seat 1: BGonza5.0 (620)
Seat 3: _SKR (280)
*** ANTE/BLINDS ***
BGonza5.0 posts small blind 10
_SKR posts big blind 20
Dealt to _SKR [Qd 3d]
*** PRE-FLOP *** 
BGonza5.0 raises 600 to 620 and is all-in
_SKR folds
BGonza5.0 collected 640 from pot
*** SUMMARY ***
Total pot 640 | No rake
Seat 1: BGonza5.0 (small blind) (button) won 640


Winamax Poker - Tournament "Expresso Nitro" buyIn: 1.86€ + 0.14€ level: 1 - HandId: #2696532999897350145-5-1675085560 - Holdem no limit (10/20) - 2023/01/30 13:32:40 UTC
Table: 'Expresso Nitro(627835514)#0' 3-max (real money) Seat #3 is the button
Seat 1: BGonza5.0 (640)
Seat 3: _SKR (260)
*** ANTE/BLINDS ***
_SKR posts small blind 10
BGonza5.0 posts big blind 20
Dealt to _SKR [Ts 9d]
*** PRE-FLOP *** 
_SKR calls 10
BGonza5.0 checks
*** FLOP *** [2c Qh Qc]
BGonza5.0 checks
_SKR checks
*** TURN *** [2c Qh Qc][As]
BGonza5.0 checks
_SKR checks
*** RIVER *** [2c Qh Qc As][2d]
BGonza5.0 checks
_SKR checks
*** SHOW DOWN ***
BGonza5.0 shows [6c 3d] (Two pairs : Queens and 2)
_SKR shows [Ts 9d] (Two pairs : Queens and 2)
_SKR collected 20 from pot
BGonza5.0 collected 20 from pot
*** SUMMARY ***
Total pot 40 | No rake
Board: [2c Qh Qc As 2d]
Seat 1: BGonza5.0 (big blind) showed [6c 3d] and won 20 with Two pairs : Queens and 2
Seat 3: _SKR (small blind) (button) showed [Ts 9d] and won 20 with Two pairs : Queens and 2


Winamax Poker - Tournament "Expresso Nitro" buyIn: 1.86€ + 0.14€ level: 2 - HandId: #2696532999897350145-6-1675085591 - Holdem no limit (15/30) - 2023/01/30 13:33:11 UTC
Table: 'Expresso Nitro(627835514)#0' 3-max (real money) Seat #1 is the button
Seat 1: BGonza5.0 (640)
Seat 3: _SKR (260)
*** ANTE/BLINDS ***
BGonza5.0 posts small blind 15
_SKR posts big blind 30
Dealt to _SKR [Jh 2d]
*** PRE-FLOP *** 
BGonza5.0 raises 610 to 640 and is all-in
_SKR folds
BGonza5.0 collected 670 from pot
*** SUMMARY ***
Total pot 670 | No rake
Seat 1: BGonza5.0 (small blind) (button) won 670


Winamax Poker - Tournament "Expresso Nitro" buyIn: 1.86€ + 0.14€ level: 2 - HandId: #2696532999897350145-7-1675085604 - Holdem no limit (15/30) - 2023/01/30 13:33:24 UTC
Table: 'Expresso Nitro(627835514)#0' 3-max (real money) Seat #3 is the button
Seat 1: BGonza5.0 (670)
Seat 3: _SKR (230)
*** ANTE/BLINDS ***
_SKR posts small blind 15
BGonza5.0 posts big blind 30
Dealt to _SKR [3s Kd]
*** PRE-FLOP *** 
_SKR raises 200 to 230 and is all-in
BGonza5.0 folds
_SKR collected 260 from pot
*** SUMMARY ***
Total pot 260 | No rake
Seat 3: _SKR (small blind) (button) won 260


Winamax Poker - Tournament "Expresso Nitro" buyIn: 1.86€ + 0.14€ level: 2 - HandId: #2696532999897350145-8-1675085609 - Holdem no limit (15/30) - 2023/01/30 13:33:29 UTC
Table: 'Expresso Nitro(627835514)#0' 3-max (real money) Seat #1 is the button
Seat 1: BGonza5.0 (640)
Seat 3: _SKR (260)
*** ANTE/BLINDS ***
BGonza5.0 posts small blind 15
_SKR posts big blind 30
Dealt to _SKR [5d 4s]
*** PRE-FLOP *** 
BGonza5.0 raises 610 to 640 and is all-in
_SKR folds
BGonza5.0 collected 670 from pot
*** SUMMARY ***
Total pot 670 | No rake
Seat 1: BGonza5.0 (small blind) (button) won 670


Winamax Poker - Tournament "Expresso Nitro" buyIn: 1.86€ + 0.14€ level: 2 - HandId: #2696532999897350145-9-1675085616 - Holdem no limit (15/30) - 2023/01/30 13:33:36 UTC
Table: 'Expresso Nitro(627835514)#0' 3-max (real money) Seat #3 is the button
Seat 1: BGonza5.0 (670)
Seat 3: _SKR (230)
*** ANTE/BLINDS ***
_SKR posts small blind 15
BGonza5.0 posts big blind 30
Dealt to _SKR [7h As]
*** PRE-FLOP *** 
_SKR raises 200 to 230 and is all-in
BGonza5.0 calls 200
*** FLOP *** [Ts 9c Qd]
*** TURN *** [Ts 9c Qd][Jh]
*** RIVER *** [Ts 9c Qd Jh][4h]
*** SHOW DOWN ***
_SKR shows [7h As] (High card : Ace)
BGonza5.0 shows [Kh 7c] (Straight King high)
BGonza5.0 collected 460 from pot
*** SUMMARY ***
Total pot 460 | No rake
Board: [Ts 9c Qd Jh 4h]
Seat 1: BGonza5.0 (big blind) showed [Kh 7c] and won 460 with Straight King high
Seat 3: _SKR (small blind) (button) showed [7h As] and lost with High card : Ace


