Winamax Poker - Tournament "Expresso Nitro" buyIn: 1.86€ + 0.14€ level: 1 - HandId: #2698113805560315905-1-1675181284 - Holdem no limit (10/20) - 2023/01/31 16:08:04 UTC
Table: 'Expresso Nitro(628203574)#0' 3-max (real money) Seat #3 is the button
Seat 1: MihaiSonea (300)
Seat 2: _SKR (300)
Seat 3: slimane23 (300)
*** ANTE/BLINDS ***
MihaiSonea posts small blind 10
_SKR posts big blind 20
Dealt to _SKR [Ad 9h]
*** PRE-FLOP *** 
slimane23 folds
MihaiSonea calls 10
_SKR raises 280 to 300 and is all-in
MihaiSonea calls 280 and is all-in
*** FLOP *** [As 4c 4d]
*** TURN *** [As 4c 4d][Kd]
*** RIVER *** [As 4c 4d Kd][9s]
*** SHOW DOWN ***
MihaiSonea shows [Td Kh] (Two pairs : Kings and 4)
_SKR shows [Ad 9h] (Two pairs : Aces and 9)
_SKR collected 600 from pot
*** SUMMARY ***
Total pot 600 | No rake
Board: [As 4c 4d Kd 9s]
Seat 1: MihaiSonea (small blind) showed [Td Kh] and lost with Two pairs : Kings and 4
Seat 2: _SKR (big blind) showed [Ad 9h] and won 600 with Two pairs : Aces and 9


Winamax Poker - Tournament "Expresso Nitro" buyIn: 1.86€ + 0.14€ level: 1 - HandId: #2698113805560315905-2-1675181308 - Holdem no limit (10/20) - 2023/01/31 16:08:28 UTC
Table: 'Expresso Nitro(628203574)#0' 3-max (real money) Seat #2 is the button
Seat 2: _SKR (600)
Seat 3: slimane23 (300)
*** ANTE/BLINDS ***
_SKR posts small blind 10
slimane23 posts big blind 20
Dealt to _SKR [9h 6h]
*** PRE-FLOP *** 
_SKR calls 10
slimane23 checks
*** FLOP *** [Qh Th 3h]
slimane23 checks
_SKR bets 26
slimane23 folds
_SKR collected 66 from pot
*** SUMMARY ***
Total pot 66 | No rake
Board: [Qh Th 3h]
Seat 2: _SKR (small blind) (button) won 66


Winamax Poker - Tournament "Expresso Nitro" buyIn: 1.86€ + 0.14€ level: 1 - HandId: #2698113805560315905-3-1675181320 - Holdem no limit (10/20) - 2023/01/31 16:08:40 UTC
Table: 'Expresso Nitro(628203574)#0' 3-max (real money) Seat #3 is the button
Seat 2: _SKR (620)
Seat 3: slimane23 (280)
*** ANTE/BLINDS ***
slimane23 posts small blind 10
_SKR posts big blind 20
Dealt to _SKR [5h Ad]
*** PRE-FLOP *** 
slimane23 calls 10
_SKR raises 600 to 620 and is all-in
slimane23 folds
_SKR collected 640 from pot
*** SUMMARY ***
Total pot 640 | No rake
Seat 2: _SKR (big blind) won 640


Winamax Poker - Tournament "Expresso Nitro" buyIn: 1.86€ + 0.14€ level: 1 - HandId: #2698113805560315905-4-1675181328 - Holdem no limit (10/20) - 2023/01/31 16:08:48 UTC
Table: 'Expresso Nitro(628203574)#0' 3-max (real money) Seat #2 is the button
Seat 2: _SKR (640)
Seat 3: slimane23 (260)
*** ANTE/BLINDS ***
_SKR posts small blind 10
slimane23 posts big blind 20
Dealt to _SKR [6h 2d]
*** PRE-FLOP *** 
_SKR folds
slimane23 collected 30 from pot
*** SUMMARY ***
Total pot 30 | No rake
Seat 3: slimane23 (big blind) won 30


Winamax Poker - Tournament "Expresso Nitro" buyIn: 1.86€ + 0.14€ level: 1 - HandId: #2698113805560315905-5-1675181332 - Holdem no limit (10/20) - 2023/01/31 16:08:52 UTC
Table: 'Expresso Nitro(628203574)#0' 3-max (real money) Seat #3 is the button
Seat 2: _SKR (630)
Seat 3: slimane23 (270)
*** ANTE/BLINDS ***
slimane23 posts small blind 10
_SKR posts big blind 20
Dealt to _SKR [7d 9d]
*** PRE-FLOP *** 
slimane23 raises 40 to 60
_SKR folds
slimane23 collected 80 from pot
*** SUMMARY ***
Total pot 80 | No rake
Seat 3: slimane23 (small blind) (button) won 80


Winamax Poker - Tournament "Expresso Nitro" buyIn: 1.86€ + 0.14€ level: 1 - HandId: #2698113805560315905-6-1675181337 - Holdem no limit (10/20) - 2023/01/31 16:08:57 UTC
Table: 'Expresso Nitro(628203574)#0' 3-max (real money) Seat #2 is the button
Seat 2: _SKR (610)
Seat 3: slimane23 (290)
*** ANTE/BLINDS ***
_SKR posts small blind 10
slimane23 posts big blind 20
Dealt to _SKR [Ts 4d]
*** PRE-FLOP *** 
_SKR folds
slimane23 collected 30 from pot
*** SUMMARY ***
Total pot 30 | No rake
Seat 3: slimane23 (big blind) won 30


Winamax Poker - Tournament "Expresso Nitro" buyIn: 1.86€ + 0.14€ level: 2 - HandId: #2698113805560315905-7-1675181341 - Holdem no limit (15/30) - 2023/01/31 16:09:01 UTC
Table: 'Expresso Nitro(628203574)#0' 3-max (real money) Seat #3 is the button
Seat 2: _SKR (600)
Seat 3: slimane23 (300)
*** ANTE/BLINDS ***
slimane23 posts small blind 15
_SKR posts big blind 30
Dealt to _SKR [3d 5c]
*** PRE-FLOP *** 
slimane23 raises 270 to 300 and is all-in
_SKR folds
slimane23 collected 330 from pot
*** SUMMARY ***
Total pot 330 | No rake
Seat 3: slimane23 (small blind) (button) won 330


Winamax Poker - Tournament "Expresso Nitro" buyIn: 1.86€ + 0.14€ level: 2 - HandId: #2698113805560315905-8-1675181350 - Holdem no limit (15/30) - 2023/01/31 16:09:10 UTC
Table: 'Expresso Nitro(628203574)#0' 3-max (real money) Seat #2 is the button
Seat 2: _SKR (570)
Seat 3: slimane23 (330)
*** ANTE/BLINDS ***
_SKR posts small blind 15
slimane23 posts big blind 30
Dealt to _SKR [Tc Kh]
*** PRE-FLOP *** 
_SKR raises 540 to 570 and is all-in
slimane23 folds
_SKR collected 600 from pot
*** SUMMARY ***
Total pot 600 | No rake
Seat 2: _SKR (small blind) (button) won 600


Winamax Poker - Tournament "Expresso Nitro" buyIn: 1.86€ + 0.14€ level: 2 - HandId: #2698113805560315905-9-1675181356 - Holdem no limit (15/30) - 2023/01/31 16:09:16 UTC
Table: 'Expresso Nitro(628203574)#0' 3-max (real money) Seat #3 is the button
Seat 2: _SKR (600)
Seat 3: slimane23 (300)
*** ANTE/BLINDS ***
slimane23 posts small blind 15
_SKR posts big blind 30
Dealt to _SKR [Th Tc]
*** PRE-FLOP *** 
slimane23 calls 15
_SKR raises 570 to 600 and is all-in
slimane23 calls 270 and is all-in
*** FLOP *** [2h 8h 5d]
*** TURN *** [2h 8h 5d][2s]
*** RIVER *** [2h 8h 5d 2s][Ah]
*** SHOW DOWN ***
_SKR shows [Th Tc] (Two pairs : Tens and 2)
slimane23 shows [Qs Ac] (Two pairs : Aces and 2)
slimane23 collected 600 from main pot
_SKR collected 300 from side pot 1
*** SUMMARY ***
Total pot 900 | No rake
Board: [2h 8h 5d 2s Ah]
Seat 2: _SKR (big blind) showed [Th Tc] and won 300 with Two pairs : Tens and 2
Seat 3: slimane23 (small blind) (button) showed [Qs Ac] and won 600 with Two pairs : Aces and 2


Winamax Poker - Tournament "Expresso Nitro" buyIn: 1.86€ + 0.14€ level: 2 - HandId: #2698113805560315905-10-1675181370 - Holdem no limit (15/30) - 2023/01/31 16:09:30 UTC
Table: 'Expresso Nitro(628203574)#0' 3-max (real money) Seat #2 is the button
Seat 2: _SKR (300)
Seat 3: slimane23 (600)
*** ANTE/BLINDS ***
_SKR posts small blind 15
slimane23 posts big blind 30
Dealt to _SKR [Kc 9s]
*** PRE-FLOP *** 
_SKR raises 270 to 300 and is all-in
slimane23 folds
_SKR collected 330 from pot
*** SUMMARY ***
Total pot 330 | No rake
Seat 2: _SKR (small blind) (button) won 330


Winamax Poker - Tournament "Expresso Nitro" buyIn: 1.86€ + 0.14€ level: 2 - HandId: #2698113805560315905-11-1675181377 - Holdem no limit (15/30) - 2023/01/31 16:09:37 UTC
Table: 'Expresso Nitro(628203574)#0' 3-max (real money) Seat #3 is the button
Seat 2: _SKR (330)
Seat 3: slimane23 (570)
*** ANTE/BLINDS ***
slimane23 posts small blind 15
_SKR posts big blind 30
Dealt to _SKR [As Js]
*** PRE-FLOP *** 
slimane23 calls 15
_SKR raises 300 to 330 and is all-in
slimane23 calls 300
*** FLOP *** [4s 2h Ks]
*** TURN *** [4s 2h Ks][Jh]
*** RIVER *** [4s 2h Ks Jh][4c]
*** SHOW DOWN ***
slimane23 shows [9d 9c] (Two pairs : 9 and 4)
_SKR shows [As Js] (Two pairs : Jacks and 4)
_SKR collected 660 from pot
*** SUMMARY ***
Total pot 660 | No rake
Board: [4s 2h Ks Jh 4c]
Seat 2: _SKR (big blind) showed [As Js] and won 660 with Two pairs : Jacks and 4
Seat 3: slimane23 (small blind) (button) showed [9d 9c] and lost with Two pairs : 9 and 4


Winamax Poker - Tournament "Expresso Nitro" buyIn: 1.86€ + 0.14€ level: 2 - HandId: #2698113805560315905-12-1675181392 - Holdem no limit (15/30) - 2023/01/31 16:09:52 UTC
Table: 'Expresso Nitro(628203574)#0' 3-max (real money) Seat #2 is the button
Seat 2: _SKR (660)
Seat 3: slimane23 (240)
*** ANTE/BLINDS ***
_SKR posts small blind 15
slimane23 posts big blind 30
Dealt to _SKR [6c Jd]
*** PRE-FLOP *** 
_SKR folds
slimane23 collected 45 from pot
*** SUMMARY ***
Total pot 45 | No rake
Seat 3: slimane23 (big blind) won 45


Winamax Poker - Tournament "Expresso Nitro" buyIn: 1.86€ + 0.14€ level: 2 - HandId: #2698113805560315905-13-1675181396 - Holdem no limit (15/30) - 2023/01/31 16:09:56 UTC
Table: 'Expresso Nitro(628203574)#0' 3-max (real money) Seat #3 is the button
Seat 2: _SKR (645)
Seat 3: slimane23 (255)
*** ANTE/BLINDS ***
slimane23 posts small blind 15
_SKR posts big blind 30
Dealt to _SKR [Kd 9c]
*** PRE-FLOP *** 
slimane23 raises 225 to 255 and is all-in
_SKR calls 225
*** FLOP *** [5d Qd 7s]
*** TURN *** [5d Qd 7s][Ad]
*** RIVER *** [5d Qd 7s Ad][6h]
*** SHOW DOWN ***
_SKR shows [Kd 9c] (High card : Ace)
slimane23 shows [2s 2h] (One pair : 2)
slimane23 collected 510 from pot
*** SUMMARY ***
Total pot 510 | No rake
Board: [5d Qd 7s Ad 6h]
Seat 2: _SKR (big blind) showed [Kd 9c] and lost with High card : Ace
Seat 3: slimane23 (small blind) (button) showed [2s 2h] and won 510 with One pair : 2


Winamax Poker - Tournament "Expresso Nitro" buyIn: 1.86€ + 0.14€ level: 3 - HandId: #2698113805560315905-14-1675181410 - Holdem no limit (20/40) - 2023/01/31 16:10:10 UTC
Table: 'Expresso Nitro(628203574)#0' 3-max (real money) Seat #2 is the button
Seat 2: _SKR (390)
Seat 3: slimane23 (510)
*** ANTE/BLINDS ***
_SKR posts small blind 20
slimane23 posts big blind 40
Dealt to _SKR [Qd 6d]
*** PRE-FLOP *** 
_SKR raises 350 to 390 and is all-in
slimane23 folds
_SKR collected 430 from pot
*** SUMMARY ***
Total pot 430 | No rake
Seat 2: _SKR (small blind) (button) won 430


Winamax Poker - Tournament "Expresso Nitro" buyIn: 1.86€ + 0.14€ level: 3 - HandId: #2698113805560315905-15-1675181416 - Holdem no limit (20/40) - 2023/01/31 16:10:16 UTC
Table: 'Expresso Nitro(628203574)#0' 3-max (real money) Seat #3 is the button
Seat 2: _SKR (430)
Seat 3: slimane23 (470)
*** ANTE/BLINDS ***
slimane23 posts small blind 20
_SKR posts big blind 40
Dealt to _SKR [8d 6s]
*** PRE-FLOP *** 
slimane23 raises 430 to 470 and is all-in
_SKR folds
slimane23 collected 510 from pot
*** SUMMARY ***
Total pot 510 | No rake
Seat 3: slimane23 (small blind) (button) won 510


Winamax Poker - Tournament "Expresso Nitro" buyIn: 1.86€ + 0.14€ level: 3 - HandId: #2698113805560315905-16-1675181422 - Holdem no limit (20/40) - 2023/01/31 16:10:22 UTC
Table: 'Expresso Nitro(628203574)#0' 3-max (real money) Seat #2 is the button
Seat 2: _SKR (390)
Seat 3: slimane23 (510)
*** ANTE/BLINDS ***
_SKR posts small blind 20
slimane23 posts big blind 40
Dealt to _SKR [9s As]
*** PRE-FLOP *** 
_SKR raises 350 to 390 and is all-in
slimane23 calls 350
*** FLOP *** [6h 8c Tc]
*** TURN *** [6h 8c Tc][2d]
*** RIVER *** [6h 8c Tc 2d][2h]
*** SHOW DOWN ***
slimane23 shows [Ac 4s] (One pair : 2)
_SKR shows [9s As] (One pair : 2)
_SKR collected 780 from pot
*** SUMMARY ***
Total pot 780 | No rake
Board: [6h 8c Tc 2d 2h]
Seat 2: _SKR (small blind) (button) showed [9s As] and won 780 with One pair : 2
Seat 3: slimane23 (big blind) showed [Ac 4s] and lost with One pair : 2


Winamax Poker - Tournament "Expresso Nitro" buyIn: 1.86€ + 0.14€ level: 3 - HandId: #2698113805560315905-17-1675181435 - Holdem no limit (20/40) - 2023/01/31 16:10:35 UTC
Table: 'Expresso Nitro(628203574)#0' 3-max (real money) Seat #3 is the button
Seat 2: _SKR (780)
Seat 3: slimane23 (120)
*** ANTE/BLINDS ***
slimane23 posts small blind 20
_SKR posts big blind 40
Dealt to _SKR [3s Td]
*** PRE-FLOP *** 
slimane23 raises 80 to 120 and is all-in
_SKR folds
slimane23 collected 160 from pot
*** SUMMARY ***
Total pot 160 | No rake
Seat 3: slimane23 (small blind) (button) won 160


Winamax Poker - Tournament "Expresso Nitro" buyIn: 1.86€ + 0.14€ level: 3 - HandId: #2698113805560315905-18-1675181440 - Holdem no limit (20/40) - 2023/01/31 16:10:40 UTC
Table: 'Expresso Nitro(628203574)#0' 3-max (real money) Seat #2 is the button
Seat 2: _SKR (740)
Seat 3: slimane23 (160)
*** ANTE/BLINDS ***
_SKR posts small blind 20
slimane23 posts big blind 40
Dealt to _SKR [6h 3d]
*** PRE-FLOP *** 
_SKR folds
slimane23 collected 60 from pot
*** SUMMARY ***
Total pot 60 | No rake
Seat 3: slimane23 (big blind) won 60


Winamax Poker - Tournament "Expresso Nitro" buyIn: 1.86€ + 0.14€ level: 3 - HandId: #2698113805560315905-19-1675181445 - Holdem no limit (20/40) - 2023/01/31 16:10:45 UTC
Table: 'Expresso Nitro(628203574)#0' 3-max (real money) Seat #3 is the button
Seat 2: _SKR (720)
Seat 3: slimane23 (180)
*** ANTE/BLINDS ***
slimane23 posts small blind 20
_SKR posts big blind 40
Dealt to _SKR [Ks 5c]
*** PRE-FLOP *** 
slimane23 raises 80 to 120
_SKR folds
slimane23 collected 160 from pot
*** SUMMARY ***
Total pot 160 | No rake
Seat 3: slimane23 (small blind) (button) won 160


Winamax Poker - Tournament "Expresso Nitro" buyIn: 1.86€ + 0.14€ level: 3 - HandId: #2698113805560315905-20-1675181452 - Holdem no limit (20/40) - 2023/01/31 16:10:52 UTC
Table: 'Expresso Nitro(628203574)#0' 3-max (real money) Seat #2 is the button
Seat 2: _SKR (680)
Seat 3: slimane23 (220)
*** ANTE/BLINDS ***
_SKR posts small blind 20
slimane23 posts big blind 40
Dealt to _SKR [7s 5h]
*** PRE-FLOP *** 
_SKR folds
slimane23 collected 60 from pot
*** SUMMARY ***
Total pot 60 | No rake
Seat 3: slimane23 (big blind) won 60


Winamax Poker - Tournament "Expresso Nitro" buyIn: 1.86€ + 0.14€ level: 3 - HandId: #2698113805560315905-21-1675181456 - Holdem no limit (20/40) - 2023/01/31 16:10:56 UTC
Table: 'Expresso Nitro(628203574)#0' 3-max (real money) Seat #3 is the button
Seat 2: _SKR (660)
Seat 3: slimane23 (240)
*** ANTE/BLINDS ***
slimane23 posts small blind 20
_SKR posts big blind 40
Dealt to _SKR [6s Ac]
*** PRE-FLOP *** 
slimane23 calls 20
_SKR raises 620 to 660 and is all-in
slimane23 folds
_SKR collected 700 from pot
*** SUMMARY ***
Total pot 700 | No rake
Seat 2: _SKR (big blind) won 700


Winamax Poker - Tournament "Expresso Nitro" buyIn: 1.86€ + 0.14€ level: 4 - HandId: #2698113805560315905-22-1675181463 - Holdem no limit (30/60) - 2023/01/31 16:11:03 UTC
Table: 'Expresso Nitro(628203574)#0' 3-max (real money) Seat #2 is the button
Seat 2: _SKR (700)
Seat 3: slimane23 (200)
*** ANTE/BLINDS ***
_SKR posts small blind 30
slimane23 posts big blind 60
Dealt to _SKR [5c Qc]
*** PRE-FLOP *** 
_SKR raises 640 to 700 and is all-in
slimane23 calls 140 and is all-in
*** FLOP *** [Th Ts 6d]
*** TURN *** [Th Ts 6d][8d]
*** RIVER *** [Th Ts 6d 8d][Jc]
*** SHOW DOWN ***
slimane23 shows [4c 3h] (One pair : Tens)
_SKR shows [5c Qc] (One pair : Tens)
_SKR collected 900 from pot
*** SUMMARY ***
Total pot 900 | No rake
Board: [Th Ts 6d 8d Jc]
Seat 2: _SKR (small blind) (button) showed [5c Qc] and won 900 with One pair : Tens
Seat 3: slimane23 (big blind) showed [4c 3h] and lost with One pair : Tens


