Winamax Poker - Tournament "Expresso Nitro" buyIn: 0.93€ + 0.07€ level: 1 - HandId: #2671071269830524929-1-1673529665 - Holdem no limit (10/20) - 2023/01/12 13:21:05 UTC
Table: 'Expresso Nitro(621907243)#0' 3-max (real money) Seat #1 is the button
Seat 1: Flushhh (300)
Seat 2: _SKR (300)
Seat 3: Queladrogue (300)
*** ANTE/BLINDS ***
_SKR posts small blind 10
Queladrogue posts big blind 20
Dealt to _SKR [Js 5d]
*** PRE-FLOP *** 
Flushhh folds
_SKR folds
Queladrogue collected 30 from pot
*** SUMMARY ***
Total pot 30 | No rake
Seat 3: Queladrogue (big blind) won 30


Winamax Poker - Tournament "Expresso Nitro" buyIn: 0.93€ + 0.07€ level: 1 - HandId: #2671071269830524929-2-1673529671 - Holdem no limit (10/20) - 2023/01/12 13:21:11 UTC
Table: 'Expresso Nitro(621907243)#0' 3-max (real money) Seat #2 is the button
Seat 1: Flushhh (300)
Seat 2: _SKR (290)
Seat 3: Queladrogue (310)
*** ANTE/BLINDS ***
Queladrogue posts small blind 10
Flushhh posts big blind 20
Dealt to _SKR [3d 5c]
*** PRE-FLOP *** 
_SKR folds
Queladrogue folds
Flushhh collected 30 from pot
*** SUMMARY ***
Total pot 30 | No rake
Seat 1: Flushhh (big blind) won 30


Winamax Poker - Tournament "Expresso Nitro" buyIn: 0.93€ + 0.07€ level: 1 - HandId: #2671071269830524929-3-1673529686 - Holdem no limit (10/20) - 2023/01/12 13:21:26 UTC
Table: 'Expresso Nitro(621907243)#0' 3-max (real money) Seat #3 is the button
Seat 1: Flushhh (310)
Seat 2: _SKR (290)
Seat 3: Queladrogue (300)
*** ANTE/BLINDS ***
Flushhh posts small blind 10
_SKR posts big blind 20
Dealt to _SKR [9s Qh]
*** PRE-FLOP *** 
Queladrogue folds
Flushhh calls 10
_SKR checks
*** FLOP *** [4h 9h 5c]
Flushhh bets 20
_SKR calls 20
*** TURN *** [4h 9h 5c][8h]
Flushhh bets 20
_SKR calls 20
*** RIVER *** [4h 9h 5c 8h][Kc]
Flushhh checks
_SKR checks
*** SHOW DOWN ***
Flushhh shows [3c 6c] (High card : King)
_SKR shows [9s Qh] (One pair : 9)
_SKR collected 120 from pot
*** SUMMARY ***
Total pot 120 | No rake
Board: [4h 9h 5c 8h Kc]
Seat 1: Flushhh (small blind) showed [3c 6c] and lost with High card : King
Seat 2: _SKR (big blind) showed [9s Qh] and won 120 with One pair : 9


Winamax Poker - Tournament "Expresso Nitro" buyIn: 0.93€ + 0.07€ level: 2 - HandId: #2671071269830524929-4-1673529724 - Holdem no limit (15/30) - 2023/01/12 13:22:04 UTC
Table: 'Expresso Nitro(621907243)#0' 3-max (real money) Seat #1 is the button
Seat 1: Flushhh (250)
Seat 2: _SKR (350)
Seat 3: Queladrogue (300)
*** ANTE/BLINDS ***
_SKR posts small blind 15
Queladrogue posts big blind 30
Dealt to _SKR [5c Qh]
*** PRE-FLOP *** 
Flushhh folds
_SKR folds
Queladrogue collected 45 from pot
*** SUMMARY ***
Total pot 45 | No rake
Seat 3: Queladrogue (big blind) won 45


Winamax Poker - Tournament "Expresso Nitro" buyIn: 0.93€ + 0.07€ level: 2 - HandId: #2671071269830524929-5-1673529729 - Holdem no limit (15/30) - 2023/01/12 13:22:09 UTC
Table: 'Expresso Nitro(621907243)#0' 3-max (real money) Seat #2 is the button
Seat 1: Flushhh (250)
Seat 2: _SKR (335)
Seat 3: Queladrogue (315)
*** ANTE/BLINDS ***
Queladrogue posts small blind 15
Flushhh posts big blind 30
Dealt to _SKR [5h Qc]
*** PRE-FLOP *** 
_SKR folds
Queladrogue raises 30 to 60
Flushhh raises 190 to 250 and is all-in
Queladrogue raises 65 to 315 and is all-in
*** FLOP *** [7d 7s 2h]
*** TURN *** [7d 7s 2h][4c]
*** RIVER *** [7d 7s 2h 4c][3c]
*** SHOW DOWN ***
Flushhh shows [9c Qh] (One pair : 7)
Queladrogue shows [Jd Jh] (Two pairs : Jacks and 7)
Queladrogue collected 565 from pot
*** SUMMARY ***
Total pot 565 | No rake
Board: [7d 7s 2h 4c 3c]
Seat 1: Flushhh (big blind) showed [9c Qh] and lost with One pair : 7
Seat 3: Queladrogue (small blind) showed [Jd Jh] and won 565 with Two pairs : Jacks and 7


Winamax Poker - Tournament "Expresso Nitro" buyIn: 0.93€ + 0.07€ level: 2 - HandId: #2671071269830524929-6-1673529754 - Holdem no limit (15/30) - 2023/01/12 13:22:34 UTC
Table: 'Expresso Nitro(621907243)#0' 3-max (real money) Seat #2 is the button
Seat 2: _SKR (335)
Seat 3: Queladrogue (565)
*** ANTE/BLINDS ***
_SKR posts small blind 15
Queladrogue posts big blind 30
Dealt to _SKR [9h Td]
*** PRE-FLOP *** 
_SKR calls 15
Queladrogue raises 535 to 565 and is all-in
_SKR folds
Queladrogue collected 595 from pot
*** SUMMARY ***
Total pot 595 | No rake
Seat 3: Queladrogue (big blind) won 595


Winamax Poker - Tournament "Expresso Nitro" buyIn: 0.93€ + 0.07€ level: 2 - HandId: #2671071269830524929-7-1673529762 - Holdem no limit (15/30) - 2023/01/12 13:22:42 UTC
Table: 'Expresso Nitro(621907243)#0' 3-max (real money) Seat #3 is the button
Seat 2: _SKR (305)
Seat 3: Queladrogue (595)
*** ANTE/BLINDS ***
Queladrogue posts small blind 15
_SKR posts big blind 30
Dealt to _SKR [Tc Kh]
*** PRE-FLOP *** 
Queladrogue raises 565 to 595 and is all-in
_SKR calls 275 and is all-in
*** FLOP *** [Ts Kc Ad]
*** TURN *** [Ts Kc Ad][4c]
*** RIVER *** [Ts Kc Ad 4c][8h]
*** SHOW DOWN ***
_SKR shows [Tc Kh] (Two pairs : Kings and Tens)
Queladrogue shows [6c Ac] (One pair : Aces)
Queladrogue collected 290 from side pot 1
_SKR collected 610 from main pot
*** SUMMARY ***
Total pot 900 | No rake
Board: [Ts Kc Ad 4c 8h]
Seat 2: _SKR (big blind) showed [Tc Kh] and won 610 with Two pairs : Kings and Tens
Seat 3: Queladrogue (small blind) (button) showed [6c Ac] and won 290 with One pair : Aces


Winamax Poker - Tournament "Expresso Nitro" buyIn: 0.93€ + 0.07€ level: 2 - HandId: #2671071269830524929-8-1673529780 - Holdem no limit (15/30) - 2023/01/12 13:23:00 UTC
Table: 'Expresso Nitro(621907243)#0' 3-max (real money) Seat #2 is the button
Seat 2: _SKR (610)
Seat 3: Queladrogue (290)
*** ANTE/BLINDS ***
_SKR posts small blind 15
Queladrogue posts big blind 30
Dealt to _SKR [Kh 3d]
*** PRE-FLOP *** 
_SKR folds
Queladrogue collected 45 from pot
*** SUMMARY ***
Total pot 45 | No rake
Seat 3: Queladrogue (big blind) won 45


Winamax Poker - Tournament "Expresso Nitro" buyIn: 0.93€ + 0.07€ level: 3 - HandId: #2671071269830524929-9-1673529786 - Holdem no limit (20/40) - 2023/01/12 13:23:06 UTC
Table: 'Expresso Nitro(621907243)#0' 3-max (real money) Seat #3 is the button
Seat 2: _SKR (595)
Seat 3: Queladrogue (305)
*** ANTE/BLINDS ***
Queladrogue posts small blind 20
_SKR posts big blind 40
Dealt to _SKR [8s 7c]
*** PRE-FLOP *** 
Queladrogue folds
_SKR collected 60 from pot
*** SUMMARY ***
Total pot 60 | No rake
Seat 2: _SKR (big blind) won 60


Winamax Poker - Tournament "Expresso Nitro" buyIn: 0.93€ + 0.07€ level: 3 - HandId: #2671071269830524929-10-1673529798 - Holdem no limit (20/40) - 2023/01/12 13:23:18 UTC
Table: 'Expresso Nitro(621907243)#0' 3-max (real money) Seat #2 is the button
Seat 2: _SKR (615)
Seat 3: Queladrogue (285)
*** ANTE/BLINDS ***
_SKR posts small blind 20
Queladrogue posts big blind 40
Dealt to _SKR [4c Ad]
*** PRE-FLOP *** 
_SKR raises 575 to 615 and is all-in
Queladrogue folds
_SKR collected 655 from pot
*** SUMMARY ***
Total pot 655 | No rake
Seat 2: _SKR (small blind) (button) won 655


Winamax Poker - Tournament "Expresso Nitro" buyIn: 0.93€ + 0.07€ level: 3 - HandId: #2671071269830524929-11-1673529805 - Holdem no limit (20/40) - 2023/01/12 13:23:25 UTC
Table: 'Expresso Nitro(621907243)#0' 3-max (real money) Seat #3 is the button
Seat 2: _SKR (655)
Seat 3: Queladrogue (245)
*** ANTE/BLINDS ***
Queladrogue posts small blind 20
_SKR posts big blind 40
Dealt to _SKR [Th Qs]
*** PRE-FLOP *** 
Queladrogue folds
_SKR collected 60 from pot
*** SUMMARY ***
Total pot 60 | No rake
Seat 2: _SKR (big blind) won 60


Winamax Poker - Tournament "Expresso Nitro" buyIn: 0.93€ + 0.07€ level: 3 - HandId: #2671071269830524929-12-1673529809 - Holdem no limit (20/40) - 2023/01/12 13:23:29 UTC
Table: 'Expresso Nitro(621907243)#0' 3-max (real money) Seat #2 is the button
Seat 2: _SKR (675)
Seat 3: Queladrogue (225)
*** ANTE/BLINDS ***
_SKR posts small blind 20
Queladrogue posts big blind 40
Dealt to _SKR [Qc 9s]
*** PRE-FLOP *** 
_SKR raises 635 to 675 and is all-in
Queladrogue calls 185 and is all-in
*** FLOP *** [9h 3d 9c]
*** TURN *** [9h 3d 9c][7d]
*** RIVER *** [9h 3d 9c 7d][7h]
*** SHOW DOWN ***
Queladrogue shows [Kh 7c] (Full of 7 and 9)
_SKR shows [Qc 9s] (Full of 9 and 7)
_SKR collected 900 from pot
*** SUMMARY ***
Total pot 900 | No rake
Board: [9h 3d 9c 7d 7h]
Seat 2: _SKR (small blind) (button) showed [Qc 9s] and won 900 with Full of 9 and 7
Seat 3: Queladrogue (big blind) showed [Kh 7c] and lost with Full of 7 and 9


