Winamax Poker - Tournament "Expresso Nitro" buyIn: 0.93€ + 0.07€ level: 1 - HandId: #2692549748442791937-1-1674830144 - Holdem no limit (10/20) - 2023/01/27 14:35:44 UTC
Table: 'Expresso Nitro(626908091)#0' 3-max (real money) Seat #3 is the button
Seat 1: Plataplomo38 (300)
Seat 2: _SKR (300)
Seat 3: quentin paci (300)
*** ANTE/BLINDS ***
Plataplomo38 posts small blind 10
_SKR posts big blind 20
Dealt to _SKR [7c 8s]
*** PRE-FLOP *** 
quentin paci raises 280 to 300 and is all-in
Plataplomo38 folds
_SKR folds
quentin paci collected 330 from pot
*** SUMMARY ***
Total pot 330 | No rake
Seat 3: quentin paci (button) won 330


Winamax Poker - Tournament "Expresso Nitro" buyIn: 0.93€ + 0.07€ level: 1 - HandId: #2692549748442791937-2-1674830150 - Holdem no limit (10/20) - 2023/01/27 14:35:50 UTC
Table: 'Expresso Nitro(626908091)#0' 3-max (real money) Seat #1 is the button
Seat 1: Plataplomo38 (290)
Seat 2: _SKR (280)
Seat 3: quentin paci (330)
*** ANTE/BLINDS ***
_SKR posts small blind 10
quentin paci posts big blind 20
Dealt to _SKR [Jh As]
*** PRE-FLOP *** 
Plataplomo38 raises 20 to 40
_SKR raises 240 to 280 and is all-in
quentin paci folds
Plataplomo38 calls 240
*** FLOP *** [8c 4s 2h]
*** TURN *** [8c 4s 2h][8s]
*** RIVER *** [8c 4s 2h 8s][4c]
*** SHOW DOWN ***
Plataplomo38 shows [7h Kh] (Two pairs : 8 and 4)
_SKR shows [Jh As] (Two pairs : 8 and 4)
_SKR collected 580 from pot
*** SUMMARY ***
Total pot 580 | No rake
Board: [8c 4s 2h 8s 4c]
Seat 1: Plataplomo38 (button) showed [7h Kh] and lost with Two pairs : 8 and 4
Seat 2: _SKR (small blind) showed [Jh As] and won 580 with Two pairs : 8 and 4


Winamax Poker - Tournament "Expresso Nitro" buyIn: 0.93€ + 0.07€ level: 1 - HandId: #2692549748442791937-3-1674830169 - Holdem no limit (10/20) - 2023/01/27 14:36:09 UTC
Table: 'Expresso Nitro(626908091)#0' 3-max (real money) Seat #2 is the button
Seat 1: Plataplomo38 (10)
Seat 2: _SKR (580)
Seat 3: quentin paci (310)
*** ANTE/BLINDS ***
quentin paci posts small blind 10
Plataplomo38 posts big blind 10 and is all-in
Dealt to _SKR [Qd Ks]
*** PRE-FLOP *** 
_SKR raises 570 to 580 and is all-in
quentin paci calls 300 and is all-in
*** FLOP *** [Ts 5c 2h]
*** TURN *** [Ts 5c 2h][As]
*** RIVER *** [Ts 5c 2h As][4s]
*** SHOW DOWN ***
Plataplomo38 shows [6c Td] (One pair : Tens)
_SKR shows [Qd Ks] (High card : Ace)
quentin paci shows [Ah Jh] (One pair : Aces)
quentin paci collected 630 from main pot
_SKR collected 270 from side pot 1
*** SUMMARY ***
Total pot 900 | No rake
Board: [Ts 5c 2h As 4s]
Seat 1: Plataplomo38 (big blind) showed [6c Td] and lost with One pair : Tens
Seat 2: _SKR (button) showed [Qd Ks] and won 270 with High card : Ace
Seat 3: quentin paci (small blind) showed [Ah Jh] and won 630 with One pair : Aces


Winamax Poker - Tournament "Expresso Nitro" buyIn: 0.93€ + 0.07€ level: 1 - HandId: #2692549748442791937-4-1674830187 - Holdem no limit (10/20) - 2023/01/27 14:36:27 UTC
Table: 'Expresso Nitro(626908091)#0' 3-max (real money) Seat #2 is the button
Seat 2: _SKR (270)
Seat 3: quentin paci (630)
*** ANTE/BLINDS ***
_SKR posts small blind 10
quentin paci posts big blind 20
Dealt to _SKR [Ks Kh]
*** PRE-FLOP *** 
_SKR calls 10
quentin paci checks
*** FLOP *** [4h 4s 8s]
quentin paci checks
_SKR bets 20
quentin paci folds
_SKR collected 60 from pot
*** SUMMARY ***
Total pot 60 | No rake
Board: [4h 4s 8s]
Seat 2: _SKR (small blind) (button) won 60


Winamax Poker - Tournament "Expresso Nitro" buyIn: 0.93€ + 0.07€ level: 1 - HandId: #2692549748442791937-5-1674830197 - Holdem no limit (10/20) - 2023/01/27 14:36:37 UTC
Table: 'Expresso Nitro(626908091)#0' 3-max (real money) Seat #3 is the button
Seat 2: _SKR (290)
Seat 3: quentin paci (610)
*** ANTE/BLINDS ***
quentin paci posts small blind 10
_SKR posts big blind 20
Dealt to _SKR [8s 8c]
*** PRE-FLOP *** 
quentin paci calls 10
_SKR raises 270 to 290 and is all-in
quentin paci folds
_SKR collected 310 from pot
*** SUMMARY ***
Total pot 310 | No rake
Seat 2: _SKR (big blind) won 310


Winamax Poker - Tournament "Expresso Nitro" buyIn: 0.93€ + 0.07€ level: 2 - HandId: #2692549748442791937-6-1674830207 - Holdem no limit (15/30) - 2023/01/27 14:36:47 UTC
Table: 'Expresso Nitro(626908091)#0' 3-max (real money) Seat #2 is the button
Seat 2: _SKR (310)
Seat 3: quentin paci (590)
*** ANTE/BLINDS ***
_SKR posts small blind 15
quentin paci posts big blind 30
Dealt to _SKR [3s Jd]
*** PRE-FLOP *** 
_SKR folds
quentin paci collected 45 from pot
*** SUMMARY ***
Total pot 45 | No rake
Seat 3: quentin paci (big blind) won 45


Winamax Poker - Tournament "Expresso Nitro" buyIn: 0.93€ + 0.07€ level: 2 - HandId: #2692549748442791937-7-1674830210 - Holdem no limit (15/30) - 2023/01/27 14:36:50 UTC
Table: 'Expresso Nitro(626908091)#0' 3-max (real money) Seat #3 is the button
Seat 2: _SKR (295)
Seat 3: quentin paci (605)
*** ANTE/BLINDS ***
quentin paci posts small blind 15
_SKR posts big blind 30
Dealt to _SKR [Kd 8c]
*** PRE-FLOP *** 
quentin paci folds
_SKR collected 45 from pot
*** SUMMARY ***
Total pot 45 | No rake
Seat 2: _SKR (big blind) won 45


Winamax Poker - Tournament "Expresso Nitro" buyIn: 0.93€ + 0.07€ level: 2 - HandId: #2692549748442791937-8-1674830214 - Holdem no limit (15/30) - 2023/01/27 14:36:54 UTC
Table: 'Expresso Nitro(626908091)#0' 3-max (real money) Seat #2 is the button
Seat 2: _SKR (310)
Seat 3: quentin paci (590)
*** ANTE/BLINDS ***
_SKR posts small blind 15
quentin paci posts big blind 30
Dealt to _SKR [Ks 4h]
*** PRE-FLOP *** 
_SKR folds
quentin paci collected 45 from pot
*** SUMMARY ***
Total pot 45 | No rake
Seat 3: quentin paci (big blind) won 45


Winamax Poker - Tournament "Expresso Nitro" buyIn: 0.93€ + 0.07€ level: 2 - HandId: #2692549748442791937-9-1674830218 - Holdem no limit (15/30) - 2023/01/27 14:36:58 UTC
Table: 'Expresso Nitro(626908091)#0' 3-max (real money) Seat #3 is the button
Seat 2: _SKR (295)
Seat 3: quentin paci (605)
*** ANTE/BLINDS ***
quentin paci posts small blind 15
_SKR posts big blind 30
Dealt to _SKR [3s Ac]
*** PRE-FLOP *** 
quentin paci calls 15
_SKR raises 265 to 295 and is all-in
quentin paci calls 265
*** FLOP *** [5d 8c 2s]
*** TURN *** [5d 8c 2s][4s]
*** RIVER *** [5d 8c 2s 4s][7h]
*** SHOW DOWN ***
quentin paci shows [Kh Ks] (One pair : Kings)
_SKR shows [3s Ac] (Straight 5 high)
_SKR collected 590 from pot
*** SUMMARY ***
Total pot 590 | No rake
Board: [5d 8c 2s 4s 7h]
Seat 2: _SKR (big blind) showed [3s Ac] and won 590 with Straight 5 high
Seat 3: quentin paci (small blind) (button) showed [Kh Ks] and lost with One pair : Kings


Winamax Poker - Tournament "Expresso Nitro" buyIn: 0.93€ + 0.07€ level: 2 - HandId: #2692549748442791937-10-1674830233 - Holdem no limit (15/30) - 2023/01/27 14:37:13 UTC
Table: 'Expresso Nitro(626908091)#0' 3-max (real money) Seat #2 is the button
Seat 2: _SKR (590)
Seat 3: quentin paci (310)
*** ANTE/BLINDS ***
_SKR posts small blind 15
quentin paci posts big blind 30
Dealt to _SKR [5d 5s]
*** PRE-FLOP *** 
_SKR raises 560 to 590 and is all-in
quentin paci calls 280 and is all-in
*** FLOP *** [8s Qs Qd]
*** TURN *** [8s Qs Qd][8h]
*** RIVER *** [8s Qs Qd 8h][9d]
*** SHOW DOWN ***
_SKR shows [5d 5s] (Two pairs : Queens and 8)
quentin paci shows [Ah 7h] (Two pairs : Queens and 8)
quentin paci collected 620 from main pot
_SKR collected 280 from side pot 1
*** SUMMARY ***
Total pot 900 | No rake
Board: [8s Qs Qd 8h 9d]
Seat 2: _SKR (small blind) (button) showed [5d 5s] and won 280 with Two pairs : Queens and 8
Seat 3: quentin paci (big blind) showed [Ah 7h] and won 620 with Two pairs : Queens and 8


Winamax Poker - Tournament "Expresso Nitro" buyIn: 0.93€ + 0.07€ level: 2 - HandId: #2692549748442791937-11-1674830244 - Holdem no limit (15/30) - 2023/01/27 14:37:24 UTC
Table: 'Expresso Nitro(626908091)#0' 3-max (real money) Seat #3 is the button
Seat 2: _SKR (280)
Seat 3: quentin paci (620)
*** ANTE/BLINDS ***
quentin paci posts small blind 15
_SKR posts big blind 30
Dealt to _SKR [2h Ad]
*** PRE-FLOP *** 
quentin paci raises 590 to 620 and is all-in
_SKR calls 250 and is all-in
*** FLOP *** [Ah 3c 3s]
*** TURN *** [Ah 3c 3s][9c]
*** RIVER *** [Ah 3c 3s 9c][9h]
*** SHOW DOWN ***
_SKR shows [2h Ad] (Two pairs : Aces and 9)
quentin paci shows [4c 4s] (Two pairs : 9 and 4)
quentin paci collected 340 from side pot 1
_SKR collected 560 from main pot
*** SUMMARY ***
Total pot 900 | No rake
Board: [Ah 3c 3s 9c 9h]
Seat 2: _SKR (big blind) showed [2h Ad] and won 560 with Two pairs : Aces and 9
Seat 3: quentin paci (small blind) (button) showed [4c 4s] and won 340 with Two pairs : 9 and 4


Winamax Poker - Tournament "Expresso Nitro" buyIn: 0.93€ + 0.07€ level: 2 - HandId: #2692549748442791937-12-1674830255 - Holdem no limit (15/30) - 2023/01/27 14:37:35 UTC
Table: 'Expresso Nitro(626908091)#0' 3-max (real money) Seat #2 is the button
Seat 2: _SKR (560)
Seat 3: quentin paci (340)
*** ANTE/BLINDS ***
_SKR posts small blind 15
quentin paci posts big blind 30
Dealt to _SKR [2s 5c]
*** PRE-FLOP *** 
_SKR folds
quentin paci collected 45 from pot
*** SUMMARY ***
Total pot 45 | No rake
Seat 3: quentin paci (big blind) won 45


Winamax Poker - Tournament "Expresso Nitro" buyIn: 0.93€ + 0.07€ level: 3 - HandId: #2692549748442791937-13-1674830261 - Holdem no limit (20/40) - 2023/01/27 14:37:41 UTC
Table: 'Expresso Nitro(626908091)#0' 3-max (real money) Seat #3 is the button
Seat 2: _SKR (545)
Seat 3: quentin paci (355)
*** ANTE/BLINDS ***
quentin paci posts small blind 20
_SKR posts big blind 40
Dealt to _SKR [Kc Qc]
*** PRE-FLOP *** 
quentin paci folds
_SKR collected 60 from pot
*** SUMMARY ***
Total pot 60 | No rake
Seat 2: _SKR (big blind) won 60


Winamax Poker - Tournament "Expresso Nitro" buyIn: 0.93€ + 0.07€ level: 3 - HandId: #2692549748442791937-14-1674830265 - Holdem no limit (20/40) - 2023/01/27 14:37:45 UTC
Table: 'Expresso Nitro(626908091)#0' 3-max (real money) Seat #2 is the button
Seat 2: _SKR (565)
Seat 3: quentin paci (335)
*** ANTE/BLINDS ***
_SKR posts small blind 20
quentin paci posts big blind 40
Dealt to _SKR [Ah Td]
*** PRE-FLOP *** 
_SKR raises 525 to 565 and is all-in
quentin paci folds
_SKR collected 605 from pot
*** SUMMARY ***
Total pot 605 | No rake
Seat 2: _SKR (small blind) (button) won 605


Winamax Poker - Tournament "Expresso Nitro" buyIn: 0.93€ + 0.07€ level: 3 - HandId: #2692549748442791937-15-1674830273 - Holdem no limit (20/40) - 2023/01/27 14:37:53 UTC
Table: 'Expresso Nitro(626908091)#0' 3-max (real money) Seat #3 is the button
Seat 2: _SKR (605)
Seat 3: quentin paci (295)
*** ANTE/BLINDS ***
quentin paci posts small blind 20
_SKR posts big blind 40
Dealt to _SKR [5c Jh]
*** PRE-FLOP *** 
quentin paci folds
_SKR collected 60 from pot
*** SUMMARY ***
Total pot 60 | No rake
Seat 2: _SKR (big blind) won 60


Winamax Poker - Tournament "Expresso Nitro" buyIn: 0.93€ + 0.07€ level: 3 - HandId: #2692549748442791937-16-1674830276 - Holdem no limit (20/40) - 2023/01/27 14:37:56 UTC
Table: 'Expresso Nitro(626908091)#0' 3-max (real money) Seat #2 is the button
Seat 2: _SKR (625)
Seat 3: quentin paci (275)
*** ANTE/BLINDS ***
_SKR posts small blind 20
quentin paci posts big blind 40
Dealt to _SKR [5c 7c]
*** PRE-FLOP *** 
_SKR folds
quentin paci collected 60 from pot
*** SUMMARY ***
Total pot 60 | No rake
Seat 3: quentin paci (big blind) won 60


Winamax Poker - Tournament "Expresso Nitro" buyIn: 0.93€ + 0.07€ level: 3 - HandId: #2692549748442791937-17-1674830280 - Holdem no limit (20/40) - 2023/01/27 14:38:00 UTC
Table: 'Expresso Nitro(626908091)#0' 3-max (real money) Seat #3 is the button
Seat 2: _SKR (605)
Seat 3: quentin paci (295)
*** ANTE/BLINDS ***
quentin paci posts small blind 20
_SKR posts big blind 40
Dealt to _SKR [9s Jd]
*** PRE-FLOP *** 
quentin paci folds
_SKR collected 60 from pot
*** SUMMARY ***
Total pot 60 | No rake
Seat 2: _SKR (big blind) won 60


Winamax Poker - Tournament "Expresso Nitro" buyIn: 0.93€ + 0.07€ level: 3 - HandId: #2692549748442791937-18-1674830283 - Holdem no limit (20/40) - 2023/01/27 14:38:03 UTC
Table: 'Expresso Nitro(626908091)#0' 3-max (real money) Seat #2 is the button
Seat 2: _SKR (625)
Seat 3: quentin paci (275)
*** ANTE/BLINDS ***
_SKR posts small blind 20
quentin paci posts big blind 40
Dealt to _SKR [4c 8d]
*** PRE-FLOP *** 
_SKR folds
quentin paci collected 60 from pot
*** SUMMARY ***
Total pot 60 | No rake
Seat 3: quentin paci (big blind) won 60


Winamax Poker - Tournament "Expresso Nitro" buyIn: 0.93€ + 0.07€ level: 3 - HandId: #2692549748442791937-19-1674830286 - Holdem no limit (20/40) - 2023/01/27 14:38:06 UTC
Table: 'Expresso Nitro(626908091)#0' 3-max (real money) Seat #3 is the button
Seat 2: _SKR (605)
Seat 3: quentin paci (295)
*** ANTE/BLINDS ***
quentin paci posts small blind 20
_SKR posts big blind 40
Dealt to _SKR [6h 7d]
*** PRE-FLOP *** 
quentin paci folds
_SKR collected 60 from pot
*** SUMMARY ***
Total pot 60 | No rake
Seat 2: _SKR (big blind) won 60


Winamax Poker - Tournament "Expresso Nitro" buyIn: 0.93€ + 0.07€ level: 3 - HandId: #2692549748442791937-20-1674830289 - Holdem no limit (20/40) - 2023/01/27 14:38:09 UTC
Table: 'Expresso Nitro(626908091)#0' 3-max (real money) Seat #2 is the button
Seat 2: _SKR (625)
Seat 3: quentin paci (275)
*** ANTE/BLINDS ***
_SKR posts small blind 20
quentin paci posts big blind 40
Dealt to _SKR [3h 9h]
*** PRE-FLOP *** 
_SKR folds
quentin paci collected 60 from pot
*** SUMMARY ***
Total pot 60 | No rake
Seat 3: quentin paci (big blind) won 60


Winamax Poker - Tournament "Expresso Nitro" buyIn: 0.93€ + 0.07€ level: 3 - HandId: #2692549748442791937-21-1674830296 - Holdem no limit (20/40) - 2023/01/27 14:38:16 UTC
Table: 'Expresso Nitro(626908091)#0' 3-max (real money) Seat #3 is the button
Seat 2: _SKR (605)
Seat 3: quentin paci (295)
*** ANTE/BLINDS ***
quentin paci posts small blind 20
_SKR posts big blind 40
Dealt to _SKR [6c 5s]
*** PRE-FLOP *** 
quentin paci folds
_SKR collected 60 from pot
*** SUMMARY ***
Total pot 60 | No rake
Seat 2: _SKR (big blind) won 60


Winamax Poker - Tournament "Expresso Nitro" buyIn: 0.93€ + 0.07€ level: 3 - HandId: #2692549748442791937-22-1674830299 - Holdem no limit (20/40) - 2023/01/27 14:38:19 UTC
Table: 'Expresso Nitro(626908091)#0' 3-max (real money) Seat #2 is the button
Seat 2: _SKR (625)
Seat 3: quentin paci (275)
*** ANTE/BLINDS ***
_SKR posts small blind 20
quentin paci posts big blind 40
Dealt to _SKR [6d 7c]
*** PRE-FLOP *** 
_SKR folds
quentin paci collected 60 from pot
*** SUMMARY ***
Total pot 60 | No rake
Seat 3: quentin paci (big blind) won 60


Winamax Poker - Tournament "Expresso Nitro" buyIn: 0.93€ + 0.07€ level: 3 - HandId: #2692549748442791937-23-1674830306 - Holdem no limit (20/40) - 2023/01/27 14:38:26 UTC
Table: 'Expresso Nitro(626908091)#0' 3-max (real money) Seat #3 is the button
Seat 2: _SKR (605)
Seat 3: quentin paci (295)
*** ANTE/BLINDS ***
quentin paci posts small blind 20
_SKR posts big blind 40
Dealt to _SKR [Tc 3h]
*** PRE-FLOP *** 
quentin paci raises 255 to 295 and is all-in
_SKR folds
quentin paci collected 335 from pot
*** SUMMARY ***
Total pot 335 | No rake
Seat 3: quentin paci (small blind) (button) won 335


Winamax Poker - Tournament "Expresso Nitro" buyIn: 0.93€ + 0.07€ level: 3 - HandId: #2692549748442791937-24-1674830311 - Holdem no limit (20/40) - 2023/01/27 14:38:31 UTC
Table: 'Expresso Nitro(626908091)#0' 3-max (real money) Seat #2 is the button
Seat 2: _SKR (565)
Seat 3: quentin paci (335)
*** ANTE/BLINDS ***
_SKR posts small blind 20
quentin paci posts big blind 40
Dealt to _SKR [5s Qd]
*** PRE-FLOP *** 
_SKR folds
quentin paci collected 60 from pot
*** SUMMARY ***
Total pot 60 | No rake
Seat 3: quentin paci (big blind) won 60


Winamax Poker - Tournament "Expresso Nitro" buyIn: 0.93€ + 0.07€ level: 3 - HandId: #2692549748442791937-25-1674830316 - Holdem no limit (20/40) - 2023/01/27 14:38:36 UTC
Table: 'Expresso Nitro(626908091)#0' 3-max (real money) Seat #3 is the button
Seat 2: _SKR (545)
Seat 3: quentin paci (355)
*** ANTE/BLINDS ***
quentin paci posts small blind 20
_SKR posts big blind 40
Dealt to _SKR [Ah 3s]
*** PRE-FLOP *** 
quentin paci folds
_SKR collected 60 from pot
*** SUMMARY ***
Total pot 60 | No rake
Seat 2: _SKR (big blind) won 60


Winamax Poker - Tournament "Expresso Nitro" buyIn: 0.93€ + 0.07€ level: 4 - HandId: #2692549748442791937-26-1674830319 - Holdem no limit (30/60) - 2023/01/27 14:38:39 UTC
Table: 'Expresso Nitro(626908091)#0' 3-max (real money) Seat #2 is the button
Seat 2: _SKR (565)
Seat 3: quentin paci (335)
*** ANTE/BLINDS ***
_SKR posts small blind 30
quentin paci posts big blind 60
Dealt to _SKR [7h Ks]
*** PRE-FLOP *** 
_SKR raises 505 to 565 and is all-in
quentin paci calls 275 and is all-in
*** FLOP *** [Qs 2c Kd]
*** TURN *** [Qs 2c Kd][7s]
*** RIVER *** [Qs 2c Kd 7s][Ts]
*** SHOW DOWN ***
quentin paci shows [8c 8h] (One pair : 8)
_SKR shows [7h Ks] (Two pairs : Kings and 7)
_SKR collected 900 from pot
*** SUMMARY ***
Total pot 900 | No rake
Board: [Qs 2c Kd 7s Ts]
Seat 2: _SKR (small blind) (button) showed [7h Ks] and won 900 with Two pairs : Kings and 7
Seat 3: quentin paci (big blind) showed [8c 8h] and lost with One pair : 8


