Winamax Poker - Tournament "Expresso Nitro" buyIn: 0.93€ + 0.07€ level: 1 - HandId: #2728640762358005761-1-1676858307 - Holdem no limit (10/20) - 2023/02/20 01:58:27 UTC
Table: 'Expresso Nitro(635311185)#0' 3-max (real money) Seat #3 is the button
Seat 1: _SKR (300)
Seat 2: Julyy3112 (300)
Seat 3: good job 31 (300)
*** ANTE/BLINDS ***
_SKR posts small blind 10
Julyy3112 posts big blind 20
Dealt to _SKR [Qc 8h]
*** PRE-FLOP *** 
good job 31 calls 20
_SKR folds
Julyy3112 checks
*** FLOP *** [2s 3s As]
Julyy3112 bets 20
good job 31 folds
Julyy3112 collected 70 from pot
*** SUMMARY ***
Total pot 70 | No rake
Board: [2s 3s As]
Seat 2: Julyy3112 (big blind) won 70


Winamax Poker - Tournament "Expresso Nitro" buyIn: 0.93€ + 0.07€ level: 1 - HandId: #2728640762358005761-2-1676858338 - Holdem no limit (10/20) - 2023/02/20 01:58:58 UTC
Table: 'Expresso Nitro(635311185)#0' 3-max (real money) Seat #1 is the button
Seat 1: _SKR (290)
Seat 2: Julyy3112 (330)
Seat 3: good job 31 (280)
*** ANTE/BLINDS ***
Julyy3112 posts small blind 10
good job 31 posts big blind 20
Dealt to _SKR [3s 5h]
*** PRE-FLOP *** 
_SKR folds
Julyy3112 calls 10
good job 31 checks
*** FLOP *** [8h Qd 9s]
Julyy3112 bets 20
good job 31 calls 20
*** TURN *** [8h Qd 9s][4d]
Julyy3112 checks
good job 31 checks
*** RIVER *** [8h Qd 9s 4d][As]
Julyy3112 checks
good job 31 checks
*** SHOW DOWN ***
good job 31 shows [7s 6d] (High card : Ace)
Julyy3112 shows [5s Js] (High card : Ace)
Julyy3112 collected 80 from pot
*** SUMMARY ***
Total pot 80 | No rake
Board: [8h Qd 9s 4d As]
Seat 2: Julyy3112 (small blind) showed [5s Js] and won 80 with High card : Ace
Seat 3: good job 31 (big blind) showed [7s 6d] and lost with High card : Ace


Winamax Poker - Tournament "Expresso Nitro" buyIn: 0.93€ + 0.07€ level: 1 - HandId: #2728640762358005761-3-1676858355 - Holdem no limit (10/20) - 2023/02/20 01:59:15 UTC
Table: 'Expresso Nitro(635311185)#0' 3-max (real money) Seat #2 is the button
Seat 1: _SKR (290)
Seat 2: Julyy3112 (370)
Seat 3: good job 31 (240)
*** ANTE/BLINDS ***
good job 31 posts small blind 10
_SKR posts big blind 20
Dealt to _SKR [3c 4c]
*** PRE-FLOP *** 
Julyy3112 calls 20
good job 31 folds
_SKR checks
*** FLOP *** [2h Ks 5d]
_SKR checks
Julyy3112 bets 20
_SKR raises 35 to 55
Julyy3112 calls 35
*** TURN *** [2h Ks 5d][Qh]
_SKR bets 66
Julyy3112 folds
_SKR collected 226 from pot
*** SUMMARY ***
Total pot 226 | No rake
Board: [2h Ks 5d Qh]
Seat 1: _SKR (big blind) won 226


Winamax Poker - Tournament "Expresso Nitro" buyIn: 0.93€ + 0.07€ level: 2 - HandId: #2728640762358005761-4-1676858376 - Holdem no limit (15/30) - 2023/02/20 01:59:36 UTC
Table: 'Expresso Nitro(635311185)#0' 3-max (real money) Seat #3 is the button
Seat 1: _SKR (375)
Seat 2: Julyy3112 (295)
Seat 3: good job 31 (230)
*** ANTE/BLINDS ***
_SKR posts small blind 15
Julyy3112 posts big blind 30
Dealt to _SKR [2d Ah]
*** PRE-FLOP *** 
good job 31 folds
_SKR raises 345 to 375 and is all-in
Julyy3112 calls 265 and is all-in
*** FLOP *** [Td 6c 7d]
*** TURN *** [Td 6c 7d][Th]
*** RIVER *** [Td 6c 7d Th][6h]
*** SHOW DOWN ***
Julyy3112 shows [9h 4d] (Two pairs : Tens and 6)
_SKR shows [2d Ah] (Two pairs : Tens and 6)
_SKR collected 670 from pot
*** SUMMARY ***
Total pot 670 | No rake
Board: [Td 6c 7d Th 6h]
Seat 1: _SKR (small blind) showed [2d Ah] and won 670 with Two pairs : Tens and 6
Seat 2: Julyy3112 (big blind) showed [9h 4d] and lost with Two pairs : Tens and 6


Winamax Poker - Tournament "Expresso Nitro" buyIn: 0.93€ + 0.07€ level: 2 - HandId: #2728640762358005761-5-1676858389 - Holdem no limit (15/30) - 2023/02/20 01:59:49 UTC
Table: 'Expresso Nitro(635311185)#0' 3-max (real money) Seat #3 is the button
Seat 1: _SKR (670)
Seat 3: good job 31 (230)
*** ANTE/BLINDS ***
good job 31 posts small blind 15
_SKR posts big blind 30
Dealt to _SKR [Ac As]
*** PRE-FLOP *** 
good job 31 calls 15
_SKR raises 38 to 68
good job 31 folds
_SKR collected 98 from pot
*** SUMMARY ***
Total pot 98 | No rake
Seat 1: _SKR (big blind) won 98


Winamax Poker - Tournament "Expresso Nitro" buyIn: 0.93€ + 0.07€ level: 2 - HandId: #2728640762358005761-6-1676858397 - Holdem no limit (15/30) - 2023/02/20 01:59:57 UTC
Table: 'Expresso Nitro(635311185)#0' 3-max (real money) Seat #1 is the button
Seat 1: _SKR (700)
Seat 3: good job 31 (200)
*** ANTE/BLINDS ***
_SKR posts small blind 15
good job 31 posts big blind 30
Dealt to _SKR [Kh Qh]
*** PRE-FLOP *** 
_SKR raises 30 to 60
good job 31 raises 140 to 200 and is all-in
_SKR calls 140
*** FLOP *** [Jc 6s 4s]
*** TURN *** [Jc 6s 4s][Ks]
*** RIVER *** [Jc 6s 4s Ks][Qs]
*** SHOW DOWN ***
good job 31 shows [9h Ad] (High card : Ace)
_SKR shows [Kh Qh] (Two pairs : Kings and Queens)
_SKR collected 400 from pot
*** SUMMARY ***
Total pot 400 | No rake
Board: [Jc 6s 4s Ks Qs]
Seat 1: _SKR (small blind) (button) showed [Kh Qh] and won 400 with Two pairs : Kings and Queens
Seat 3: good job 31 (big blind) showed [9h Ad] and lost with High card : Ace


