Winamax Poker - Tournament "Expresso Nitro" buyIn: 1.86€ + 0.14€ level: 1 - HandId: #2696562691006267393-1-1675087178 - Holdem no limit (10/20) - 2023/01/30 13:59:38 UTC
Table: 'Expresso Nitro(627842427)#0' 3-max (real money) Seat #1 is the button
Seat 1: _SKR (300)
Seat 2: filsdelacote (300)
Seat 3: Cartophane (300)
*** ANTE/BLINDS ***
filsdelacote posts small blind 10
Cartophane posts big blind 20
Dealt to _SKR [9d Qh]
*** PRE-FLOP *** 
_SKR raises 20 to 40
filsdelacote raises 260 to 300 and is all-in
Cartophane folds
_SKR folds
filsdelacote collected 360 from pot
*** SUMMARY ***
Total pot 360 | No rake
Seat 2: filsdelacote (small blind) won 360


Winamax Poker - Tournament "Expresso Nitro" buyIn: 1.86€ + 0.14€ level: 1 - HandId: #2696562691006267393-2-1675087194 - Holdem no limit (10/20) - 2023/01/30 13:59:54 UTC
Table: 'Expresso Nitro(627842427)#0' 3-max (real money) Seat #2 is the button
Seat 1: _SKR (260)
Seat 2: filsdelacote (360)
Seat 3: Cartophane (280)
*** ANTE/BLINDS ***
Cartophane posts small blind 10
_SKR posts big blind 20
Dealt to _SKR [Kd Js]
*** PRE-FLOP *** 
filsdelacote raises 340 to 360 and is all-in
Cartophane folds
_SKR folds
filsdelacote collected 390 from pot
*** SUMMARY ***
Total pot 390 | No rake
Seat 2: filsdelacote (button) won 390


Winamax Poker - Tournament "Expresso Nitro" buyIn: 1.86€ + 0.14€ level: 1 - HandId: #2696562691006267393-3-1675087205 - Holdem no limit (10/20) - 2023/01/30 14:00:05 UTC
Table: 'Expresso Nitro(627842427)#0' 3-max (real money) Seat #3 is the button
Seat 1: _SKR (240)
Seat 2: filsdelacote (390)
Seat 3: Cartophane (270)
*** ANTE/BLINDS ***
_SKR posts small blind 10
filsdelacote posts big blind 20
Dealt to _SKR [3d 2h]
*** PRE-FLOP *** 
Cartophane raises 25 to 45
_SKR folds
filsdelacote raises 345 to 390 and is all-in
Cartophane calls 225 and is all-in
*** FLOP *** [3s 9s Ts]
*** TURN *** [3s 9s Ts][Ad]
*** RIVER *** [3s 9s Ts Ad][Kd]
*** SHOW DOWN ***
filsdelacote shows [7h 7c] (One pair : 7)
Cartophane shows [5d Ah] (One pair : Aces)
Cartophane collected 550 from main pot
filsdelacote collected 120 from side pot 1
*** SUMMARY ***
Total pot 670 | No rake
Board: [3s 9s Ts Ad Kd]
Seat 2: filsdelacote (big blind) showed [7h 7c] and won 120 with One pair : 7
Seat 3: Cartophane (button) showed [5d Ah] and won 550 with One pair : Aces


Winamax Poker - Tournament "Expresso Nitro" buyIn: 1.86€ + 0.14€ level: 1 - HandId: #2696562691006267393-4-1675087224 - Holdem no limit (10/20) - 2023/01/30 14:00:24 UTC
Table: 'Expresso Nitro(627842427)#0' 3-max (real money) Seat #1 is the button
Seat 1: _SKR (230)
Seat 2: filsdelacote (120)
Seat 3: Cartophane (550)
*** ANTE/BLINDS ***
filsdelacote posts small blind 10
Cartophane posts big blind 20
Dealt to _SKR [3c 8c]
*** PRE-FLOP *** 
_SKR folds
filsdelacote raises 100 to 120 and is all-in
Cartophane calls 100
*** FLOP *** [As 8s 4d]
*** TURN *** [As 8s 4d][Jh]
*** RIVER *** [As 8s 4d Jh][9d]
*** SHOW DOWN ***
filsdelacote shows [3d 7h] (High card : Ace)
Cartophane shows [Qh 6c] (High card : Ace)
Cartophane collected 240 from pot
*** SUMMARY ***
Total pot 240 | No rake
Board: [As 8s 4d Jh 9d]
Seat 2: filsdelacote (small blind) showed [3d 7h] and lost with High card : Ace
Seat 3: Cartophane (big blind) showed [Qh 6c] and won 240 with High card : Ace


Winamax Poker - Tournament "Expresso Nitro" buyIn: 1.86€ + 0.14€ level: 2 - HandId: #2696562691006267393-5-1675087241 - Holdem no limit (15/30) - 2023/01/30 14:00:41 UTC
Table: 'Expresso Nitro(627842427)#0' 3-max (real money) Seat #3 is the button
Seat 1: _SKR (230)
Seat 3: Cartophane (670)
*** ANTE/BLINDS ***
Cartophane posts small blind 15
_SKR posts big blind 30
Dealt to _SKR [6d 4d]
*** PRE-FLOP *** 
Cartophane calls 15
_SKR checks
*** FLOP *** [9s Jh Th]
_SKR checks
Cartophane bets 30
_SKR folds
Cartophane collected 90 from pot
*** SUMMARY ***
Total pot 90 | No rake
Board: [9s Jh Th]
Seat 3: Cartophane (small blind) (button) won 90


Winamax Poker - Tournament "Expresso Nitro" buyIn: 1.86€ + 0.14€ level: 2 - HandId: #2696562691006267393-6-1675087252 - Holdem no limit (15/30) - 2023/01/30 14:00:52 UTC
Table: 'Expresso Nitro(627842427)#0' 3-max (real money) Seat #1 is the button
Seat 1: _SKR (200)
Seat 3: Cartophane (700)
*** ANTE/BLINDS ***
_SKR posts small blind 15
Cartophane posts big blind 30
Dealt to _SKR [3c 3d]
*** PRE-FLOP *** 
_SKR raises 170 to 200 and is all-in
Cartophane calls 170
*** FLOP *** [9d Qs 9h]
*** TURN *** [9d Qs 9h][4s]
*** RIVER *** [9d Qs 9h 4s][Td]
*** SHOW DOWN ***
Cartophane shows [6h Kc] (One pair : 9)
_SKR shows [3c 3d] (Two pairs : 9 and 3)
_SKR collected 400 from pot
*** SUMMARY ***
Total pot 400 | No rake
Board: [9d Qs 9h 4s Td]
Seat 1: _SKR (small blind) (button) showed [3c 3d] and won 400 with Two pairs : 9 and 3
Seat 3: Cartophane (big blind) showed [6h Kc] and lost with One pair : 9


Winamax Poker - Tournament "Expresso Nitro" buyIn: 1.86€ + 0.14€ level: 2 - HandId: #2696562691006267393-7-1675087267 - Holdem no limit (15/30) - 2023/01/30 14:01:07 UTC
Table: 'Expresso Nitro(627842427)#0' 3-max (real money) Seat #3 is the button
Seat 1: _SKR (400)
Seat 3: Cartophane (500)
*** ANTE/BLINDS ***
Cartophane posts small blind 15
_SKR posts big blind 30
Dealt to _SKR [6s 6c]
*** PRE-FLOP *** 
Cartophane raises 30 to 60
_SKR raises 340 to 400 and is all-in
Cartophane folds
_SKR collected 460 from pot
*** SUMMARY ***
Total pot 460 | No rake
Seat 1: _SKR (big blind) won 460


Winamax Poker - Tournament "Expresso Nitro" buyIn: 1.86€ + 0.14€ level: 2 - HandId: #2696562691006267393-8-1675087277 - Holdem no limit (15/30) - 2023/01/30 14:01:17 UTC
Table: 'Expresso Nitro(627842427)#0' 3-max (real money) Seat #1 is the button
Seat 1: _SKR (460)
Seat 3: Cartophane (440)
*** ANTE/BLINDS ***
_SKR posts small blind 15
Cartophane posts big blind 30
Dealt to _SKR [2s Qs]
*** PRE-FLOP *** 
_SKR calls 15
Cartophane raises 410 to 440 and is all-in
_SKR folds
Cartophane collected 470 from pot
*** SUMMARY ***
Total pot 470 | No rake
Seat 3: Cartophane (big blind) won 470


Winamax Poker - Tournament "Expresso Nitro" buyIn: 1.86€ + 0.14€ level: 2 - HandId: #2696562691006267393-9-1675087289 - Holdem no limit (15/30) - 2023/01/30 14:01:29 UTC
Table: 'Expresso Nitro(627842427)#0' 3-max (real money) Seat #3 is the button
Seat 1: _SKR (430)
Seat 3: Cartophane (470)
*** ANTE/BLINDS ***
Cartophane posts small blind 15
_SKR posts big blind 30
Dealt to _SKR [3c Qs]
*** PRE-FLOP *** 
Cartophane raises 440 to 470 and is all-in
_SKR folds
Cartophane collected 500 from pot
*** SUMMARY ***
Total pot 500 | No rake
Seat 3: Cartophane (small blind) (button) won 500


Winamax Poker - Tournament "Expresso Nitro" buyIn: 1.86€ + 0.14€ level: 3 - HandId: #2696562691006267393-10-1675087295 - Holdem no limit (20/40) - 2023/01/30 14:01:35 UTC
Table: 'Expresso Nitro(627842427)#0' 3-max (real money) Seat #1 is the button
Seat 1: _SKR (400)
Seat 3: Cartophane (500)
*** ANTE/BLINDS ***
_SKR posts small blind 20
Cartophane posts big blind 40
Dealt to _SKR [Jc 9h]
*** PRE-FLOP *** 
_SKR folds
Cartophane collected 60 from pot
*** SUMMARY ***
Total pot 60 | No rake
Seat 3: Cartophane (big blind) won 60


Winamax Poker - Tournament "Expresso Nitro" buyIn: 1.86€ + 0.14€ level: 3 - HandId: #2696562691006267393-11-1675087299 - Holdem no limit (20/40) - 2023/01/30 14:01:39 UTC
Table: 'Expresso Nitro(627842427)#0' 3-max (real money) Seat #3 is the button
Seat 1: _SKR (380)
Seat 3: Cartophane (520)
*** ANTE/BLINDS ***
Cartophane posts small blind 20
_SKR posts big blind 40
Dealt to _SKR [Qc Ah]
*** PRE-FLOP *** 
Cartophane raises 480 to 520 and is all-in
_SKR calls 340 and is all-in
*** FLOP *** [5s 9h Ks]
*** TURN *** [5s 9h Ks][8c]
*** RIVER *** [5s 9h Ks 8c][Ad]
*** SHOW DOWN ***
_SKR shows [Qc Ah] (One pair : Aces)
Cartophane shows [Qd 8d] (One pair : 8)
Cartophane collected 140 from side pot 1
_SKR collected 760 from main pot
*** SUMMARY ***
Total pot 900 | No rake
Board: [5s 9h Ks 8c Ad]
Seat 1: _SKR (big blind) showed [Qc Ah] and won 760 with One pair : Aces
Seat 3: Cartophane (small blind) (button) showed [Qd 8d] and won 140 with One pair : 8


Winamax Poker - Tournament "Expresso Nitro" buyIn: 1.86€ + 0.14€ level: 3 - HandId: #2696562691006267393-12-1675087310 - Holdem no limit (20/40) - 2023/01/30 14:01:50 UTC
Table: 'Expresso Nitro(627842427)#0' 3-max (real money) Seat #1 is the button
Seat 1: _SKR (760)
Seat 3: Cartophane (140)
*** ANTE/BLINDS ***
_SKR posts small blind 20
Cartophane posts big blind 40
Dealt to _SKR [3h 5s]
*** PRE-FLOP *** 
_SKR folds
Cartophane collected 60 from pot
*** SUMMARY ***
Total pot 60 | No rake
Seat 3: Cartophane (big blind) won 60


Winamax Poker - Tournament "Expresso Nitro" buyIn: 1.86€ + 0.14€ level: 3 - HandId: #2696562691006267393-13-1675087315 - Holdem no limit (20/40) - 2023/01/30 14:01:55 UTC
Table: 'Expresso Nitro(627842427)#0' 3-max (real money) Seat #3 is the button
Seat 1: _SKR (740)
Seat 3: Cartophane (160)
*** ANTE/BLINDS ***
Cartophane posts small blind 20
_SKR posts big blind 40
Dealt to _SKR [6c Qh]
*** PRE-FLOP *** 
Cartophane raises 120 to 160 and is all-in
_SKR calls 120
*** FLOP *** [4h Qd Kh]
*** TURN *** [4h Qd Kh][3d]
*** RIVER *** [4h Qd Kh 3d][2s]
*** SHOW DOWN ***
Cartophane shows [Ah 4c] (One pair : 4)
_SKR shows [6c Qh] (One pair : Queens)
_SKR collected 320 from pot
*** SUMMARY ***
Total pot 320 | No rake
Board: [4h Qd Kh 3d 2s]
Seat 1: _SKR (big blind) showed [6c Qh] and won 320 with One pair : Queens
Seat 3: Cartophane (small blind) (button) showed [Ah 4c] and lost with One pair : 4


