Winamax Poker - Tournament "Expresso Nitro" buyIn: 0.93€ + 0.07€ level: 1 - HandId: #2730570894891024385-1-1676986208 - Holdem no limit (10/20) - 2023/02/21 13:30:08 UTC
Table: 'Expresso Nitro(635760579)#0' 3-max (real money) Seat #1 is the button
Seat 1: _SKR (300)
Seat 2: Broke.Au.Lit (300)
Seat 3: Simon000006 (300)
*** ANTE/BLINDS ***
Broke.Au.Lit posts small blind 10
Simon000006 posts big blind 20
Dealt to _SKR [5c 3d]
*** PRE-FLOP *** 
_SKR folds
Broke.Au.Lit folds
Simon000006 collected 30 from pot
*** SUMMARY ***
Total pot 30 | No rake
Seat 3: Simon000006 (big blind) won 30


Winamax Poker - Tournament "Expresso Nitro" buyIn: 0.93€ + 0.07€ level: 1 - HandId: #2730570894891024385-2-1676986222 - Holdem no limit (10/20) - 2023/02/21 13:30:22 UTC
Table: 'Expresso Nitro(635760579)#0' 3-max (real money) Seat #2 is the button
Seat 1: _SKR (300)
Seat 2: Broke.Au.Lit (290)
Seat 3: Simon000006 (310)
*** ANTE/BLINDS ***
Simon000006 posts small blind 10
_SKR posts big blind 20
Dealt to _SKR [4s 2h]
*** PRE-FLOP *** 
Broke.Au.Lit folds
Simon000006 raises 20 to 40
_SKR folds
Simon000006 collected 60 from pot
*** SUMMARY ***
Total pot 60 | No rake
Seat 3: Simon000006 (small blind) won 60


Winamax Poker - Tournament "Expresso Nitro" buyIn: 0.93€ + 0.07€ level: 1 - HandId: #2730570894891024385-3-1676986230 - Holdem no limit (10/20) - 2023/02/21 13:30:30 UTC
Table: 'Expresso Nitro(635760579)#0' 3-max (real money) Seat #3 is the button
Seat 1: _SKR (280)
Seat 2: Broke.Au.Lit (290)
Seat 3: Simon000006 (330)
*** ANTE/BLINDS ***
_SKR posts small blind 10
Broke.Au.Lit posts big blind 20
Dealt to _SKR [6c 8h]
*** PRE-FLOP *** 
Simon000006 raises 20 to 40
_SKR folds
Broke.Au.Lit raises 250 to 290 and is all-in
Simon000006 folds
Broke.Au.Lit collected 340 from pot
*** SUMMARY ***
Total pot 340 | No rake
Seat 2: Broke.Au.Lit (big blind) won 340


Winamax Poker - Tournament "Expresso Nitro" buyIn: 0.93€ + 0.07€ level: 1 - HandId: #2730570894891024385-4-1676986246 - Holdem no limit (10/20) - 2023/02/21 13:30:46 UTC
Table: 'Expresso Nitro(635760579)#0' 3-max (real money) Seat #1 is the button
Seat 1: _SKR (270)
Seat 2: Broke.Au.Lit (340)
Seat 3: Simon000006 (290)
*** ANTE/BLINDS ***
Broke.Au.Lit posts small blind 10
Simon000006 posts big blind 20
Dealt to _SKR [6s Qs]
*** PRE-FLOP *** 
_SKR folds
Broke.Au.Lit folds
Simon000006 collected 30 from pot
*** SUMMARY ***
Total pot 30 | No rake
Seat 3: Simon000006 (big blind) won 30


Winamax Poker - Tournament "Expresso Nitro" buyIn: 0.93€ + 0.07€ level: 1 - HandId: #2730570894891024385-5-1676986259 - Holdem no limit (10/20) - 2023/02/21 13:30:59 UTC
Table: 'Expresso Nitro(635760579)#0' 3-max (real money) Seat #2 is the button
Seat 1: _SKR (270)
Seat 2: Broke.Au.Lit (330)
Seat 3: Simon000006 (300)
*** ANTE/BLINDS ***
Simon000006 posts small blind 10
_SKR posts big blind 20
Dealt to _SKR [6d 9h]
*** PRE-FLOP *** 
Broke.Au.Lit folds
Simon000006 folds
_SKR collected 30 from pot
*** SUMMARY ***
Total pot 30 | No rake
Seat 1: _SKR (big blind) won 30


Winamax Poker - Tournament "Expresso Nitro" buyIn: 0.93€ + 0.07€ level: 2 - HandId: #2730570894891024385-6-1676986284 - Holdem no limit (15/30) - 2023/02/21 13:31:24 UTC
Table: 'Expresso Nitro(635760579)#0' 3-max (real money) Seat #3 is the button
Seat 1: _SKR (280)
Seat 2: Broke.Au.Lit (330)
Seat 3: Simon000006 (290)
*** ANTE/BLINDS ***
_SKR posts small blind 15
Broke.Au.Lit posts big blind 30
Dealt to _SKR [Ac 4s]
*** PRE-FLOP *** 
Simon000006 folds
_SKR raises 250 to 280 and is all-in
Broke.Au.Lit folds
_SKR collected 310 from pot
*** SUMMARY ***
Total pot 310 | No rake
Seat 1: _SKR (small blind) won 310


Winamax Poker - Tournament "Expresso Nitro" buyIn: 0.93€ + 0.07€ level: 2 - HandId: #2730570894891024385-7-1676986293 - Holdem no limit (15/30) - 2023/02/21 13:31:33 UTC
Table: 'Expresso Nitro(635760579)#0' 3-max (real money) Seat #1 is the button
Seat 1: _SKR (310)
Seat 2: Broke.Au.Lit (300)
Seat 3: Simon000006 (290)
*** ANTE/BLINDS ***
Broke.Au.Lit posts small blind 15
Simon000006 posts big blind 30
Dealt to _SKR [Qc Kh]
*** PRE-FLOP *** 
_SKR raises 280 to 310 and is all-in
Broke.Au.Lit folds
Simon000006 calls 260 and is all-in
*** FLOP *** [2h 8d 3d]
*** TURN *** [2h 8d 3d][Kd]
*** RIVER *** [2h 8d 3d Kd][Ac]
*** SHOW DOWN ***
Simon000006 shows [6s 5s] (High card : Ace)
_SKR shows [Qc Kh] (One pair : Kings)
_SKR collected 615 from pot
*** SUMMARY ***
Total pot 615 | No rake
Board: [2h 8d 3d Kd Ac]
Seat 1: _SKR (button) showed [Qc Kh] and won 615 with One pair : Kings
Seat 3: Simon000006 (big blind) showed [6s 5s] and lost with High card : Ace


Winamax Poker - Tournament "Expresso Nitro" buyIn: 0.93€ + 0.07€ level: 2 - HandId: #2730570894891024385-8-1676986312 - Holdem no limit (15/30) - 2023/02/21 13:31:52 UTC
Table: 'Expresso Nitro(635760579)#0' 3-max (real money) Seat #1 is the button
Seat 1: _SKR (615)
Seat 2: Broke.Au.Lit (285)
*** ANTE/BLINDS ***
_SKR posts small blind 15
Broke.Au.Lit posts big blind 30
Dealt to _SKR [Ah Qh]
*** PRE-FLOP *** 
_SKR raises 585 to 615 and is all-in
Broke.Au.Lit folds
_SKR collected 645 from pot
*** SUMMARY ***
Total pot 645 | No rake
Seat 1: _SKR (small blind) (button) won 645


Winamax Poker - Tournament "Expresso Nitro" buyIn: 0.93€ + 0.07€ level: 2 - HandId: #2730570894891024385-9-1676986321 - Holdem no limit (15/30) - 2023/02/21 13:32:01 UTC
Table: 'Expresso Nitro(635760579)#0' 3-max (real money) Seat #2 is the button
Seat 1: _SKR (645)
Seat 2: Broke.Au.Lit (255)
*** ANTE/BLINDS ***
Broke.Au.Lit posts small blind 15
_SKR posts big blind 30
Dealt to _SKR [6h Jc]
*** PRE-FLOP *** 
Broke.Au.Lit folds
_SKR collected 45 from pot
*** SUMMARY ***
Total pot 45 | No rake
Seat 1: _SKR (big blind) won 45


Winamax Poker - Tournament "Expresso Nitro" buyIn: 0.93€ + 0.07€ level: 3 - HandId: #2730570894891024385-10-1676986324 - Holdem no limit (20/40) - 2023/02/21 13:32:04 UTC
Table: 'Expresso Nitro(635760579)#0' 3-max (real money) Seat #1 is the button
Seat 1: _SKR (660)
Seat 2: Broke.Au.Lit (240)
*** ANTE/BLINDS ***
_SKR posts small blind 20
Broke.Au.Lit posts big blind 40
Dealt to _SKR [5c Jh]
*** PRE-FLOP *** 
_SKR folds
Broke.Au.Lit collected 60 from pot
*** SUMMARY ***
Total pot 60 | No rake
Seat 2: Broke.Au.Lit (big blind) won 60


Winamax Poker - Tournament "Expresso Nitro" buyIn: 0.93€ + 0.07€ level: 3 - HandId: #2730570894891024385-11-1676986328 - Holdem no limit (20/40) - 2023/02/21 13:32:08 UTC
Table: 'Expresso Nitro(635760579)#0' 3-max (real money) Seat #2 is the button
Seat 1: _SKR (640)
Seat 2: Broke.Au.Lit (260)
*** ANTE/BLINDS ***
Broke.Au.Lit posts small blind 20
_SKR posts big blind 40
Dealt to _SKR [Kh 5d]
*** PRE-FLOP *** 
Broke.Au.Lit raises 220 to 260 and is all-in
_SKR folds
Broke.Au.Lit collected 300 from pot
*** SUMMARY ***
Total pot 300 | No rake
Seat 2: Broke.Au.Lit (small blind) (button) won 300


Winamax Poker - Tournament "Expresso Nitro" buyIn: 0.93€ + 0.07€ level: 3 - HandId: #2730570894891024385-12-1676986340 - Holdem no limit (20/40) - 2023/02/21 13:32:20 UTC
Table: 'Expresso Nitro(635760579)#0' 3-max (real money) Seat #1 is the button
Seat 1: _SKR (600)
Seat 2: Broke.Au.Lit (300)
*** ANTE/BLINDS ***
_SKR posts small blind 20
Broke.Au.Lit posts big blind 40
Dealt to _SKR [4h Qd]
*** PRE-FLOP *** 
_SKR folds
Broke.Au.Lit collected 60 from pot
*** SUMMARY ***
Total pot 60 | No rake
Seat 2: Broke.Au.Lit (big blind) won 60


Winamax Poker - Tournament "Expresso Nitro" buyIn: 0.93€ + 0.07€ level: 3 - HandId: #2730570894891024385-13-1676986344 - Holdem no limit (20/40) - 2023/02/21 13:32:24 UTC
Table: 'Expresso Nitro(635760579)#0' 3-max (real money) Seat #2 is the button
Seat 1: _SKR (580)
Seat 2: Broke.Au.Lit (320)
*** ANTE/BLINDS ***
Broke.Au.Lit posts small blind 20
_SKR posts big blind 40
Dealt to _SKR [6h 6d]
*** PRE-FLOP *** 
Broke.Au.Lit folds
_SKR collected 60 from pot
*** SUMMARY ***
Total pot 60 | No rake
Seat 1: _SKR (big blind) won 60


Winamax Poker - Tournament "Expresso Nitro" buyIn: 0.93€ + 0.07€ level: 3 - HandId: #2730570894891024385-14-1676986347 - Holdem no limit (20/40) - 2023/02/21 13:32:27 UTC
Table: 'Expresso Nitro(635760579)#0' 3-max (real money) Seat #1 is the button
Seat 1: _SKR (600)
Seat 2: Broke.Au.Lit (300)
*** ANTE/BLINDS ***
_SKR posts small blind 20
Broke.Au.Lit posts big blind 40
Dealt to _SKR [Th 7s]
*** PRE-FLOP *** 
_SKR folds
Broke.Au.Lit collected 60 from pot
*** SUMMARY ***
Total pot 60 | No rake
Seat 2: Broke.Au.Lit (big blind) won 60


Winamax Poker - Tournament "Expresso Nitro" buyIn: 0.93€ + 0.07€ level: 3 - HandId: #2730570894891024385-15-1676986354 - Holdem no limit (20/40) - 2023/02/21 13:32:34 UTC
Table: 'Expresso Nitro(635760579)#0' 3-max (real money) Seat #2 is the button
Seat 1: _SKR (580)
Seat 2: Broke.Au.Lit (320)
*** ANTE/BLINDS ***
Broke.Au.Lit posts small blind 20
_SKR posts big blind 40
Dealt to _SKR [3s 6s]
*** PRE-FLOP *** 
Broke.Au.Lit folds
_SKR collected 60 from pot
*** SUMMARY ***
Total pot 60 | No rake
Seat 1: _SKR (big blind) won 60


Winamax Poker - Tournament "Expresso Nitro" buyIn: 0.93€ + 0.07€ level: 3 - HandId: #2730570894891024385-16-1676986359 - Holdem no limit (20/40) - 2023/02/21 13:32:39 UTC
Table: 'Expresso Nitro(635760579)#0' 3-max (real money) Seat #1 is the button
Seat 1: _SKR (600)
Seat 2: Broke.Au.Lit (300)
*** ANTE/BLINDS ***
_SKR posts small blind 20
Broke.Au.Lit posts big blind 40
Dealt to _SKR [Ac Ks]
*** PRE-FLOP *** 
_SKR raises 560 to 600 and is all-in
Broke.Au.Lit calls 260 and is all-in
*** FLOP *** [6h 7h 6c]
*** TURN *** [6h 7h 6c][Jd]
*** RIVER *** [6h 7h 6c Jd][4h]
*** SHOW DOWN ***
Broke.Au.Lit shows [Kd 5d] (One pair : 6)
_SKR shows [Ac Ks] (One pair : 6)
_SKR collected 900 from pot
*** SUMMARY ***
Total pot 900 | No rake
Board: [6h 7h 6c Jd 4h]
Seat 1: _SKR (small blind) (button) showed [Ac Ks] and won 900 with One pair : 6
Seat 2: Broke.Au.Lit (big blind) showed [Kd 5d] and lost with One pair : 6


