Winamax Poker - Tournament "Expresso Nitro" buyIn: 0.93€ + 0.07€ level: 1 - HandId: #2692542708991393793-1-1674829765 - Holdem no limit (10/20) - 2023/01/27 14:29:25 UTC
Table: 'Expresso Nitro(626906452)#0' 3-max (real money) Seat #3 is the button
Seat 1: _SKR (300)
Seat 2: Nsnoopy (300)
Seat 3: Kim5457 (300)
*** ANTE/BLINDS ***
_SKR posts small blind 10
Nsnoopy posts big blind 20
Dealt to _SKR [9s Js]
*** PRE-FLOP *** 
Kim5457 folds
_SKR raises 20 to 40
Nsnoopy calls 20
*** FLOP *** [8h Kd 9h]
_SKR checks
Nsnoopy bets 260 and is all-in
_SKR folds
Nsnoopy collected 340 from pot
*** SUMMARY ***
Total pot 340 | No rake
Board: [8h Kd 9h]
Seat 2: Nsnoopy (big blind) won 340


Winamax Poker - Tournament "Expresso Nitro" buyIn: 0.93€ + 0.07€ level: 1 - HandId: #2692542708991393793-2-1674829783 - Holdem no limit (10/20) - 2023/01/27 14:29:43 UTC
Table: 'Expresso Nitro(626906452)#0' 3-max (real money) Seat #1 is the button
Seat 1: _SKR (260)
Seat 2: Nsnoopy (340)
Seat 3: Kim5457 (300)
*** ANTE/BLINDS ***
Nsnoopy posts small blind 10
Kim5457 posts big blind 20
Dealt to _SKR [3s 5s]
*** PRE-FLOP *** 
_SKR folds
Nsnoopy folds
Kim5457 collected 30 from pot
*** SUMMARY ***
Total pot 30 | No rake
Seat 3: Kim5457 (big blind) won 30


Winamax Poker - Tournament "Expresso Nitro" buyIn: 0.93€ + 0.07€ level: 1 - HandId: #2692542708991393793-3-1674829789 - Holdem no limit (10/20) - 2023/01/27 14:29:49 UTC
Table: 'Expresso Nitro(626906452)#0' 3-max (real money) Seat #2 is the button
Seat 1: _SKR (260)
Seat 2: Nsnoopy (330)
Seat 3: Kim5457 (310)
*** ANTE/BLINDS ***
Kim5457 posts small blind 10
_SKR posts big blind 20
Dealt to _SKR [Td 6s]
*** PRE-FLOP *** 
Nsnoopy folds
Kim5457 calls 10
_SKR checks
*** FLOP *** [9s 3s 9c]
Kim5457 bets 290 and is all-in
_SKR folds
Kim5457 collected 330 from pot
*** SUMMARY ***
Total pot 330 | No rake
Board: [9s 3s 9c]
Seat 3: Kim5457 (small blind) won 330


Winamax Poker - Tournament "Expresso Nitro" buyIn: 0.93€ + 0.07€ level: 1 - HandId: #2692542708991393793-4-1674829804 - Holdem no limit (10/20) - 2023/01/27 14:30:04 UTC
Table: 'Expresso Nitro(626906452)#0' 3-max (real money) Seat #3 is the button
Seat 1: _SKR (240)
Seat 2: Nsnoopy (330)
Seat 3: Kim5457 (330)
*** ANTE/BLINDS ***
_SKR posts small blind 10
Nsnoopy posts big blind 20
Dealt to _SKR [8h Ac]
*** PRE-FLOP *** 
Kim5457 calls 20
_SKR raises 220 to 240 and is all-in
Nsnoopy folds
Kim5457 calls 220
*** FLOP *** [6s Qh 2h]
*** TURN *** [6s Qh 2h][7h]
*** RIVER *** [6s Qh 2h 7h][As]
*** SHOW DOWN ***
Kim5457 shows [5d 2d] (One pair : 2)
_SKR shows [8h Ac] (One pair : Aces)
_SKR collected 500 from pot
*** SUMMARY ***
Total pot 500 | No rake
Board: [6s Qh 2h 7h As]
Seat 1: _SKR (small blind) showed [8h Ac] and won 500 with One pair : Aces
Seat 3: Kim5457 (button) showed [5d 2d] and lost with One pair : 2


Winamax Poker - Tournament "Expresso Nitro" buyIn: 0.93€ + 0.07€ level: 2 - HandId: #2692542708991393793-5-1674829824 - Holdem no limit (15/30) - 2023/01/27 14:30:24 UTC
Table: 'Expresso Nitro(626906452)#0' 3-max (real money) Seat #1 is the button
Seat 1: _SKR (500)
Seat 2: Nsnoopy (310)
Seat 3: Kim5457 (90)
*** ANTE/BLINDS ***
Nsnoopy posts small blind 15
Kim5457 posts big blind 30
Dealt to _SKR [As Jd]
*** PRE-FLOP *** 
_SKR raises 470 to 500 and is all-in
Nsnoopy folds
Kim5457 calls 60 and is all-in
*** FLOP *** [7h 4s Qd]
*** TURN *** [7h 4s Qd][Tc]
*** RIVER *** [7h 4s Qd Tc][9h]
*** SHOW DOWN ***
Kim5457 shows [Kh 2c] (High card : King)
_SKR shows [As Jd] (High card : Ace)
_SKR collected 605 from pot
*** SUMMARY ***
Total pot 605 | No rake
Board: [7h 4s Qd Tc 9h]
Seat 1: _SKR (button) showed [As Jd] and won 605 with High card : Ace
Seat 3: Kim5457 (big blind) showed [Kh 2c] and lost with High card : King


Winamax Poker - Tournament "Expresso Nitro" buyIn: 0.93€ + 0.07€ level: 2 - HandId: #2692542708991393793-6-1674829843 - Holdem no limit (15/30) - 2023/01/27 14:30:43 UTC
Table: 'Expresso Nitro(626906452)#0' 3-max (real money) Seat #1 is the button
Seat 1: _SKR (605)
Seat 2: Nsnoopy (295)
*** ANTE/BLINDS ***
_SKR posts small blind 15
Nsnoopy posts big blind 30
Dealt to _SKR [6h 9c]
*** PRE-FLOP *** 
_SKR folds
Nsnoopy collected 45 from pot
*** SUMMARY ***
Total pot 45 | No rake
Seat 2: Nsnoopy (big blind) won 45


Winamax Poker - Tournament "Expresso Nitro" buyIn: 0.93€ + 0.07€ level: 2 - HandId: #2692542708991393793-7-1674829850 - Holdem no limit (15/30) - 2023/01/27 14:30:50 UTC
Table: 'Expresso Nitro(626906452)#0' 3-max (real money) Seat #2 is the button
Seat 1: _SKR (590)
Seat 2: Nsnoopy (310)
*** ANTE/BLINDS ***
Nsnoopy posts small blind 15
_SKR posts big blind 30
Dealt to _SKR [Th 4h]
*** PRE-FLOP *** 
Nsnoopy calls 15
_SKR checks
*** FLOP *** [Jc 7h 8c]
_SKR checks
Nsnoopy checks
*** TURN *** [Jc 7h 8c][3h]
_SKR bets 39
Nsnoopy raises 241 to 280 and is all-in
_SKR folds
Nsnoopy collected 379 from pot
*** SUMMARY ***
Total pot 379 | No rake
Board: [Jc 7h 8c 3h]
Seat 2: Nsnoopy (small blind) (button) won 379


Winamax Poker - Tournament "Expresso Nitro" buyIn: 0.93€ + 0.07€ level: 3 - HandId: #2692542708991393793-8-1674829888 - Holdem no limit (20/40) - 2023/01/27 14:31:28 UTC
Table: 'Expresso Nitro(626906452)#0' 3-max (real money) Seat #1 is the button
Seat 1: _SKR (521)
Seat 2: Nsnoopy (379)
*** ANTE/BLINDS ***
_SKR posts small blind 20
Nsnoopy posts big blind 40
Dealt to _SKR [3s 8d]
*** PRE-FLOP *** 
_SKR folds
Nsnoopy collected 60 from pot
*** SUMMARY ***
Total pot 60 | No rake
Seat 2: Nsnoopy (big blind) won 60


Winamax Poker - Tournament "Expresso Nitro" buyIn: 0.93€ + 0.07€ level: 3 - HandId: #2692542708991393793-9-1674829899 - Holdem no limit (20/40) - 2023/01/27 14:31:39 UTC
Table: 'Expresso Nitro(626906452)#0' 3-max (real money) Seat #2 is the button
Seat 1: _SKR (501)
Seat 2: Nsnoopy (399)
*** ANTE/BLINDS ***
Nsnoopy posts small blind 20
_SKR posts big blind 40
Dealt to _SKR [Js Kc]
*** PRE-FLOP *** 
Nsnoopy raises 359 to 399 and is all-in
_SKR calls 359
*** FLOP *** [Ac 8s Kd]
*** TURN *** [Ac 8s Kd][5c]
*** RIVER *** [Ac 8s Kd 5c][Ah]
*** SHOW DOWN ***
Nsnoopy shows [Jd 6d] (One pair : Aces)
_SKR shows [Js Kc] (Two pairs : Aces and Kings)
_SKR collected 798 from pot
*** SUMMARY ***
Total pot 798 | No rake
Board: [Ac 8s Kd 5c Ah]
Seat 1: _SKR (big blind) showed [Js Kc] and won 798 with Two pairs : Aces and Kings
Seat 2: Nsnoopy (small blind) (button) showed [Jd 6d] and lost with One pair : Aces


