Winamax Poker - Tournament "Expresso Nitro" buyIn: 0.93€ + 0.07€ level: 1 - HandId: #2690585844581924865-1-1674686909 - Holdem no limit (10/20) - 2023/01/25 22:48:29 UTC
Table: 'Expresso Nitro(626450834)#0' 3-max (real money) Seat #2 is the button
Seat 1: _SKR (300)
Seat 2: Jacomolinos7 (300)
Seat 3: Rymkaraf (300)
*** ANTE/BLINDS ***
Rymkaraf posts small blind 10
_SKR posts big blind 20
Dealt to _SKR [Td 7h]
*** PRE-FLOP *** 
Jacomolinos7 folds
Rymkaraf folds
_SKR collected 30 from pot
*** SUMMARY ***
Total pot 30 | No rake
Seat 1: _SKR (big blind) won 30


Winamax Poker - Tournament "Expresso Nitro" buyIn: 0.93€ + 0.07€ level: 1 - HandId: #2690585844581924865-2-1674686912 - Holdem no limit (10/20) - 2023/01/25 22:48:32 UTC
Table: 'Expresso Nitro(626450834)#0' 3-max (real money) Seat #3 is the button
Seat 1: _SKR (310)
Seat 2: Jacomolinos7 (300)
Seat 3: Rymkaraf (290)
*** ANTE/BLINDS ***
_SKR posts small blind 10
Jacomolinos7 posts big blind 20
Dealt to _SKR [8s 5c]
*** PRE-FLOP *** 
Rymkaraf calls 20
_SKR folds
Jacomolinos7 raises 280 to 300 and is all-in
Rymkaraf folds
Jacomolinos7 collected 330 from pot
*** SUMMARY ***
Total pot 330 | No rake
Seat 2: Jacomolinos7 (big blind) won 330


Winamax Poker - Tournament "Expresso Nitro" buyIn: 0.93€ + 0.07€ level: 1 - HandId: #2690585844581924865-3-1674686930 - Holdem no limit (10/20) - 2023/01/25 22:48:50 UTC
Table: 'Expresso Nitro(626450834)#0' 3-max (real money) Seat #1 is the button
Seat 1: _SKR (300)
Seat 2: Jacomolinos7 (330)
Seat 3: Rymkaraf (270)
*** ANTE/BLINDS ***
Jacomolinos7 posts small blind 10
Rymkaraf posts big blind 20
Dealt to _SKR [4d 9s]
*** PRE-FLOP *** 
_SKR folds
Jacomolinos7 calls 10
Rymkaraf checks
*** FLOP *** [6s Jh Kh]
Jacomolinos7 checks
Rymkaraf checks
*** TURN *** [6s Jh Kh][Qh]
Jacomolinos7 bets 40
Rymkaraf folds
Jacomolinos7 collected 80 from pot
*** SUMMARY ***
Total pot 80 | No rake
Board: [6s Jh Kh Qh]
Seat 2: Jacomolinos7 (small blind) won 80


Winamax Poker - Tournament "Expresso Nitro" buyIn: 0.93€ + 0.07€ level: 1 - HandId: #2690585844581924865-4-1674686940 - Holdem no limit (10/20) - 2023/01/25 22:49:00 UTC
Table: 'Expresso Nitro(626450834)#0' 3-max (real money) Seat #2 is the button
Seat 1: _SKR (300)
Seat 2: Jacomolinos7 (350)
Seat 3: Rymkaraf (250)
*** ANTE/BLINDS ***
Rymkaraf posts small blind 10
_SKR posts big blind 20
Dealt to _SKR [6c Th]
*** PRE-FLOP *** 
Jacomolinos7 raises 330 to 350 and is all-in
Rymkaraf folds
_SKR folds
Jacomolinos7 collected 380 from pot
*** SUMMARY ***
Total pot 380 | No rake
Seat 2: Jacomolinos7 (button) won 380


Winamax Poker - Tournament "Expresso Nitro" buyIn: 0.93€ + 0.07€ level: 1 - HandId: #2690585844581924865-5-1674686947 - Holdem no limit (10/20) - 2023/01/25 22:49:07 UTC
Table: 'Expresso Nitro(626450834)#0' 3-max (real money) Seat #3 is the button
Seat 1: _SKR (280)
Seat 2: Jacomolinos7 (380)
Seat 3: Rymkaraf (240)
*** ANTE/BLINDS ***
_SKR posts small blind 10
Jacomolinos7 posts big blind 20
Dealt to _SKR [4c 5c]
*** PRE-FLOP *** 
Rymkaraf folds
_SKR folds
Jacomolinos7 collected 30 from pot
*** SUMMARY ***
Total pot 30 | No rake
Seat 2: Jacomolinos7 (big blind) won 30


Winamax Poker - Tournament "Expresso Nitro" buyIn: 0.93€ + 0.07€ level: 1 - HandId: #2690585844581924865-6-1674686957 - Holdem no limit (10/20) - 2023/01/25 22:49:17 UTC
Table: 'Expresso Nitro(626450834)#0' 3-max (real money) Seat #1 is the button
Seat 1: _SKR (270)
Seat 2: Jacomolinos7 (390)
Seat 3: Rymkaraf (240)
*** ANTE/BLINDS ***
Jacomolinos7 posts small blind 10
Rymkaraf posts big blind 20
Dealt to _SKR [5h 8h]
*** PRE-FLOP *** 
_SKR folds
Jacomolinos7 calls 10
Rymkaraf raises 40 to 60
Jacomolinos7 calls 40
*** FLOP *** [Ac Qc 4h]
Jacomolinos7 checks
Rymkaraf bets 120
Jacomolinos7 calls 120
*** TURN *** [Ac Qc 4h][9s]
Jacomolinos7 bets 20
Rymkaraf raises 40 to 60 and is all-in
Jacomolinos7 calls 40
*** RIVER *** [Ac Qc 4h 9s][Kd]
*** SHOW DOWN ***
Rymkaraf shows [Jd Jc] (One pair : Jacks)
Jacomolinos7 shows [3d Qd] (One pair : Queens)
Jacomolinos7 collected 480 from pot
*** SUMMARY ***
Total pot 480 | No rake
Board: [Ac Qc 4h 9s Kd]
Seat 2: Jacomolinos7 (small blind) showed [3d Qd] and won 480 with One pair : Queens
Seat 3: Rymkaraf (big blind) showed [Jd Jc] and lost with One pair : Jacks


Winamax Poker - Tournament "Expresso Nitro" buyIn: 0.93€ + 0.07€ level: 2 - HandId: #2690585844581924865-7-1674686994 - Holdem no limit (15/30) - 2023/01/25 22:49:54 UTC
Table: 'Expresso Nitro(626450834)#0' 3-max (real money) Seat #1 is the button
Seat 1: _SKR (270)
Seat 2: Jacomolinos7 (630)
*** ANTE/BLINDS ***
_SKR posts small blind 15
Jacomolinos7 posts big blind 30
Dealt to _SKR [Jc 6h]
*** PRE-FLOP *** 
_SKR folds
Jacomolinos7 collected 45 from pot
*** SUMMARY ***
Total pot 45 | No rake
Seat 2: Jacomolinos7 (big blind) won 45


Winamax Poker - Tournament "Expresso Nitro" buyIn: 0.93€ + 0.07€ level: 2 - HandId: #2690585844581924865-8-1674686999 - Holdem no limit (15/30) - 2023/01/25 22:49:59 UTC
Table: 'Expresso Nitro(626450834)#0' 3-max (real money) Seat #2 is the button
Seat 1: _SKR (255)
Seat 2: Jacomolinos7 (645)
*** ANTE/BLINDS ***
Jacomolinos7 posts small blind 15
_SKR posts big blind 30
Dealt to _SKR [3s Ks]
*** PRE-FLOP *** 
Jacomolinos7 calls 15
_SKR raises 225 to 255 and is all-in
Jacomolinos7 folds
_SKR collected 285 from pot
*** SUMMARY ***
Total pot 285 | No rake
Seat 1: _SKR (big blind) won 285


Winamax Poker - Tournament "Expresso Nitro" buyIn: 0.93€ + 0.07€ level: 2 - HandId: #2690585844581924865-9-1674687007 - Holdem no limit (15/30) - 2023/01/25 22:50:07 UTC
Table: 'Expresso Nitro(626450834)#0' 3-max (real money) Seat #1 is the button
Seat 1: _SKR (285)
Seat 2: Jacomolinos7 (615)
*** ANTE/BLINDS ***
_SKR posts small blind 15
Jacomolinos7 posts big blind 30
Dealt to _SKR [Qh As]
*** PRE-FLOP *** 
_SKR raises 255 to 285 and is all-in
Jacomolinos7 folds
_SKR collected 315 from pot
*** SUMMARY ***
Total pot 315 | No rake
Seat 1: _SKR (small blind) (button) won 315


Winamax Poker - Tournament "Expresso Nitro" buyIn: 0.93€ + 0.07€ level: 2 - HandId: #2690585844581924865-10-1674687012 - Holdem no limit (15/30) - 2023/01/25 22:50:12 UTC
Table: 'Expresso Nitro(626450834)#0' 3-max (real money) Seat #2 is the button
Seat 1: _SKR (315)
Seat 2: Jacomolinos7 (585)
*** ANTE/BLINDS ***
Jacomolinos7 posts small blind 15
_SKR posts big blind 30
Dealt to _SKR [Kh 3d]
*** PRE-FLOP *** 
Jacomolinos7 raises 555 to 585 and is all-in
_SKR folds
Jacomolinos7 collected 615 from pot
*** SUMMARY ***
Total pot 615 | No rake
Seat 2: Jacomolinos7 (small blind) (button) won 615


Winamax Poker - Tournament "Expresso Nitro" buyIn: 0.93€ + 0.07€ level: 2 - HandId: #2690585844581924865-11-1674687018 - Holdem no limit (15/30) - 2023/01/25 22:50:18 UTC
Table: 'Expresso Nitro(626450834)#0' 3-max (real money) Seat #1 is the button
Seat 1: _SKR (285)
Seat 2: Jacomolinos7 (615)
*** ANTE/BLINDS ***
_SKR posts small blind 15
Jacomolinos7 posts big blind 30
Dealt to _SKR [7s Jh]
*** PRE-FLOP *** 
_SKR raises 255 to 285 and is all-in
Jacomolinos7 folds
_SKR collected 315 from pot
*** SUMMARY ***
Total pot 315 | No rake
Seat 1: _SKR (small blind) (button) won 315


Winamax Poker - Tournament "Expresso Nitro" buyIn: 0.93€ + 0.07€ level: 2 - HandId: #2690585844581924865-12-1674687024 - Holdem no limit (15/30) - 2023/01/25 22:50:24 UTC
Table: 'Expresso Nitro(626450834)#0' 3-max (real money) Seat #2 is the button
Seat 1: _SKR (315)
Seat 2: Jacomolinos7 (585)
*** ANTE/BLINDS ***
Jacomolinos7 posts small blind 15
_SKR posts big blind 30
Dealt to _SKR [4d Ts]
*** PRE-FLOP *** 
Jacomolinos7 calls 15
_SKR checks
*** FLOP *** [Ac 7c 4h]
_SKR checks
Jacomolinos7 bets 60
_SKR folds
Jacomolinos7 collected 120 from pot
*** SUMMARY ***
Total pot 120 | No rake
Board: [Ac 7c 4h]
Seat 2: Jacomolinos7 (small blind) (button) won 120


Winamax Poker - Tournament "Expresso Nitro" buyIn: 0.93€ + 0.07€ level: 3 - HandId: #2690585844581924865-13-1674687038 - Holdem no limit (20/40) - 2023/01/25 22:50:38 UTC
Table: 'Expresso Nitro(626450834)#0' 3-max (real money) Seat #1 is the button
Seat 1: _SKR (285)
Seat 2: Jacomolinos7 (615)
*** ANTE/BLINDS ***
_SKR posts small blind 20
Jacomolinos7 posts big blind 40
Dealt to _SKR [3c 6c]
*** PRE-FLOP *** 
_SKR folds
Jacomolinos7 collected 60 from pot
*** SUMMARY ***
Total pot 60 | No rake
Seat 2: Jacomolinos7 (big blind) won 60


Winamax Poker - Tournament "Expresso Nitro" buyIn: 0.93€ + 0.07€ level: 3 - HandId: #2690585844581924865-14-1674687046 - Holdem no limit (20/40) - 2023/01/25 22:50:46 UTC
Table: 'Expresso Nitro(626450834)#0' 3-max (real money) Seat #2 is the button
Seat 1: _SKR (265)
Seat 2: Jacomolinos7 (635)
*** ANTE/BLINDS ***
Jacomolinos7 posts small blind 20
_SKR posts big blind 40
Dealt to _SKR [Ks 8h]
*** PRE-FLOP *** 
Jacomolinos7 folds
_SKR collected 60 from pot
*** SUMMARY ***
Total pot 60 | No rake
Seat 1: _SKR (big blind) won 60


Winamax Poker - Tournament "Expresso Nitro" buyIn: 0.93€ + 0.07€ level: 3 - HandId: #2690585844581924865-15-1674687049 - Holdem no limit (20/40) - 2023/01/25 22:50:49 UTC
Table: 'Expresso Nitro(626450834)#0' 3-max (real money) Seat #1 is the button
Seat 1: _SKR (285)
Seat 2: Jacomolinos7 (615)
*** ANTE/BLINDS ***
_SKR posts small blind 20
Jacomolinos7 posts big blind 40
Dealt to _SKR [Qs 2d]
*** PRE-FLOP *** 
_SKR folds
Jacomolinos7 collected 60 from pot
*** SUMMARY ***
Total pot 60 | No rake
Seat 2: Jacomolinos7 (big blind) won 60


Winamax Poker - Tournament "Expresso Nitro" buyIn: 0.93€ + 0.07€ level: 3 - HandId: #2690585844581924865-16-1674687054 - Holdem no limit (20/40) - 2023/01/25 22:50:54 UTC
Table: 'Expresso Nitro(626450834)#0' 3-max (real money) Seat #2 is the button
Seat 1: _SKR (265)
Seat 2: Jacomolinos7 (635)
*** ANTE/BLINDS ***
Jacomolinos7 posts small blind 20
_SKR posts big blind 40
Dealt to _SKR [3d 3s]
*** PRE-FLOP *** 
Jacomolinos7 raises 595 to 635 and is all-in
_SKR calls 225 and is all-in
*** FLOP *** [6h Jd Ah]
*** TURN *** [6h Jd Ah][8h]
*** RIVER *** [6h Jd Ah 8h][Tc]
*** SHOW DOWN ***
_SKR shows [3d 3s] (One pair : 3)
Jacomolinos7 shows [Jc Qh] (One pair : Jacks)
Jacomolinos7 collected 900 from pot
*** SUMMARY ***
Total pot 900 | No rake
Board: [6h Jd Ah 8h Tc]
Seat 1: _SKR (big blind) showed [3d 3s] and lost with One pair : 3
Seat 2: Jacomolinos7 (small blind) (button) showed [Jc Qh] and won 900 with One pair : Jacks


