Winamax Poker - Tournament "Expresso Nitro" buyIn: 0.93€ + 0.07€ level: 1 - HandId: #2672605307594604545-1-1673616197 - Holdem no limit (10/20) - 2023/01/13 13:23:17 UTC
Table: 'Expresso Nitro(622264414)#0' 3-max (real money) Seat #3 is the button
Seat 1: Furax001 (300)
Seat 2: 10craneuse (300)
Seat 3: _SKR (300)
*** ANTE/BLINDS ***
Furax001 posts small blind 10
10craneuse posts big blind 20
Dealt to _SKR [9h 8d]
*** PRE-FLOP *** 
_SKR folds
Furax001 folds
10craneuse collected 30 from pot
*** SUMMARY ***
Total pot 30 | No rake
Seat 2: 10craneuse (big blind) won 30


Winamax Poker - Tournament "Expresso Nitro" buyIn: 0.93€ + 0.07€ level: 1 - HandId: #2672605307594604545-2-1673616208 - Holdem no limit (10/20) - 2023/01/13 13:23:28 UTC
Table: 'Expresso Nitro(622264414)#0' 3-max (real money) Seat #1 is the button
Seat 1: Furax001 (290)
Seat 2: 10craneuse (310)
Seat 3: _SKR (300)
*** ANTE/BLINDS ***
10craneuse posts small blind 10
_SKR posts big blind 20
Dealt to _SKR [5s 3h]
*** PRE-FLOP *** 
Furax001 raises 20 to 40
10craneuse calls 30
_SKR folds
*** FLOP *** [4d 9d 2d]
10craneuse checks
Furax001 checks
*** TURN *** [4d 9d 2d][6c]
10craneuse checks
Furax001 bets 250 and is all-in
10craneuse folds
Furax001 collected 350 from pot
*** SUMMARY ***
Total pot 350 | No rake
Board: [4d 9d 2d 6c]
Seat 1: Furax001 (button) won 350


Winamax Poker - Tournament "Expresso Nitro" buyIn: 0.93€ + 0.07€ level: 1 - HandId: #2672605307594604545-3-1673616251 - Holdem no limit (10/20) - 2023/01/13 13:24:11 UTC
Table: 'Expresso Nitro(622264414)#0' 3-max (real money) Seat #2 is the button
Seat 1: Furax001 (350)
Seat 2: 10craneuse (270)
Seat 3: _SKR (280)
*** ANTE/BLINDS ***
_SKR posts small blind 10
Furax001 posts big blind 20
Dealt to _SKR [9s 2c]
*** PRE-FLOP *** 
10craneuse calls 20
_SKR folds
Furax001 checks
*** FLOP *** [Js Td 4h]
Furax001 checks
10craneuse checks
*** TURN *** [Js Td 4h][7c]
Furax001 checks
10craneuse checks
*** RIVER *** [Js Td 4h 7c][6d]
Furax001 checks
10craneuse checks
*** SHOW DOWN ***
Furax001 shows [3d Qh] (High card : Queen)
10craneuse shows [8s Qs] (High card : Queen)
10craneuse collected 50 from pot
*** SUMMARY ***
Total pot 50 | No rake
Board: [Js Td 4h 7c 6d]
Seat 1: Furax001 (big blind) showed [3d Qh] and lost with High card : Queen
Seat 2: 10craneuse (button) showed [8s Qs] and won 50 with High card : Queen


Winamax Poker - Tournament "Expresso Nitro" buyIn: 0.93€ + 0.07€ level: 2 - HandId: #2672605307594604545-4-1673616298 - Holdem no limit (15/30) - 2023/01/13 13:24:58 UTC
Table: 'Expresso Nitro(622264414)#0' 3-max (real money) Seat #3 is the button
Seat 1: Furax001 (330)
Seat 2: 10craneuse (300)
Seat 3: _SKR (270)
*** ANTE/BLINDS ***
Furax001 posts small blind 15
10craneuse posts big blind 30
Dealt to _SKR [Qs 4s]
*** PRE-FLOP *** 
_SKR folds
Furax001 raises 300 to 330 and is all-in
10craneuse folds
Furax001 collected 360 from pot
*** SUMMARY ***
Total pot 360 | No rake
Seat 1: Furax001 (small blind) won 360


Winamax Poker - Tournament "Expresso Nitro" buyIn: 0.93€ + 0.07€ level: 3 - HandId: #2672605307594604545-5-1673616326 - Holdem no limit (20/40) - 2023/01/13 13:25:26 UTC
Table: 'Expresso Nitro(622264414)#0' 3-max (real money) Seat #1 is the button
Seat 1: Furax001 (360)
Seat 2: 10craneuse (270)
Seat 3: _SKR (270)
*** ANTE/BLINDS ***
10craneuse posts small blind 20
_SKR posts big blind 40
Dealt to _SKR [6s Ts]
*** PRE-FLOP *** 
Furax001 folds
10craneuse calls 20
_SKR checks
*** FLOP *** [Jc 2s 7s]
10craneuse checks
_SKR checks
*** TURN *** [Jc 2s 7s][5c]
10craneuse checks
_SKR bets 52
10craneuse calls 52
*** RIVER *** [Jc 2s 7s 5c][Kh]
10craneuse bets 178 and is all-in
_SKR folds
10craneuse collected 362 from pot
*** SUMMARY ***
Total pot 362 | No rake
Board: [Jc 2s 7s 5c Kh]
Seat 2: 10craneuse (small blind) won 362


Winamax Poker - Tournament "Expresso Nitro" buyIn: 0.93€ + 0.07€ level: 4 - HandId: #2672605307594604545-6-1673616402 - Holdem no limit (30/60) - 2023/01/13 13:26:42 UTC
Table: 'Expresso Nitro(622264414)#0' 3-max (real money) Seat #2 is the button
Seat 1: Furax001 (360)
Seat 2: 10craneuse (362)
Seat 3: _SKR (178)
*** ANTE/BLINDS ***
_SKR posts small blind 30
Furax001 posts big blind 60
Dealt to _SKR [9h Kd]
*** PRE-FLOP *** 
10craneuse folds
_SKR raises 118 to 178 and is all-in
Furax001 raises 118 to 296
*** FLOP *** [2s 9d Qc]
*** TURN *** [2s 9d Qc][6c]
*** RIVER *** [2s 9d Qc 6c][3c]
*** SHOW DOWN ***
Furax001 shows [Ks 5s] (High card : King)
_SKR shows [9h Kd] (One pair : 9)
_SKR collected 356 from main pot
Furax001 collected 118 from side pot 1
*** SUMMARY ***
Total pot 474 | No rake
Board: [2s 9d Qc 6c 3c]
Seat 1: Furax001 (big blind) showed [Ks 5s] and won 118 with High card : King
Seat 3: _SKR (small blind) showed [9h Kd] and won 356 with One pair : 9


Winamax Poker - Tournament "Expresso Nitro" buyIn: 0.93€ + 0.07€ level: 4 - HandId: #2672605307594604545-7-1673616433 - Holdem no limit (30/60) - 2023/01/13 13:27:13 UTC
Table: 'Expresso Nitro(622264414)#0' 3-max (real money) Seat #3 is the button
Seat 1: Furax001 (182)
Seat 2: 10craneuse (362)
Seat 3: _SKR (356)
*** ANTE/BLINDS ***
Furax001 posts small blind 30
10craneuse posts big blind 60
Dealt to _SKR [2d Ts]
*** PRE-FLOP *** 
_SKR folds
Furax001 raises 122 to 182 and is all-in
10craneuse folds
Furax001 collected 242 from pot
*** SUMMARY ***
Total pot 242 | No rake
Seat 1: Furax001 (small blind) won 242


Winamax Poker - Tournament "Expresso Nitro" buyIn: 0.93€ + 0.07€ level: 5 - HandId: #2672605307594604545-8-1673616447 - Holdem no limit (40/80) - 2023/01/13 13:27:27 UTC
Table: 'Expresso Nitro(622264414)#0' 3-max (real money) Seat #1 is the button
Seat 1: Furax001 (242)
Seat 2: 10craneuse (302)
Seat 3: _SKR (356)
*** ANTE/BLINDS ***
10craneuse posts small blind 40
_SKR posts big blind 80
Dealt to _SKR [5s Ac]
*** PRE-FLOP *** 
Furax001 raises 162 to 242 and is all-in
10craneuse folds
_SKR raises 114 to 356 and is all-in
*** FLOP *** [Kh Kc 9h]
*** TURN *** [Kh Kc 9h][Kd]
*** RIVER *** [Kh Kc 9h Kd][Ad]
*** SHOW DOWN ***
Furax001 shows [Qs Ah] (Full of Kings and Aces)
_SKR shows [5s Ac] (Full of Kings and Aces)
_SKR collected 376 from side pot 1
Furax001 collected 262 from main pot
*** SUMMARY ***
Total pot 638 | No rake
Board: [Kh Kc 9h Kd Ad]
Seat 1: Furax001 (button) showed [Qs Ah] and won 262 with Full of Kings and Aces
Seat 3: _SKR (big blind) showed [5s Ac] and won 376 with Full of Kings and Aces


Winamax Poker - Tournament "Expresso Nitro" buyIn: 0.93€ + 0.07€ level: 5 - HandId: #2672605307594604545-9-1673616465 - Holdem no limit (40/80) - 2023/01/13 13:27:45 UTC
Table: 'Expresso Nitro(622264414)#0' 3-max (real money) Seat #2 is the button
Seat 1: Furax001 (262)
Seat 2: 10craneuse (262)
Seat 3: _SKR (376)
*** ANTE/BLINDS ***
_SKR posts small blind 40
Furax001 posts big blind 80
Dealt to _SKR [4d 9s]
*** PRE-FLOP *** 
10craneuse calls 80
_SKR folds
Furax001 checks
*** FLOP *** [5d Ad 7s]
Furax001 bets 80
10craneuse raises 102 to 182 and is all-in
Furax001 calls 102 and is all-in
*** TURN *** [5d Ad 7s][9c]
*** RIVER *** [5d Ad 7s 9c][Qs]
*** SHOW DOWN ***
Furax001 shows [7h 8c] (One pair : 7)
10craneuse shows [7c 6c] (One pair : 7)
10craneuse collected 282 from pot
Furax001 collected 282 from pot
*** SUMMARY ***
Total pot 564 | No rake
Board: [5d Ad 7s 9c Qs]
Seat 1: Furax001 (big blind) showed [7h 8c] and won 282 with One pair : 7
Seat 2: 10craneuse (button) showed [7c 6c] and won 282 with One pair : 7


Winamax Poker - Tournament "Expresso Nitro" buyIn: 0.93€ + 0.07€ level: 6 - HandId: #2672605307594604545-10-1673616497 - Holdem no limit (50/100) - 2023/01/13 13:28:17 UTC
Table: 'Expresso Nitro(622264414)#0' 3-max (real money) Seat #3 is the button
Seat 1: Furax001 (282)
Seat 2: 10craneuse (282)
Seat 3: _SKR (336)
*** ANTE/BLINDS ***
Furax001 posts small blind 50
10craneuse posts big blind 100
Dealt to _SKR [4d 5d]
*** PRE-FLOP *** 
_SKR folds
Furax001 raises 182 to 282 and is all-in
10craneuse calls 182 and is all-in
*** FLOP *** [4c 2c 3s]
*** TURN *** [4c 2c 3s][Ah]
*** RIVER *** [4c 2c 3s Ah][Ks]
*** SHOW DOWN ***
Furax001 shows [Jc 5h] (Straight 5 high)
10craneuse shows [5s 9h] (Straight 5 high)
10craneuse collected 282 from pot
Furax001 collected 282 from pot
*** SUMMARY ***
Total pot 564 | No rake
Board: [4c 2c 3s Ah Ks]
Seat 1: Furax001 (small blind) showed [Jc 5h] and won 282 with Straight 5 high
Seat 2: 10craneuse (big blind) showed [5s 9h] and won 282 with Straight 5 high


Winamax Poker - Tournament "Expresso Nitro" buyIn: 0.93€ + 0.07€ level: 6 - HandId: #2672605307594604545-11-1673616522 - Holdem no limit (50/100) - 2023/01/13 13:28:42 UTC
Table: 'Expresso Nitro(622264414)#0' 3-max (real money) Seat #1 is the button
Seat 1: Furax001 (282)
Seat 2: 10craneuse (282)
Seat 3: _SKR (336)
*** ANTE/BLINDS ***
10craneuse posts small blind 50
_SKR posts big blind 100
Dealt to _SKR [Tc 7h]
*** PRE-FLOP *** 
Furax001 raises 182 to 282 and is all-in
10craneuse calls 232 and is all-in
_SKR folds
*** FLOP *** [5s 8h 2h]
*** TURN *** [5s 8h 2h][Td]
*** RIVER *** [5s 8h 2h Td][Kd]
*** SHOW DOWN ***
10craneuse shows [6d 6h] (One pair : 6)
Furax001 shows [Kh As] (One pair : Kings)
Furax001 collected 664 from pot
*** SUMMARY ***
Total pot 664 | No rake
Board: [5s 8h 2h Td Kd]
Seat 1: Furax001 (button) showed [Kh As] and won 664 with One pair : Kings
Seat 2: 10craneuse (small blind) showed [6d 6h] and lost with One pair : 6


Winamax Poker - Tournament "Expresso Nitro" buyIn: 0.93€ + 0.07€ level: 6 - HandId: #2672605307594604545-12-1673616550 - Holdem no limit (50/100) - 2023/01/13 13:29:10 UTC
Table: 'Expresso Nitro(622264414)#0' 3-max (real money) Seat #3 is the button
Seat 1: Furax001 (664)
Seat 3: _SKR (236)
*** ANTE/BLINDS ***
_SKR posts small blind 50
Furax001 posts big blind 100
Dealt to _SKR [9s Ad]
*** PRE-FLOP *** 
_SKR raises 136 to 236 and is all-in
Furax001 calls 136
*** FLOP *** [Ts Ac 7d]
*** TURN *** [Ts Ac 7d][9c]
*** RIVER *** [Ts Ac 7d 9c][2h]
*** SHOW DOWN ***
Furax001 shows [5h 6c] (High card : Ace)
_SKR shows [9s Ad] (Two pairs : Aces and 9)
_SKR collected 472 from pot
*** SUMMARY ***
Total pot 472 | No rake
Board: [Ts Ac 7d 9c 2h]
Seat 1: Furax001 (big blind) showed [5h 6c] and lost with High card : Ace
Seat 3: _SKR (small blind) (button) showed [9s Ad] and won 472 with Two pairs : Aces and 9


Winamax Poker - Tournament "Expresso Nitro" buyIn: 0.93€ + 0.07€ level: 7 - HandId: #2672605307594604545-13-1673616564 - Holdem no limit (60/120) - 2023/01/13 13:29:24 UTC
Table: 'Expresso Nitro(622264414)#0' 3-max (real money) Seat #1 is the button
Seat 1: Furax001 (428)
Seat 3: _SKR (472)
*** ANTE/BLINDS ***
Furax001 posts small blind 60
_SKR posts big blind 120
Dealt to _SKR [9s 4h]
*** PRE-FLOP *** 
Furax001 folds
_SKR collected 180 from pot
*** SUMMARY ***
Total pot 180 | No rake
Seat 3: _SKR (big blind) won 180


Winamax Poker - Tournament "Expresso Nitro" buyIn: 0.93€ + 0.07€ level: 7 - HandId: #2672605307594604545-14-1673616570 - Holdem no limit (60/120) - 2023/01/13 13:29:30 UTC
Table: 'Expresso Nitro(622264414)#0' 3-max (real money) Seat #3 is the button
Seat 1: Furax001 (368)
Seat 3: _SKR (532)
*** ANTE/BLINDS ***
_SKR posts small blind 60
Furax001 posts big blind 120
Dealt to _SKR [Ad 3s]
*** PRE-FLOP *** 
_SKR raises 412 to 532 and is all-in
Furax001 calls 248 and is all-in
*** FLOP *** [9d 4s 9c]
*** TURN *** [9d 4s 9c][3h]
*** RIVER *** [9d 4s 9c 3h][Jd]
*** SHOW DOWN ***
Furax001 shows [5h Qs] (One pair : 9)
_SKR shows [Ad 3s] (Two pairs : 9 and 3)
_SKR collected 900 from pot
*** SUMMARY ***
Total pot 900 | No rake
Board: [9d 4s 9c 3h Jd]
Seat 1: Furax001 (big blind) showed [5h Qs] and lost with One pair : 9
Seat 3: _SKR (small blind) (button) showed [Ad 3s] and won 900 with Two pairs : 9 and 3


