Winamax Poker - Tournament "Expresso Nitro" buyIn: 0.93€ + 0.07€ level: 1 - HandId: #2717242340061216769-1-1676213625 - Holdem no limit (10/20) - 2023/02/12 14:53:45 UTC
Table: 'Expresso Nitro(632657283)#0' 3-max (real money) Seat #1 is the button
Seat 1: AAnogood (300)
Seat 2: _SKR (300)
Seat 3: jaune-Lapin6 (300)
*** ANTE/BLINDS ***
_SKR posts small blind 10
jaune-Lapin6 posts big blind 20
Dealt to _SKR [3s 4h]
*** PRE-FLOP *** 
AAnogood folds
_SKR folds
jaune-Lapin6 collected 30 from pot
*** SUMMARY ***
Total pot 30 | No rake
Seat 3: jaune-Lapin6 (big blind) won 30


Winamax Poker - Tournament "Expresso Nitro" buyIn: 0.93€ + 0.07€ level: 1 - HandId: #2717242340061216769-2-1676213631 - Holdem no limit (10/20) - 2023/02/12 14:53:51 UTC
Table: 'Expresso Nitro(632657283)#0' 3-max (real money) Seat #2 is the button
Seat 1: AAnogood (300)
Seat 2: _SKR (290)
Seat 3: jaune-Lapin6 (310)
*** ANTE/BLINDS ***
jaune-Lapin6 posts small blind 10
AAnogood posts big blind 20
Dealt to _SKR [7c Qc]
*** PRE-FLOP *** 
_SKR folds
jaune-Lapin6 raises 20 to 40
AAnogood folds
jaune-Lapin6 collected 60 from pot
*** SUMMARY ***
Total pot 60 | No rake
Seat 3: jaune-Lapin6 (small blind) won 60


Winamax Poker - Tournament "Expresso Nitro" buyIn: 0.93€ + 0.07€ level: 1 - HandId: #2717242340061216769-3-1676213638 - Holdem no limit (10/20) - 2023/02/12 14:53:58 UTC
Table: 'Expresso Nitro(632657283)#0' 3-max (real money) Seat #3 is the button
Seat 1: AAnogood (280)
Seat 2: _SKR (290)
Seat 3: jaune-Lapin6 (330)
*** ANTE/BLINDS ***
AAnogood posts small blind 10
_SKR posts big blind 20
Dealt to _SKR [Qs Ts]
*** PRE-FLOP *** 
jaune-Lapin6 raises 20 to 40
AAnogood raises 240 to 280 and is all-in
_SKR folds
jaune-Lapin6 folds
AAnogood collected 340 from pot
*** SUMMARY ***
Total pot 340 | No rake
Seat 1: AAnogood (small blind) won 340


Winamax Poker - Tournament "Expresso Nitro" buyIn: 0.93€ + 0.07€ level: 1 - HandId: #2717242340061216769-4-1676213658 - Holdem no limit (10/20) - 2023/02/12 14:54:18 UTC
Table: 'Expresso Nitro(632657283)#0' 3-max (real money) Seat #1 is the button
Seat 1: AAnogood (340)
Seat 2: _SKR (270)
Seat 3: jaune-Lapin6 (290)
*** ANTE/BLINDS ***
_SKR posts small blind 10
jaune-Lapin6 posts big blind 20
Dealt to _SKR [3c As]
*** PRE-FLOP *** 
AAnogood raises 320 to 340 and is all-in
_SKR folds
jaune-Lapin6 calls 270 and is all-in
*** FLOP *** [3h 4c 6c]
*** TURN *** [3h 4c 6c][2h]
*** RIVER *** [3h 4c 6c 2h][Ac]
*** SHOW DOWN ***
AAnogood shows [Qh Ah] (One pair : Aces)
jaune-Lapin6 shows [5d Ad] (Straight 6 high)
jaune-Lapin6 collected 590 from main pot
AAnogood collected 50 from side pot 1
*** SUMMARY ***
Total pot 640 | No rake
Board: [3h 4c 6c 2h Ac]
Seat 1: AAnogood (button) showed [Qh Ah] and won 50 with One pair : Aces
Seat 3: jaune-Lapin6 (big blind) showed [5d Ad] and won 590 with Straight 6 high


Winamax Poker - Tournament "Expresso Nitro" buyIn: 0.93€ + 0.07€ level: 1 - HandId: #2717242340061216769-5-1676213672 - Holdem no limit (10/20) - 2023/02/12 14:54:32 UTC
Table: 'Expresso Nitro(632657283)#0' 3-max (real money) Seat #2 is the button
Seat 1: AAnogood (50)
Seat 2: _SKR (260)
Seat 3: jaune-Lapin6 (590)
*** ANTE/BLINDS ***
jaune-Lapin6 posts small blind 10
AAnogood posts big blind 20
Dealt to _SKR [7c 5s]
*** PRE-FLOP *** 
_SKR folds
jaune-Lapin6 calls 10
AAnogood checks
*** FLOP *** [As Jc Jh]
jaune-Lapin6 checks
AAnogood checks
*** TURN *** [As Jc Jh][Ad]
jaune-Lapin6 checks
AAnogood checks
*** RIVER *** [As Jc Jh Ad][4d]
jaune-Lapin6 checks
AAnogood checks
*** SHOW DOWN ***
jaune-Lapin6 shows [7d 3s] (Two pairs : Aces and Jacks)
AAnogood shows [5c Ts] (Two pairs : Aces and Jacks)
AAnogood collected 40 from pot
*** SUMMARY ***
Total pot 40 | No rake
Board: [As Jc Jh Ad 4d]
Seat 1: AAnogood (big blind) showed [5c Ts] and won 40 with Two pairs : Aces and Jacks
Seat 3: jaune-Lapin6 (small blind) showed [7d 3s] and lost with Two pairs : Aces and Jacks


Winamax Poker - Tournament "Expresso Nitro" buyIn: 0.93€ + 0.07€ level: 2 - HandId: #2717242340061216769-6-1676213689 - Holdem no limit (15/30) - 2023/02/12 14:54:49 UTC
Table: 'Expresso Nitro(632657283)#0' 3-max (real money) Seat #3 is the button
Seat 1: AAnogood (70)
Seat 2: _SKR (260)
Seat 3: jaune-Lapin6 (570)
*** ANTE/BLINDS ***
AAnogood posts small blind 15
_SKR posts big blind 30
Dealt to _SKR [2d 2c]
*** PRE-FLOP *** 
jaune-Lapin6 folds
AAnogood raises 40 to 70 and is all-in
_SKR calls 40
*** FLOP *** [Qc 3c Kc]
*** TURN *** [Qc 3c Kc][Ac]
*** RIVER *** [Qc 3c Kc Ac][4h]
*** SHOW DOWN ***
_SKR shows [2d 2c] (Flush Ace high)
AAnogood shows [Qd Tc] (Flush Ace high)
AAnogood collected 140 from pot
*** SUMMARY ***
Total pot 140 | No rake
Board: [Qc 3c Kc Ac 4h]
Seat 1: AAnogood (small blind) showed [Qd Tc] and won 140 with Flush Ace high
Seat 2: _SKR (big blind) showed [2d 2c] and lost with Flush Ace high


Winamax Poker - Tournament "Expresso Nitro" buyIn: 0.93€ + 0.07€ level: 2 - HandId: #2717242340061216769-7-1676213705 - Holdem no limit (15/30) - 2023/02/12 14:55:05 UTC
Table: 'Expresso Nitro(632657283)#0' 3-max (real money) Seat #1 is the button
Seat 1: AAnogood (140)
Seat 2: _SKR (190)
Seat 3: jaune-Lapin6 (570)
*** ANTE/BLINDS ***
_SKR posts small blind 15
jaune-Lapin6 posts big blind 30
Dealt to _SKR [7d Ks]
*** PRE-FLOP *** 
AAnogood raises 110 to 140 and is all-in
_SKR folds
jaune-Lapin6 folds
AAnogood collected 185 from pot
*** SUMMARY ***
Total pot 185 | No rake
Seat 1: AAnogood (button) won 185


Winamax Poker - Tournament "Expresso Nitro" buyIn: 0.93€ + 0.07€ level: 2 - HandId: #2717242340061216769-8-1676213713 - Holdem no limit (15/30) - 2023/02/12 14:55:13 UTC
Table: 'Expresso Nitro(632657283)#0' 3-max (real money) Seat #2 is the button
Seat 1: AAnogood (185)
Seat 2: _SKR (175)
Seat 3: jaune-Lapin6 (540)
*** ANTE/BLINDS ***
jaune-Lapin6 posts small blind 15
AAnogood posts big blind 30
Dealt to _SKR [9s 3c]
*** PRE-FLOP *** 
_SKR folds
jaune-Lapin6 calls 15
AAnogood checks
*** FLOP *** [Ac 4d 8s]
jaune-Lapin6 checks
AAnogood bets 155 and is all-in
jaune-Lapin6 folds
AAnogood collected 215 from pot
*** SUMMARY ***
Total pot 215 | No rake
Board: [Ac 4d 8s]
Seat 1: AAnogood (big blind) won 215


Winamax Poker - Tournament "Expresso Nitro" buyIn: 0.93€ + 0.07€ level: 2 - HandId: #2717242340061216769-9-1676213726 - Holdem no limit (15/30) - 2023/02/12 14:55:26 UTC
Table: 'Expresso Nitro(632657283)#0' 3-max (real money) Seat #3 is the button
Seat 1: AAnogood (215)
Seat 2: _SKR (175)
Seat 3: jaune-Lapin6 (510)
*** ANTE/BLINDS ***
AAnogood posts small blind 15
_SKR posts big blind 30
Dealt to _SKR [7h 9s]
*** PRE-FLOP *** 
jaune-Lapin6 calls 30
AAnogood calls 15
_SKR checks
*** FLOP *** [2d Ts Qc]
AAnogood checks
_SKR checks
jaune-Lapin6 bets 90
AAnogood folds
_SKR folds
jaune-Lapin6 collected 180 from pot
*** SUMMARY ***
Total pot 180 | No rake
Board: [2d Ts Qc]
Seat 3: jaune-Lapin6 (button) won 180


Winamax Poker - Tournament "Expresso Nitro" buyIn: 0.93€ + 0.07€ level: 3 - HandId: #2717242340061216769-10-1676213749 - Holdem no limit (20/40) - 2023/02/12 14:55:49 UTC
Table: 'Expresso Nitro(632657283)#0' 3-max (real money) Seat #1 is the button
Seat 1: AAnogood (185)
Seat 2: _SKR (145)
Seat 3: jaune-Lapin6 (570)
*** ANTE/BLINDS ***
_SKR posts small blind 20
jaune-Lapin6 posts big blind 40
Dealt to _SKR [6c 7c]
*** PRE-FLOP *** 
AAnogood folds
_SKR raises 105 to 145 and is all-in
jaune-Lapin6 raises 425 to 570 and is all-in
*** FLOP *** [5c Jh 9c]
*** TURN *** [5c Jh 9c][4d]
*** RIVER *** [5c Jh 9c 4d][8d]
*** SHOW DOWN ***
_SKR shows [6c 7c] (Straight 9 high)
jaune-Lapin6 shows [9s Qs] (One pair : 9)
jaune-Lapin6 collected 425 from side pot 1
_SKR collected 290 from main pot
*** SUMMARY ***
Total pot 715 | No rake
Board: [5c Jh 9c 4d 8d]
Seat 2: _SKR (small blind) showed [6c 7c] and won 290 with Straight 9 high
Seat 3: jaune-Lapin6 (big blind) showed [9s Qs] and won 425 with One pair : 9


Winamax Poker - Tournament "Expresso Nitro" buyIn: 0.93€ + 0.07€ level: 3 - HandId: #2717242340061216769-11-1676213766 - Holdem no limit (20/40) - 2023/02/12 14:56:06 UTC
Table: 'Expresso Nitro(632657283)#0' 3-max (real money) Seat #2 is the button
Seat 1: AAnogood (185)
Seat 2: _SKR (290)
Seat 3: jaune-Lapin6 (425)
*** ANTE/BLINDS ***
jaune-Lapin6 posts small blind 20
AAnogood posts big blind 40
Dealt to _SKR [7c 2c]
*** PRE-FLOP *** 
_SKR folds
jaune-Lapin6 folds
AAnogood collected 60 from pot
*** SUMMARY ***
Total pot 60 | No rake
Seat 1: AAnogood (big blind) won 60


Winamax Poker - Tournament "Expresso Nitro" buyIn: 0.93€ + 0.07€ level: 3 - HandId: #2717242340061216769-12-1676213773 - Holdem no limit (20/40) - 2023/02/12 14:56:13 UTC
Table: 'Expresso Nitro(632657283)#0' 3-max (real money) Seat #3 is the button
Seat 1: AAnogood (205)
Seat 2: _SKR (290)
Seat 3: jaune-Lapin6 (405)
*** ANTE/BLINDS ***
AAnogood posts small blind 20
_SKR posts big blind 40
Dealt to _SKR [3s Tc]
*** PRE-FLOP *** 
jaune-Lapin6 folds
AAnogood folds
_SKR collected 60 from pot
*** SUMMARY ***
Total pot 60 | No rake
Seat 2: _SKR (big blind) won 60


Winamax Poker - Tournament "Expresso Nitro" buyIn: 0.93€ + 0.07€ level: 3 - HandId: #2717242340061216769-13-1676213788 - Holdem no limit (20/40) - 2023/02/12 14:56:28 UTC
Table: 'Expresso Nitro(632657283)#0' 3-max (real money) Seat #1 is the button
Seat 1: AAnogood (185)
Seat 2: _SKR (310)
Seat 3: jaune-Lapin6 (405)
*** ANTE/BLINDS ***
_SKR posts small blind 20
jaune-Lapin6 posts big blind 40
Dealt to _SKR [3d 5c]
*** PRE-FLOP *** 
AAnogood raises 145 to 185 and is all-in
_SKR folds
jaune-Lapin6 raises 220 to 405 and is all-in
*** FLOP *** [4d 2d 2s]
*** TURN *** [4d 2d 2s][4s]
*** RIVER *** [4d 2d 2s 4s][Kd]
*** SHOW DOWN ***
AAnogood shows [7h Ah] (Two pairs : 4 and 2)
jaune-Lapin6 shows [Jd Kh] (Two pairs : Kings and 4)
jaune-Lapin6 collected 610 from pot
*** SUMMARY ***
Total pot 610 | No rake
Board: [4d 2d 2s 4s Kd]
Seat 1: AAnogood (button) showed [7h Ah] and lost with Two pairs : 4 and 2
Seat 3: jaune-Lapin6 (big blind) showed [Jd Kh] and won 610 with Two pairs : Kings and 4


Winamax Poker - Tournament "Expresso Nitro" buyIn: 0.93€ + 0.07€ level: 4 - HandId: #2717242340061216769-14-1676213804 - Holdem no limit (30/60) - 2023/02/12 14:56:44 UTC
Table: 'Expresso Nitro(632657283)#0' 3-max (real money) Seat #3 is the button
Seat 2: _SKR (290)
Seat 3: jaune-Lapin6 (610)
*** ANTE/BLINDS ***
jaune-Lapin6 posts small blind 30
_SKR posts big blind 60
Dealt to _SKR [4s 5d]
*** PRE-FLOP *** 
jaune-Lapin6 raises 60 to 120
_SKR folds
jaune-Lapin6 collected 180 from pot
*** SUMMARY ***
Total pot 180 | No rake
Seat 3: jaune-Lapin6 (small blind) (button) won 180


Winamax Poker - Tournament "Expresso Nitro" buyIn: 0.93€ + 0.07€ level: 4 - HandId: #2717242340061216769-15-1676213812 - Holdem no limit (30/60) - 2023/02/12 14:56:52 UTC
Table: 'Expresso Nitro(632657283)#0' 3-max (real money) Seat #2 is the button
Seat 2: _SKR (230)
Seat 3: jaune-Lapin6 (670)
*** ANTE/BLINDS ***
_SKR posts small blind 30
jaune-Lapin6 posts big blind 60
Dealt to _SKR [5c Ac]
*** PRE-FLOP *** 
_SKR raises 170 to 230 and is all-in
jaune-Lapin6 raises 440 to 670 and is all-in
*** FLOP *** [8c Ah 6h]
*** TURN *** [8c Ah 6h][9d]
*** RIVER *** [8c Ah 6h 9d][3s]
*** SHOW DOWN ***
_SKR shows [5c Ac] (One pair : Aces)
jaune-Lapin6 shows [Kd 4s] (High card : Ace)
jaune-Lapin6 collected 440 from side pot 1
_SKR collected 460 from main pot
*** SUMMARY ***
Total pot 900 | No rake
Board: [8c Ah 6h 9d 3s]
Seat 2: _SKR (small blind) (button) showed [5c Ac] and won 460 with One pair : Aces
Seat 3: jaune-Lapin6 (big blind) showed [Kd 4s] and won 440 with High card : Ace


Winamax Poker - Tournament "Expresso Nitro" buyIn: 0.93€ + 0.07€ level: 4 - HandId: #2717242340061216769-16-1676213826 - Holdem no limit (30/60) - 2023/02/12 14:57:06 UTC
Table: 'Expresso Nitro(632657283)#0' 3-max (real money) Seat #3 is the button
Seat 2: _SKR (460)
Seat 3: jaune-Lapin6 (440)
*** ANTE/BLINDS ***
jaune-Lapin6 posts small blind 30
_SKR posts big blind 60
Dealt to _SKR [Jh 2d]
*** PRE-FLOP *** 
jaune-Lapin6 calls 30
_SKR checks
*** FLOP *** [Ac Qh 5d]
_SKR checks
jaune-Lapin6 checks
*** TURN *** [Ac Qh 5d][Ad]
_SKR checks
jaune-Lapin6 checks
*** RIVER *** [Ac Qh 5d Ad][2s]
_SKR checks
jaune-Lapin6 checks
*** SHOW DOWN ***
jaune-Lapin6 shows [Tc 4d] (One pair : Aces)
_SKR shows [Jh 2d] (Two pairs : Aces and 2)
_SKR collected 120 from pot
*** SUMMARY ***
Total pot 120 | No rake
Board: [Ac Qh 5d Ad 2s]
Seat 2: _SKR (big blind) showed [Jh 2d] and won 120 with Two pairs : Aces and 2
Seat 3: jaune-Lapin6 (small blind) (button) showed [Tc 4d] and lost with One pair : Aces


Winamax Poker - Tournament "Expresso Nitro" buyIn: 0.93€ + 0.07€ level: 5 - HandId: #2717242340061216769-17-1676213862 - Holdem no limit (40/80) - 2023/02/12 14:57:42 UTC
Table: 'Expresso Nitro(632657283)#0' 3-max (real money) Seat #2 is the button
Seat 2: _SKR (520)
Seat 3: jaune-Lapin6 (380)
*** ANTE/BLINDS ***
_SKR posts small blind 40
jaune-Lapin6 posts big blind 80
Dealt to _SKR [2h Jh]
*** PRE-FLOP *** 
_SKR folds
jaune-Lapin6 collected 120 from pot
*** SUMMARY ***
Total pot 120 | No rake
Seat 3: jaune-Lapin6 (big blind) won 120


Winamax Poker - Tournament "Expresso Nitro" buyIn: 0.93€ + 0.07€ level: 5 - HandId: #2717242340061216769-18-1676213876 - Holdem no limit (40/80) - 2023/02/12 14:57:56 UTC
Table: 'Expresso Nitro(632657283)#0' 3-max (real money) Seat #3 is the button
Seat 2: _SKR (480)
Seat 3: jaune-Lapin6 (420)
*** ANTE/BLINDS ***
jaune-Lapin6 posts small blind 40
_SKR posts big blind 80
Dealt to _SKR [6h 8s]
*** PRE-FLOP *** 
jaune-Lapin6 calls 40
_SKR checks
*** FLOP *** [4c Js Tc]
_SKR checks
jaune-Lapin6 bets 160
_SKR folds
jaune-Lapin6 collected 320 from pot
*** SUMMARY ***
Total pot 320 | No rake
Board: [4c Js Tc]
Seat 3: jaune-Lapin6 (small blind) (button) won 320


Winamax Poker - Tournament "Expresso Nitro" buyIn: 0.93€ + 0.07€ level: 5 - HandId: #2717242340061216769-19-1676213902 - Holdem no limit (40/80) - 2023/02/12 14:58:22 UTC
Table: 'Expresso Nitro(632657283)#0' 3-max (real money) Seat #2 is the button
Seat 2: _SKR (400)
Seat 3: jaune-Lapin6 (500)
*** ANTE/BLINDS ***
_SKR posts small blind 40
jaune-Lapin6 posts big blind 80
Dealt to _SKR [Kh Th]
*** PRE-FLOP *** 
_SKR raises 320 to 400 and is all-in
jaune-Lapin6 folds
_SKR collected 480 from pot
*** SUMMARY ***
Total pot 480 | No rake
Seat 2: _SKR (small blind) (button) won 480


Winamax Poker - Tournament "Expresso Nitro" buyIn: 0.93€ + 0.07€ level: 5 - HandId: #2717242340061216769-20-1676213909 - Holdem no limit (40/80) - 2023/02/12 14:58:29 UTC
Table: 'Expresso Nitro(632657283)#0' 3-max (real money) Seat #3 is the button
Seat 2: _SKR (480)
Seat 3: jaune-Lapin6 (420)
*** ANTE/BLINDS ***
jaune-Lapin6 posts small blind 40
_SKR posts big blind 80
Dealt to _SKR [Qc Ks]
*** PRE-FLOP *** 
jaune-Lapin6 folds
_SKR collected 120 from pot
*** SUMMARY ***
Total pot 120 | No rake
Seat 2: _SKR (big blind) won 120


Winamax Poker - Tournament "Expresso Nitro" buyIn: 0.93€ + 0.07€ level: 5 - HandId: #2717242340061216769-21-1676213914 - Holdem no limit (40/80) - 2023/02/12 14:58:34 UTC
Table: 'Expresso Nitro(632657283)#0' 3-max (real money) Seat #2 is the button
Seat 2: _SKR (520)
Seat 3: jaune-Lapin6 (380)
*** ANTE/BLINDS ***
_SKR posts small blind 40
jaune-Lapin6 posts big blind 80
Dealt to _SKR [4h 5s]
*** PRE-FLOP *** 
_SKR folds
jaune-Lapin6 collected 120 from pot
*** SUMMARY ***
Total pot 120 | No rake
Seat 3: jaune-Lapin6 (big blind) won 120


Winamax Poker - Tournament "Expresso Nitro" buyIn: 0.93€ + 0.07€ level: 5 - HandId: #2717242340061216769-22-1676213918 - Holdem no limit (40/80) - 2023/02/12 14:58:38 UTC
Table: 'Expresso Nitro(632657283)#0' 3-max (real money) Seat #3 is the button
Seat 2: _SKR (480)
Seat 3: jaune-Lapin6 (420)
*** ANTE/BLINDS ***
jaune-Lapin6 posts small blind 40
_SKR posts big blind 80
Dealt to _SKR [2c Ad]
*** PRE-FLOP *** 
jaune-Lapin6 calls 40
_SKR raises 400 to 480 and is all-in
jaune-Lapin6 folds
_SKR collected 560 from pot
*** SUMMARY ***
Total pot 560 | No rake
Seat 2: _SKR (big blind) won 560


Winamax Poker - Tournament "Expresso Nitro" buyIn: 0.93€ + 0.07€ level: 6 - HandId: #2717242340061216769-23-1676213927 - Holdem no limit (50/100) - 2023/02/12 14:58:47 UTC
Table: 'Expresso Nitro(632657283)#0' 3-max (real money) Seat #2 is the button
Seat 2: _SKR (560)
Seat 3: jaune-Lapin6 (340)
*** ANTE/BLINDS ***
_SKR posts small blind 50
jaune-Lapin6 posts big blind 100
Dealt to _SKR [9d Ah]
*** PRE-FLOP *** 
_SKR raises 460 to 560 and is all-in
jaune-Lapin6 folds
_SKR collected 660 from pot
*** SUMMARY ***
Total pot 660 | No rake
Seat 2: _SKR (small blind) (button) won 660


Winamax Poker - Tournament "Expresso Nitro" buyIn: 0.93€ + 0.07€ level: 6 - HandId: #2717242340061216769-24-1676213936 - Holdem no limit (50/100) - 2023/02/12 14:58:56 UTC
Table: 'Expresso Nitro(632657283)#0' 3-max (real money) Seat #3 is the button
Seat 2: _SKR (660)
Seat 3: jaune-Lapin6 (240)
*** ANTE/BLINDS ***
jaune-Lapin6 posts small blind 50
_SKR posts big blind 100
Dealt to _SKR [2c Jc]
*** PRE-FLOP *** 
jaune-Lapin6 raises 140 to 240 and is all-in
_SKR calls 140
*** FLOP *** [Jd 5c Ks]
*** TURN *** [Jd 5c Ks][Jh]
*** RIVER *** [Jd 5c Ks Jh][8h]
*** SHOW DOWN ***
jaune-Lapin6 shows [Qh Th] (One pair : Jacks)
_SKR shows [2c Jc] (Trips of Jacks)
_SKR collected 480 from pot
*** SUMMARY ***
Total pot 480 | No rake
Board: [Jd 5c Ks Jh 8h]
Seat 2: _SKR (big blind) showed [2c Jc] and won 480 with Trips of Jacks
Seat 3: jaune-Lapin6 (small blind) (button) showed [Qh Th] and lost with One pair : Jacks


