Winamax Poker - Tournament "Expresso Nitro" buyIn: 0.93€ + 0.07€ level: 1 - HandId: #2717281402788773889-1-1676215526 - Holdem no limit (10/20) - 2023/02/12 15:25:26 UTC
Table: 'Expresso Nitro(632666378)#0' 3-max (real money) Seat #3 is the button
Seat 1: _SKR (300)
Seat 2: raspoute (300)
Seat 3: Rude Prune45 (300)
*** ANTE/BLINDS ***
_SKR posts small blind 10
raspoute posts big blind 20
Dealt to _SKR [6h 9c]
*** PRE-FLOP *** 
Rude Prune45 calls 20
_SKR folds
raspoute checks
*** FLOP *** [Jh 9d As]
raspoute checks
Rude Prune45 checks
*** TURN *** [Jh 9d As][2d]
raspoute checks
Rude Prune45 checks
*** RIVER *** [Jh 9d As 2d][Qc]
raspoute checks
Rude Prune45 checks
*** SHOW DOWN ***
raspoute shows [7c 4s] (High card : Ace)
Rude Prune45 shows [Ks 6c] (High card : Ace)
Rude Prune45 collected 50 from pot
*** SUMMARY ***
Total pot 50 | No rake
Board: [Jh 9d As 2d Qc]
Seat 2: raspoute (big blind) showed [7c 4s] and lost with High card : Ace
Seat 3: Rude Prune45 (button) showed [Ks 6c] and won 50 with High card : Ace


Winamax Poker - Tournament "Expresso Nitro" buyIn: 0.93€ + 0.07€ level: 1 - HandId: #2717281402788773889-2-1676215576 - Holdem no limit (10/20) - 2023/02/12 15:26:16 UTC
Table: 'Expresso Nitro(632666378)#0' 3-max (real money) Seat #1 is the button
Seat 1: _SKR (290)
Seat 2: raspoute (280)
Seat 3: Rude Prune45 (330)
*** ANTE/BLINDS ***
raspoute posts small blind 10
Rude Prune45 posts big blind 20
Dealt to _SKR [Qd 7s]
*** PRE-FLOP *** 
_SKR folds
raspoute calls 10
Rude Prune45 checks
*** FLOP *** [7d 6c 8s]
raspoute checks
Rude Prune45 checks
*** TURN *** [7d 6c 8s][5h]
raspoute checks
Rude Prune45 bets 310 and is all-in
raspoute calls 260 and is all-in
*** RIVER *** [7d 6c 8s 5h][9h]
*** SHOW DOWN ***
raspoute shows [5d Ac] (Straight 9 high)
Rude Prune45 shows [Ah 4s] (Straight 9 high)
Rude Prune45 collected 330 from side pot 1
raspoute collected 280 from main pot
*** SUMMARY ***
Total pot 610 | No rake
Board: [7d 6c 8s 5h 9h]
Seat 2: raspoute (small blind) showed [5d Ac] and won 280 with Straight 9 high
Seat 3: Rude Prune45 (big blind) showed [Ah 4s] and won 330 with Straight 9 high


Winamax Poker - Tournament "Expresso Nitro" buyIn: 0.93€ + 0.07€ level: 2 - HandId: #2717281402788773889-3-1676215604 - Holdem no limit (15/30) - 2023/02/12 15:26:44 UTC
Table: 'Expresso Nitro(632666378)#0' 3-max (real money) Seat #2 is the button
Seat 1: _SKR (290)
Seat 2: raspoute (280)
Seat 3: Rude Prune45 (330)
*** ANTE/BLINDS ***
Rude Prune45 posts small blind 15
_SKR posts big blind 30
Dealt to _SKR [Jc Qh]
*** PRE-FLOP *** 
raspoute folds
Rude Prune45 calls 15
_SKR raises 260 to 290 and is all-in
Rude Prune45 folds
_SKR collected 320 from pot
*** SUMMARY ***
Total pot 320 | No rake
Seat 1: _SKR (big blind) won 320


Winamax Poker - Tournament "Expresso Nitro" buyIn: 0.93€ + 0.07€ level: 2 - HandId: #2717281402788773889-4-1676215617 - Holdem no limit (15/30) - 2023/02/12 15:26:57 UTC
Table: 'Expresso Nitro(632666378)#0' 3-max (real money) Seat #3 is the button
Seat 1: _SKR (320)
Seat 2: raspoute (280)
Seat 3: Rude Prune45 (300)
*** ANTE/BLINDS ***
_SKR posts small blind 15
raspoute posts big blind 30
Dealt to _SKR [9d 8d]
*** PRE-FLOP *** 
Rude Prune45 calls 30
_SKR folds
raspoute checks
*** FLOP *** [Qc 3c 7d]
raspoute checks
Rude Prune45 checks
*** TURN *** [Qc 3c 7d][3h]
raspoute checks
Rude Prune45 checks
*** RIVER *** [Qc 3c 7d 3h][Th]
raspoute checks
Rude Prune45 checks
*** SHOW DOWN ***
raspoute shows [2c 8h] (One pair : 3)
Rude Prune45 shows [Kc 8s] (One pair : 3)
Rude Prune45 collected 75 from pot
*** SUMMARY ***
Total pot 75 | No rake
Board: [Qc 3c 7d 3h Th]
Seat 2: raspoute (big blind) showed [2c 8h] and lost with One pair : 3
Seat 3: Rude Prune45 (button) showed [Kc 8s] and won 75 with One pair : 3


Winamax Poker - Tournament "Expresso Nitro" buyIn: 0.93€ + 0.07€ level: 3 - HandId: #2717281402788773889-5-1676215666 - Holdem no limit (20/40) - 2023/02/12 15:27:46 UTC
Table: 'Expresso Nitro(632666378)#0' 3-max (real money) Seat #1 is the button
Seat 1: _SKR (305)
Seat 2: raspoute (250)
Seat 3: Rude Prune45 (345)
*** ANTE/BLINDS ***
raspoute posts small blind 20
Rude Prune45 posts big blind 40
Dealt to _SKR [9s Ts]
*** PRE-FLOP *** 
_SKR folds
raspoute folds
Rude Prune45 collected 60 from pot
*** SUMMARY ***
Total pot 60 | No rake
Seat 3: Rude Prune45 (big blind) won 60


Winamax Poker - Tournament "Expresso Nitro" buyIn: 0.93€ + 0.07€ level: 3 - HandId: #2717281402788773889-6-1676215675 - Holdem no limit (20/40) - 2023/02/12 15:27:55 UTC
Table: 'Expresso Nitro(632666378)#0' 3-max (real money) Seat #2 is the button
Seat 1: _SKR (305)
Seat 2: raspoute (230)
Seat 3: Rude Prune45 (365)
*** ANTE/BLINDS ***
Rude Prune45 posts small blind 20
_SKR posts big blind 40
Dealt to _SKR [Kc 4d]
*** PRE-FLOP *** 
raspoute calls 40
Rude Prune45 calls 20
_SKR checks
*** FLOP *** [Jd Qd Th]
Rude Prune45 checks
_SKR checks
raspoute checks
*** TURN *** [Jd Qd Th][4h]
Rude Prune45 checks
_SKR checks
raspoute checks
*** RIVER *** [Jd Qd Th 4h][5d]
Rude Prune45 checks
_SKR checks
raspoute checks
*** SHOW DOWN ***
raspoute shows [As 6h] (High card : Ace)
Rude Prune45 shows [8h 2s] (High card : Queen)
_SKR shows [Kc 4d] (One pair : 4)
_SKR collected 120 from pot
*** SUMMARY ***
Total pot 120 | No rake
Board: [Jd Qd Th 4h 5d]
Seat 1: _SKR (big blind) showed [Kc 4d] and won 120 with One pair : 4
Seat 2: raspoute (button) showed [As 6h] and lost with High card : Ace
Seat 3: Rude Prune45 (small blind) showed [8h 2s] and lost with High card : Queen


Winamax Poker - Tournament "Expresso Nitro" buyIn: 0.93€ + 0.07€ level: 4 - HandId: #2717281402788773889-7-1676215733 - Holdem no limit (30/60) - 2023/02/12 15:28:53 UTC
Table: 'Expresso Nitro(632666378)#0' 3-max (real money) Seat #3 is the button
Seat 1: _SKR (385)
Seat 2: raspoute (190)
Seat 3: Rude Prune45 (325)
*** ANTE/BLINDS ***
_SKR posts small blind 30
raspoute posts big blind 60
Dealt to _SKR [4c Kc]
*** PRE-FLOP *** 
Rude Prune45 folds
_SKR raises 325 to 385 and is all-in
raspoute folds
_SKR collected 445 from pot
*** SUMMARY ***
Total pot 445 | No rake
Seat 1: _SKR (small blind) won 445


Winamax Poker - Tournament "Expresso Nitro" buyIn: 0.93€ + 0.07€ level: 4 - HandId: #2717281402788773889-8-1676215747 - Holdem no limit (30/60) - 2023/02/12 15:29:07 UTC
Table: 'Expresso Nitro(632666378)#0' 3-max (real money) Seat #1 is the button
Seat 1: _SKR (445)
Seat 2: raspoute (130)
Seat 3: Rude Prune45 (325)
*** ANTE/BLINDS ***
raspoute posts small blind 30
Rude Prune45 posts big blind 60
Dealt to _SKR [7c Kd]
*** PRE-FLOP *** 
_SKR folds
raspoute raises 60 to 120
Rude Prune45 folds
raspoute collected 180 from pot
*** SUMMARY ***
Total pot 180 | No rake
Seat 2: raspoute (small blind) won 180


Winamax Poker - Tournament "Expresso Nitro" buyIn: 0.93€ + 0.07€ level: 4 - HandId: #2717281402788773889-9-1676215761 - Holdem no limit (30/60) - 2023/02/12 15:29:21 UTC
Table: 'Expresso Nitro(632666378)#0' 3-max (real money) Seat #2 is the button
Seat 1: _SKR (445)
Seat 2: raspoute (190)
Seat 3: Rude Prune45 (265)
*** ANTE/BLINDS ***
Rude Prune45 posts small blind 30
_SKR posts big blind 60
Dealt to _SKR [Jc Js]
*** PRE-FLOP *** 
raspoute folds
Rude Prune45 calls 30
_SKR raises 385 to 445 and is all-in
Rude Prune45 calls 205 and is all-in
*** FLOP *** [Qd 6s Ad]
*** TURN *** [Qd 6s Ad][2h]
*** RIVER *** [Qd 6s Ad 2h][Ks]
*** SHOW DOWN ***
_SKR shows [Jc Js] (One pair : Jacks)
Rude Prune45 shows [As 9d] (One pair : Aces)
Rude Prune45 collected 530 from main pot
_SKR collected 180 from side pot 1
*** SUMMARY ***
Total pot 710 | No rake
Board: [Qd 6s Ad 2h Ks]
Seat 1: _SKR (big blind) showed [Jc Js] and won 180 with One pair : Jacks
Seat 3: Rude Prune45 (small blind) showed [As 9d] and won 530 with One pair : Aces


Winamax Poker - Tournament "Expresso Nitro" buyIn: 0.93€ + 0.07€ level: 5 - HandId: #2717281402788773889-10-1676215778 - Holdem no limit (40/80) - 2023/02/12 15:29:38 UTC
Table: 'Expresso Nitro(632666378)#0' 3-max (real money) Seat #3 is the button
Seat 1: _SKR (180)
Seat 2: raspoute (190)
Seat 3: Rude Prune45 (530)
*** ANTE/BLINDS ***
_SKR posts small blind 40
raspoute posts big blind 80
Dealt to _SKR [8c 5s]
*** PRE-FLOP *** 
Rude Prune45 calls 80
_SKR folds
raspoute checks
*** FLOP *** [4s 3h Ts]
raspoute checks
Rude Prune45 checks
*** TURN *** [4s 3h Ts][Ad]
raspoute checks
Rude Prune45 checks
*** RIVER *** [4s 3h Ts Ad][5d]
raspoute bets 110 and is all-in
Rude Prune45 folds
raspoute collected 310 from pot
*** SUMMARY ***
Total pot 310 | No rake
Board: [4s 3h Ts Ad 5d]
Seat 2: raspoute (big blind) won 310


Winamax Poker - Tournament "Expresso Nitro" buyIn: 0.93€ + 0.07€ level: 6 - HandId: #2717281402788773889-11-1676215829 - Holdem no limit (50/100) - 2023/02/12 15:30:29 UTC
Table: 'Expresso Nitro(632666378)#0' 3-max (real money) Seat #1 is the button
Seat 1: _SKR (140)
Seat 2: raspoute (310)
Seat 3: Rude Prune45 (450)
*** ANTE/BLINDS ***
raspoute posts small blind 50
Rude Prune45 posts big blind 100
Dealt to _SKR [Th Jh]
*** PRE-FLOP *** 
_SKR raises 40 to 140 and is all-in
raspoute calls 90
Rude Prune45 calls 40
*** FLOP *** [Kd 2d 9s]
raspoute bets 100
Rude Prune45 folds
*** TURN *** [Kd 2d 9s][Ad]
*** RIVER *** [Kd 2d 9s Ad][7s]
*** SHOW DOWN ***
_SKR shows [Th Jh] (High card : Ace)
raspoute shows [8s Kh] (One pair : Kings)
raspoute collected 520 from pot
*** SUMMARY ***
Total pot 520 | No rake
Board: [Kd 2d 9s Ad 7s]
Seat 1: _SKR (button) showed [Th Jh] and lost with High card : Ace
Seat 2: raspoute (small blind) showed [8s Kh] and won 520 with One pair : Kings


