Winamax Poker - Tournament "Expresso Nitro" buyIn: 0.93€ + 0.07€ level: 1 - HandId: #2730603811520380929-1-1676988123 - Holdem no limit (10/20) - 2023/02/21 14:02:03 UTC
Table: 'Expresso Nitro(635768243)#0' 3-max (real money) Seat #1 is the button
Seat 1: _SKR (300)
Seat 2: Marmotton34 (300)
Seat 3: Jobred (300)
*** ANTE/BLINDS ***
Marmotton34 posts small blind 10
Jobred posts big blind 20
Dealt to _SKR [7s 4s]
*** PRE-FLOP *** 
_SKR folds
Marmotton34 folds
Jobred collected 30 from pot
*** SUMMARY ***
Total pot 30 | No rake
Seat 3: Jobred (big blind) won 30


Winamax Poker - Tournament "Expresso Nitro" buyIn: 0.93€ + 0.07€ level: 1 - HandId: #2730603811520380929-2-1676988128 - Holdem no limit (10/20) - 2023/02/21 14:02:08 UTC
Table: 'Expresso Nitro(635768243)#0' 3-max (real money) Seat #2 is the button
Seat 1: _SKR (300)
Seat 2: Marmotton34 (290)
Seat 3: Jobred (310)
*** ANTE/BLINDS ***
Jobred posts small blind 10
_SKR posts big blind 20
Dealt to _SKR [7c Td]
*** PRE-FLOP *** 
Marmotton34 raises 21 to 41
Jobred folds
_SKR folds
Marmotton34 collected 71 from pot
*** SUMMARY ***
Total pot 71 | No rake
Seat 2: Marmotton34 (button) won 71


Winamax Poker - Tournament "Expresso Nitro" buyIn: 0.93€ + 0.07€ level: 1 - HandId: #2730603811520380929-3-1676988137 - Holdem no limit (10/20) - 2023/02/21 14:02:17 UTC
Table: 'Expresso Nitro(635768243)#0' 3-max (real money) Seat #3 is the button
Seat 1: _SKR (280)
Seat 2: Marmotton34 (320)
Seat 3: Jobred (300)
*** ANTE/BLINDS ***
_SKR posts small blind 10
Marmotton34 posts big blind 20
Dealt to _SKR [5c 4d]
*** PRE-FLOP *** 
Jobred calls 20
_SKR folds
Marmotton34 raises 300 to 320 and is all-in
Jobred calls 280 and is all-in
*** FLOP *** [9h 4c 8s]
*** TURN *** [9h 4c 8s][As]
*** RIVER *** [9h 4c 8s As][Ks]
*** SHOW DOWN ***
Jobred shows [Ts Kh] (One pair : Kings)
Marmotton34 shows [Kd Jh] (One pair : Kings)
Marmotton34 collected 630 from pot
*** SUMMARY ***
Total pot 630 | No rake
Board: [9h 4c 8s As Ks]
Seat 2: Marmotton34 (big blind) showed [Kd Jh] and won 630 with One pair : Kings
Seat 3: Jobred (button) showed [Ts Kh] and lost with One pair : Kings


Winamax Poker - Tournament "Expresso Nitro" buyIn: 0.93€ + 0.07€ level: 1 - HandId: #2730603811520380929-4-1676988154 - Holdem no limit (10/20) - 2023/02/21 14:02:34 UTC
Table: 'Expresso Nitro(635768243)#0' 3-max (real money) Seat #2 is the button
Seat 1: _SKR (270)
Seat 2: Marmotton34 (630)
*** ANTE/BLINDS ***
Marmotton34 posts small blind 10
_SKR posts big blind 20
Dealt to _SKR [Th 3c]
*** PRE-FLOP *** 
Marmotton34 folds
_SKR collected 30 from pot
*** SUMMARY ***
Total pot 30 | No rake
Seat 1: _SKR (big blind) won 30


Winamax Poker - Tournament "Expresso Nitro" buyIn: 0.93€ + 0.07€ level: 1 - HandId: #2730603811520380929-5-1676988156 - Holdem no limit (10/20) - 2023/02/21 14:02:36 UTC
Table: 'Expresso Nitro(635768243)#0' 3-max (real money) Seat #1 is the button
Seat 1: _SKR (280)
Seat 2: Marmotton34 (620)
*** ANTE/BLINDS ***
_SKR posts small blind 10
Marmotton34 posts big blind 20
Dealt to _SKR [9s Ks]
*** PRE-FLOP *** 
_SKR raises 260 to 280 and is all-in
Marmotton34 folds
_SKR collected 300 from pot
*** SUMMARY ***
Total pot 300 | No rake
Seat 1: _SKR (small blind) (button) won 300


Winamax Poker - Tournament "Expresso Nitro" buyIn: 0.93€ + 0.07€ level: 1 - HandId: #2730603811520380929-6-1676988166 - Holdem no limit (10/20) - 2023/02/21 14:02:46 UTC
Table: 'Expresso Nitro(635768243)#0' 3-max (real money) Seat #2 is the button
Seat 1: _SKR (300)
Seat 2: Marmotton34 (600)
*** ANTE/BLINDS ***
Marmotton34 posts small blind 10
_SKR posts big blind 20
Dealt to _SKR [Qh Th]
*** PRE-FLOP *** 
Marmotton34 raises 580 to 600 and is all-in
_SKR folds
Marmotton34 collected 620 from pot
*** SUMMARY ***
Total pot 620 | No rake
Seat 2: Marmotton34 (small blind) (button) won 620


Winamax Poker - Tournament "Expresso Nitro" buyIn: 0.93€ + 0.07€ level: 1 - HandId: #2730603811520380929-7-1676988175 - Holdem no limit (10/20) - 2023/02/21 14:02:55 UTC
Table: 'Expresso Nitro(635768243)#0' 3-max (real money) Seat #1 is the button
Seat 1: _SKR (280)
Seat 2: Marmotton34 (620)
*** ANTE/BLINDS ***
_SKR posts small blind 10
Marmotton34 posts big blind 20
Dealt to _SKR [3h 5s]
*** PRE-FLOP *** 
_SKR folds
Marmotton34 collected 30 from pot
*** SUMMARY ***
Total pot 30 | No rake
Seat 2: Marmotton34 (big blind) won 30


Winamax Poker - Tournament "Expresso Nitro" buyIn: 0.93€ + 0.07€ level: 1 - HandId: #2730603811520380929-8-1676988178 - Holdem no limit (10/20) - 2023/02/21 14:02:58 UTC
Table: 'Expresso Nitro(635768243)#0' 3-max (real money) Seat #2 is the button
Seat 1: _SKR (270)
Seat 2: Marmotton34 (630)
*** ANTE/BLINDS ***
Marmotton34 posts small blind 10
_SKR posts big blind 20
Dealt to _SKR [5d Th]
*** PRE-FLOP *** 
Marmotton34 raises 610 to 630 and is all-in
_SKR folds
Marmotton34 collected 650 from pot
*** SUMMARY ***
Total pot 650 | No rake
Seat 2: Marmotton34 (small blind) (button) won 650


Winamax Poker - Tournament "Expresso Nitro" buyIn: 0.93€ + 0.07€ level: 2 - HandId: #2730603811520380929-9-1676988183 - Holdem no limit (15/30) - 2023/02/21 14:03:03 UTC
Table: 'Expresso Nitro(635768243)#0' 3-max (real money) Seat #1 is the button
Seat 1: _SKR (250)
Seat 2: Marmotton34 (650)
*** ANTE/BLINDS ***
_SKR posts small blind 15
Marmotton34 posts big blind 30
Dealt to _SKR [7h 5s]
*** PRE-FLOP *** 
_SKR folds
Marmotton34 collected 45 from pot
*** SUMMARY ***
Total pot 45 | No rake
Seat 2: Marmotton34 (big blind) won 45


Winamax Poker - Tournament "Expresso Nitro" buyIn: 0.93€ + 0.07€ level: 2 - HandId: #2730603811520380929-10-1676988192 - Holdem no limit (15/30) - 2023/02/21 14:03:12 UTC
Table: 'Expresso Nitro(635768243)#0' 3-max (real money) Seat #2 is the button
Seat 1: _SKR (235)
Seat 2: Marmotton34 (665)
*** ANTE/BLINDS ***
Marmotton34 posts small blind 15
_SKR posts big blind 30
Dealt to _SKR [Th 6c]
*** PRE-FLOP *** 
Marmotton34 raises 635 to 665 and is all-in
_SKR folds
Marmotton34 collected 695 from pot
*** SUMMARY ***
Total pot 695 | No rake
Seat 2: Marmotton34 (small blind) (button) won 695


Winamax Poker - Tournament "Expresso Nitro" buyIn: 0.93€ + 0.07€ level: 2 - HandId: #2730603811520380929-11-1676988197 - Holdem no limit (15/30) - 2023/02/21 14:03:17 UTC
Table: 'Expresso Nitro(635768243)#0' 3-max (real money) Seat #1 is the button
Seat 1: _SKR (205)
Seat 2: Marmotton34 (695)
*** ANTE/BLINDS ***
_SKR posts small blind 15
Marmotton34 posts big blind 30
Dealt to _SKR [Qd Ah]
*** PRE-FLOP *** 
_SKR raises 175 to 205 and is all-in
Marmotton34 folds
_SKR collected 235 from pot
*** SUMMARY ***
Total pot 235 | No rake
Seat 1: _SKR (small blind) (button) won 235


Winamax Poker - Tournament "Expresso Nitro" buyIn: 0.93€ + 0.07€ level: 2 - HandId: #2730603811520380929-12-1676988202 - Holdem no limit (15/30) - 2023/02/21 14:03:22 UTC
Table: 'Expresso Nitro(635768243)#0' 3-max (real money) Seat #2 is the button
Seat 1: _SKR (235)
Seat 2: Marmotton34 (665)
*** ANTE/BLINDS ***
Marmotton34 posts small blind 15
_SKR posts big blind 30
Dealt to _SKR [4c 4d]
*** PRE-FLOP *** 
Marmotton34 raises 635 to 665 and is all-in
_SKR calls 205 and is all-in
*** FLOP *** [6h Js Kc]
*** TURN *** [6h Js Kc][3c]
*** RIVER *** [6h Js Kc 3c][Tc]
*** SHOW DOWN ***
_SKR shows [4c 4d] (One pair : 4)
Marmotton34 shows [Qh 8s] (High card : King)
Marmotton34 collected 430 from side pot 1
_SKR collected 470 from main pot
*** SUMMARY ***
Total pot 900 | No rake
Board: [6h Js Kc 3c Tc]
Seat 1: _SKR (big blind) showed [4c 4d] and won 470 with One pair : 4
Seat 2: Marmotton34 (small blind) (button) showed [Qh 8s] and won 430 with High card : King


Winamax Poker - Tournament "Expresso Nitro" buyIn: 0.93€ + 0.07€ level: 2 - HandId: #2730603811520380929-13-1676988215 - Holdem no limit (15/30) - 2023/02/21 14:03:35 UTC
Table: 'Expresso Nitro(635768243)#0' 3-max (real money) Seat #1 is the button
Seat 1: _SKR (470)
Seat 2: Marmotton34 (430)
*** ANTE/BLINDS ***
_SKR posts small blind 15
Marmotton34 posts big blind 30
Dealt to _SKR [6s 4h]
*** PRE-FLOP *** 
_SKR folds
Marmotton34 collected 45 from pot
*** SUMMARY ***
Total pot 45 | No rake
Seat 2: Marmotton34 (big blind) won 45


Winamax Poker - Tournament "Expresso Nitro" buyIn: 0.93€ + 0.07€ level: 2 - HandId: #2730603811520380929-14-1676988219 - Holdem no limit (15/30) - 2023/02/21 14:03:39 UTC
Table: 'Expresso Nitro(635768243)#0' 3-max (real money) Seat #2 is the button
Seat 1: _SKR (455)
Seat 2: Marmotton34 (445)
*** ANTE/BLINDS ***
Marmotton34 posts small blind 15
_SKR posts big blind 30
Dealt to _SKR [2s Tc]
*** PRE-FLOP *** 
Marmotton34 raises 32 to 62
_SKR folds
Marmotton34 collected 92 from pot
*** SUMMARY ***
Total pot 92 | No rake
Seat 2: Marmotton34 (small blind) (button) won 92


Winamax Poker - Tournament "Expresso Nitro" buyIn: 0.93€ + 0.07€ level: 2 - HandId: #2730603811520380929-15-1676988225 - Holdem no limit (15/30) - 2023/02/21 14:03:45 UTC
Table: 'Expresso Nitro(635768243)#0' 3-max (real money) Seat #1 is the button
Seat 1: _SKR (425)
Seat 2: Marmotton34 (475)
*** ANTE/BLINDS ***
_SKR posts small blind 15
Marmotton34 posts big blind 30
Dealt to _SKR [5d Ad]
*** PRE-FLOP *** 
_SKR raises 395 to 425 and is all-in
Marmotton34 raises 50 to 475 and is all-in
*** FLOP *** [3c 3s 6d]
*** TURN *** [3c 3s 6d][Jc]
*** RIVER *** [3c 3s 6d Jc][Qh]
*** SHOW DOWN ***
_SKR shows [5d Ad] (One pair : 3)
Marmotton34 shows [8c Ks] (One pair : 3)
Marmotton34 collected 50 from side pot 1
_SKR collected 850 from main pot
*** SUMMARY ***
Total pot 900 | No rake
Board: [3c 3s 6d Jc Qh]
Seat 1: _SKR (small blind) (button) showed [5d Ad] and won 850 with One pair : 3
Seat 2: Marmotton34 (big blind) showed [8c Ks] and won 50 with One pair : 3


Winamax Poker - Tournament "Expresso Nitro" buyIn: 0.93€ + 0.07€ level: 2 - HandId: #2730603811520380929-16-1676988236 - Holdem no limit (15/30) - 2023/02/21 14:03:56 UTC
Table: 'Expresso Nitro(635768243)#0' 3-max (real money) Seat #2 is the button
Seat 1: _SKR (850)
Seat 2: Marmotton34 (50)
*** ANTE/BLINDS ***
Marmotton34 posts small blind 15
_SKR posts big blind 30
Dealt to _SKR [7h As]
*** PRE-FLOP *** 
Marmotton34 raises 20 to 50 and is all-in
_SKR calls 20
*** FLOP *** [6c 5c 8h]
*** TURN *** [6c 5c 8h][Ad]
*** RIVER *** [6c 5c 8h Ad][8d]
*** SHOW DOWN ***
_SKR shows [7h As] (Two pairs : Aces and 8)
Marmotton34 shows [9s 8c] (Trips of 8)
Marmotton34 collected 100 from pot
*** SUMMARY ***
Total pot 100 | No rake
Board: [6c 5c 8h Ad 8d]
Seat 1: _SKR (big blind) showed [7h As] and lost with Two pairs : Aces and 8
Seat 2: Marmotton34 (small blind) (button) showed [9s 8c] and won 100 with Trips of 8


Winamax Poker - Tournament "Expresso Nitro" buyIn: 0.93€ + 0.07€ level: 3 - HandId: #2730603811520380929-17-1676988248 - Holdem no limit (20/40) - 2023/02/21 14:04:08 UTC
Table: 'Expresso Nitro(635768243)#0' 3-max (real money) Seat #1 is the button
Seat 1: _SKR (800)
Seat 2: Marmotton34 (100)
*** ANTE/BLINDS ***
_SKR posts small blind 20
Marmotton34 posts big blind 40
Dealt to _SKR [5c 6d]
*** PRE-FLOP *** 
_SKR raises 760 to 800 and is all-in
Marmotton34 calls 60 and is all-in
*** FLOP *** [4s 4h 2c]
*** TURN *** [4s 4h 2c][7c]
*** RIVER *** [4s 4h 2c 7c][4c]
*** SHOW DOWN ***
_SKR shows [5c 6d] (Trips of 4)
Marmotton34 shows [8h Qs] (Trips of 4)
Marmotton34 collected 200 from main pot
_SKR collected 700 from side pot 1
*** SUMMARY ***
Total pot 900 | No rake
Board: [4s 4h 2c 7c 4c]
Seat 1: _SKR (small blind) (button) showed [5c 6d] and won 700 with Trips of 4
Seat 2: Marmotton34 (big blind) showed [8h Qs] and won 200 with Trips of 4


Winamax Poker - Tournament "Expresso Nitro" buyIn: 0.93€ + 0.07€ level: 3 - HandId: #2730603811520380929-18-1676988259 - Holdem no limit (20/40) - 2023/02/21 14:04:19 UTC
Table: 'Expresso Nitro(635768243)#0' 3-max (real money) Seat #2 is the button
Seat 1: _SKR (700)
Seat 2: Marmotton34 (200)
*** ANTE/BLINDS ***
Marmotton34 posts small blind 20
_SKR posts big blind 40
Dealt to _SKR [4h Jh]
*** PRE-FLOP *** 
Marmotton34 raises 160 to 200 and is all-in
_SKR calls 160
*** FLOP *** [Kh 7d Ad]
*** TURN *** [Kh 7d Ad][8h]
*** RIVER *** [Kh 7d Ad 8h][3d]
*** SHOW DOWN ***
_SKR shows [4h Jh] (High card : Ace)
Marmotton34 shows [5h As] (One pair : Aces)
Marmotton34 collected 400 from pot
*** SUMMARY ***
Total pot 400 | No rake
Board: [Kh 7d Ad 8h 3d]
Seat 1: _SKR (big blind) showed [4h Jh] and lost with High card : Ace
Seat 2: Marmotton34 (small blind) (button) showed [5h As] and won 400 with One pair : Aces


Winamax Poker - Tournament "Expresso Nitro" buyIn: 0.93€ + 0.07€ level: 3 - HandId: #2730603811520380929-19-1676988274 - Holdem no limit (20/40) - 2023/02/21 14:04:34 UTC
Table: 'Expresso Nitro(635768243)#0' 3-max (real money) Seat #1 is the button
Seat 1: _SKR (500)
Seat 2: Marmotton34 (400)
*** ANTE/BLINDS ***
_SKR posts small blind 20
Marmotton34 posts big blind 40
Dealt to _SKR [Tc 6c]
*** PRE-FLOP *** 
_SKR calls 20
Marmotton34 raises 360 to 400 and is all-in
_SKR folds
Marmotton34 collected 440 from pot
*** SUMMARY ***
Total pot 440 | No rake
Seat 2: Marmotton34 (big blind) won 440


Winamax Poker - Tournament "Expresso Nitro" buyIn: 0.93€ + 0.07€ level: 3 - HandId: #2730603811520380929-20-1676988285 - Holdem no limit (20/40) - 2023/02/21 14:04:45 UTC
Table: 'Expresso Nitro(635768243)#0' 3-max (real money) Seat #2 is the button
Seat 1: _SKR (460)
Seat 2: Marmotton34 (440)
*** ANTE/BLINDS ***
Marmotton34 posts small blind 20
_SKR posts big blind 40
Dealt to _SKR [Kc Td]
*** PRE-FLOP *** 
Marmotton34 folds
_SKR collected 60 from pot
*** SUMMARY ***
Total pot 60 | No rake
Seat 1: _SKR (big blind) won 60


Winamax Poker - Tournament "Expresso Nitro" buyIn: 0.93€ + 0.07€ level: 3 - HandId: #2730603811520380929-21-1676988288 - Holdem no limit (20/40) - 2023/02/21 14:04:48 UTC
Table: 'Expresso Nitro(635768243)#0' 3-max (real money) Seat #1 is the button
Seat 1: _SKR (480)
Seat 2: Marmotton34 (420)
*** ANTE/BLINDS ***
_SKR posts small blind 20
Marmotton34 posts big blind 40
Dealt to _SKR [Kc Qs]
*** PRE-FLOP *** 
_SKR raises 440 to 480 and is all-in
Marmotton34 folds
_SKR collected 520 from pot
*** SUMMARY ***
Total pot 520 | No rake
Seat 1: _SKR (small blind) (button) won 520


Winamax Poker - Tournament "Expresso Nitro" buyIn: 0.93€ + 0.07€ level: 3 - HandId: #2730603811520380929-22-1676988293 - Holdem no limit (20/40) - 2023/02/21 14:04:53 UTC
Table: 'Expresso Nitro(635768243)#0' 3-max (real money) Seat #2 is the button
Seat 1: _SKR (520)
Seat 2: Marmotton34 (380)
*** ANTE/BLINDS ***
Marmotton34 posts small blind 20
_SKR posts big blind 40
Dealt to _SKR [3s Kd]
*** PRE-FLOP *** 
Marmotton34 raises 340 to 380 and is all-in
_SKR folds
Marmotton34 shows [Qh Kh] (High card : King)
Marmotton34 collected 420 from pot
*** SUMMARY ***
Total pot 420 | No rake
Seat 2: Marmotton34 (small blind) (button) showed [Qh Kh] and won 420 with High card : King


Winamax Poker - Tournament "Expresso Nitro" buyIn: 0.93€ + 0.07€ level: 4 - HandId: #2730603811520380929-23-1676988298 - Holdem no limit (30/60) - 2023/02/21 14:04:58 UTC
Table: 'Expresso Nitro(635768243)#0' 3-max (real money) Seat #1 is the button
Seat 1: _SKR (480)
Seat 2: Marmotton34 (420)
*** ANTE/BLINDS ***
_SKR posts small blind 30
Marmotton34 posts big blind 60
Dealt to _SKR [Ks Jc]
*** PRE-FLOP *** 
_SKR raises 420 to 480 and is all-in
Marmotton34 calls 360 and is all-in
*** FLOP *** [7d 6d Qc]
*** TURN *** [7d 6d Qc][Ad]
*** RIVER *** [7d 6d Qc Ad][Ts]
*** SHOW DOWN ***
Marmotton34 shows [6h Th] (Two pairs : Tens and 6)
_SKR shows [Ks Jc] (Straight Ace high)
_SKR collected 900 from pot
*** SUMMARY ***
Total pot 900 | No rake
Board: [7d 6d Qc Ad Ts]
Seat 1: _SKR (small blind) (button) showed [Ks Jc] and won 900 with Straight Ace high
Seat 2: Marmotton34 (big blind) showed [6h Th] and lost with Two pairs : Tens and 6


