Winamax Poker - Tournament "Expresso Nitro" buyIn: 0.93€ + 0.07€ level: 1 - HandId: #2717261688888885249-1-1676214573 - Holdem no limit (10/20) - 2023/02/12 15:09:33 UTC
Table: 'Expresso Nitro(632661788)#0' 3-max (real money) Seat #2 is the button
Seat 1: Mallena (300)
Seat 2: _SKR (300)
Seat 3: lalililalala (300)
*** ANTE/BLINDS ***
lalililalala posts small blind 10
Mallena posts big blind 20
Dealt to _SKR [6d 8h]
*** PRE-FLOP *** 
_SKR folds
lalililalala folds
Mallena collected 30 from pot
*** SUMMARY ***
Total pot 30 | No rake
Seat 1: Mallena (big blind) won 30


Winamax Poker - Tournament "Expresso Nitro" buyIn: 0.93€ + 0.07€ level: 1 - HandId: #2717261688888885249-2-1676214581 - Holdem no limit (10/20) - 2023/02/12 15:09:41 UTC
Table: 'Expresso Nitro(632661788)#0' 3-max (real money) Seat #3 is the button
Seat 1: Mallena (310)
Seat 2: _SKR (300)
Seat 3: lalililalala (290)
*** ANTE/BLINDS ***
Mallena posts small blind 10
_SKR posts big blind 20
Dealt to _SKR [3h 5c]
*** PRE-FLOP *** 
lalililalala folds
Mallena raises 290 to 310 and is all-in
_SKR folds
Mallena collected 330 from pot
*** SUMMARY ***
Total pot 330 | No rake
Seat 1: Mallena (small blind) won 330


Winamax Poker - Tournament "Expresso Nitro" buyIn: 0.93€ + 0.07€ level: 1 - HandId: #2717261688888885249-3-1676214595 - Holdem no limit (10/20) - 2023/02/12 15:09:55 UTC
Table: 'Expresso Nitro(632661788)#0' 3-max (real money) Seat #1 is the button
Seat 1: Mallena (330)
Seat 2: _SKR (280)
Seat 3: lalililalala (290)
*** ANTE/BLINDS ***
_SKR posts small blind 10
lalililalala posts big blind 20
Dealt to _SKR [9s 6h]
*** PRE-FLOP *** 
Mallena folds
_SKR folds
lalililalala collected 30 from pot
*** SUMMARY ***
Total pot 30 | No rake
Seat 3: lalililalala (big blind) won 30


Winamax Poker - Tournament "Expresso Nitro" buyIn: 0.93€ + 0.07€ level: 1 - HandId: #2717261688888885249-4-1676214602 - Holdem no limit (10/20) - 2023/02/12 15:10:02 UTC
Table: 'Expresso Nitro(632661788)#0' 3-max (real money) Seat #2 is the button
Seat 1: Mallena (330)
Seat 2: _SKR (270)
Seat 3: lalililalala (300)
*** ANTE/BLINDS ***
lalililalala posts small blind 10
Mallena posts big blind 20
Dealt to _SKR [Kh Th]
*** PRE-FLOP *** 
_SKR raises 20 to 40
lalililalala calls 30
Mallena folds
*** FLOP *** [4h 4s 8s]
lalililalala checks
_SKR checks
*** TURN *** [4h 4s 8s][Js]
lalililalala checks
_SKR checks
*** RIVER *** [4h 4s 8s Js][2c]
lalililalala bets 65
_SKR folds
lalililalala collected 165 from pot
*** SUMMARY ***
Total pot 165 | No rake
Board: [4h 4s 8s Js 2c]
Seat 3: lalililalala (small blind) won 165


Winamax Poker - Tournament "Expresso Nitro" buyIn: 0.93€ + 0.07€ level: 2 - HandId: #2717261688888885249-5-1676214640 - Holdem no limit (15/30) - 2023/02/12 15:10:40 UTC
Table: 'Expresso Nitro(632661788)#0' 3-max (real money) Seat #3 is the button
Seat 1: Mallena (310)
Seat 2: _SKR (230)
Seat 3: lalililalala (360)
*** ANTE/BLINDS ***
Mallena posts small blind 15
_SKR posts big blind 30
Dealt to _SKR [3d Qs]
*** PRE-FLOP *** 
lalililalala folds
Mallena raises 280 to 310 and is all-in
_SKR folds
Mallena collected 340 from pot
*** SUMMARY ***
Total pot 340 | No rake
Seat 1: Mallena (small blind) won 340


Winamax Poker - Tournament "Expresso Nitro" buyIn: 0.93€ + 0.07€ level: 2 - HandId: #2717261688888885249-6-1676214650 - Holdem no limit (15/30) - 2023/02/12 15:10:50 UTC
Table: 'Expresso Nitro(632661788)#0' 3-max (real money) Seat #1 is the button
Seat 1: Mallena (340)
Seat 2: _SKR (200)
Seat 3: lalililalala (360)
*** ANTE/BLINDS ***
_SKR posts small blind 15
lalililalala posts big blind 30
Dealt to _SKR [9h 6s]
*** PRE-FLOP *** 
Mallena folds
_SKR folds
lalililalala collected 45 from pot
*** SUMMARY ***
Total pot 45 | No rake
Seat 3: lalililalala (big blind) won 45


Winamax Poker - Tournament "Expresso Nitro" buyIn: 0.93€ + 0.07€ level: 2 - HandId: #2717261688888885249-7-1676214658 - Holdem no limit (15/30) - 2023/02/12 15:10:58 UTC
Table: 'Expresso Nitro(632661788)#0' 3-max (real money) Seat #2 is the button
Seat 1: Mallena (340)
Seat 2: _SKR (185)
Seat 3: lalililalala (375)
*** ANTE/BLINDS ***
lalililalala posts small blind 15
Mallena posts big blind 30
Dealt to _SKR [7s Td]
*** PRE-FLOP *** 
_SKR folds
lalililalala raises 60 to 90
Mallena folds
lalililalala collected 120 from pot
*** SUMMARY ***
Total pot 120 | No rake
Seat 3: lalililalala (small blind) won 120


Winamax Poker - Tournament "Expresso Nitro" buyIn: 0.93€ + 0.07€ level: 2 - HandId: #2717261688888885249-8-1676214673 - Holdem no limit (15/30) - 2023/02/12 15:11:13 UTC
Table: 'Expresso Nitro(632661788)#0' 3-max (real money) Seat #3 is the button
Seat 1: Mallena (310)
Seat 2: _SKR (185)
Seat 3: lalililalala (405)
*** ANTE/BLINDS ***
Mallena posts small blind 15
_SKR posts big blind 30
Dealt to _SKR [Ad Ks]
*** PRE-FLOP *** 
lalililalala folds
Mallena folds
_SKR collected 45 from pot
*** SUMMARY ***
Total pot 45 | No rake
Seat 2: _SKR (big blind) won 45


Winamax Poker - Tournament "Expresso Nitro" buyIn: 0.93€ + 0.07€ level: 2 - HandId: #2717261688888885249-9-1676214680 - Holdem no limit (15/30) - 2023/02/12 15:11:20 UTC
Table: 'Expresso Nitro(632661788)#0' 3-max (real money) Seat #1 is the button
Seat 1: Mallena (295)
Seat 2: _SKR (200)
Seat 3: lalililalala (405)
*** ANTE/BLINDS ***
_SKR posts small blind 15
lalililalala posts big blind 30
Dealt to _SKR [5h 2s]
*** PRE-FLOP *** 
Mallena raises 265 to 295 and is all-in
_SKR folds
lalililalala folds
Mallena collected 340 from pot
*** SUMMARY ***
Total pot 340 | No rake
Seat 1: Mallena (button) won 340


Winamax Poker - Tournament "Expresso Nitro" buyIn: 0.93€ + 0.07€ level: 2 - HandId: #2717261688888885249-10-1676214687 - Holdem no limit (15/30) - 2023/02/12 15:11:27 UTC
Table: 'Expresso Nitro(632661788)#0' 3-max (real money) Seat #2 is the button
Seat 1: Mallena (340)
Seat 2: _SKR (185)
Seat 3: lalililalala (375)
*** ANTE/BLINDS ***
lalililalala posts small blind 15
Mallena posts big blind 30
Dealt to _SKR [6h 4c]
*** PRE-FLOP *** 
_SKR folds
lalililalala raises 60 to 90
Mallena folds
lalililalala collected 120 from pot
*** SUMMARY ***
Total pot 120 | No rake
Seat 3: lalililalala (small blind) won 120


Winamax Poker - Tournament "Expresso Nitro" buyIn: 0.93€ + 0.07€ level: 3 - HandId: #2717261688888885249-11-1676214696 - Holdem no limit (20/40) - 2023/02/12 15:11:36 UTC
Table: 'Expresso Nitro(632661788)#0' 3-max (real money) Seat #3 is the button
Seat 1: Mallena (310)
Seat 2: _SKR (185)
Seat 3: lalililalala (405)
*** ANTE/BLINDS ***
Mallena posts small blind 20
_SKR posts big blind 40
Dealt to _SKR [8s 6s]
*** PRE-FLOP *** 
lalililalala folds
Mallena folds
_SKR collected 60 from pot
*** SUMMARY ***
Total pot 60 | No rake
Seat 2: _SKR (big blind) won 60


Winamax Poker - Tournament "Expresso Nitro" buyIn: 0.93€ + 0.07€ level: 3 - HandId: #2717261688888885249-12-1676214702 - Holdem no limit (20/40) - 2023/02/12 15:11:42 UTC
Table: 'Expresso Nitro(632661788)#0' 3-max (real money) Seat #1 is the button
Seat 1: Mallena (290)
Seat 2: _SKR (205)
Seat 3: lalililalala (405)
*** ANTE/BLINDS ***
_SKR posts small blind 20
lalililalala posts big blind 40
Dealt to _SKR [Ac 6c]
*** PRE-FLOP *** 
Mallena folds
_SKR raises 165 to 205 and is all-in
lalililalala calls 165
*** FLOP *** [2h 4d 4h]
*** TURN *** [2h 4d 4h][Qc]
*** RIVER *** [2h 4d 4h Qc][Js]
*** SHOW DOWN ***
_SKR shows [Ac 6c] (One pair : 4)
lalililalala shows [6d As] (One pair : 4)
lalililalala collected 205 from pot
_SKR collected 205 from pot
*** SUMMARY ***
Total pot 410 | No rake
Board: [2h 4d 4h Qc Js]
Seat 2: _SKR (small blind) showed [Ac 6c] and won 205 with One pair : 4
Seat 3: lalililalala (big blind) showed [6d As] and won 205 with One pair : 4


Winamax Poker - Tournament "Expresso Nitro" buyIn: 0.93€ + 0.07€ level: 3 - HandId: #2717261688888885249-13-1676214720 - Holdem no limit (20/40) - 2023/02/12 15:12:00 UTC
Table: 'Expresso Nitro(632661788)#0' 3-max (real money) Seat #2 is the button
Seat 1: Mallena (290)
Seat 2: _SKR (205)
Seat 3: lalililalala (405)
*** ANTE/BLINDS ***
lalililalala posts small blind 20
Mallena posts big blind 40
Dealt to _SKR [Qc 3h]
*** PRE-FLOP *** 
_SKR folds
lalililalala folds
Mallena collected 60 from pot
*** SUMMARY ***
Total pot 60 | No rake
Seat 1: Mallena (big blind) won 60


Winamax Poker - Tournament "Expresso Nitro" buyIn: 0.93€ + 0.07€ level: 3 - HandId: #2717261688888885249-14-1676214729 - Holdem no limit (20/40) - 2023/02/12 15:12:09 UTC
Table: 'Expresso Nitro(632661788)#0' 3-max (real money) Seat #3 is the button
Seat 1: Mallena (310)
Seat 2: _SKR (205)
Seat 3: lalililalala (385)
*** ANTE/BLINDS ***
Mallena posts small blind 20
_SKR posts big blind 40
Dealt to _SKR [Kd 6d]
*** PRE-FLOP *** 
lalililalala raises 100 to 140
Mallena folds
_SKR raises 65 to 205 and is all-in
lalililalala calls 65
*** FLOP *** [Th Qc 7h]
*** TURN *** [Th Qc 7h][Tc]
*** RIVER *** [Th Qc 7h Tc][Ah]
*** SHOW DOWN ***
_SKR shows [Kd 6d] (One pair : Tens)
lalililalala shows [Jc Jh] (Two pairs : Jacks and Tens)
lalililalala collected 430 from pot
*** SUMMARY ***
Total pot 430 | No rake
Board: [Th Qc 7h Tc Ah]
Seat 2: _SKR (big blind) showed [Kd 6d] and lost with One pair : Tens
Seat 3: lalililalala (button) showed [Jc Jh] and won 430 with Two pairs : Jacks and Tens


