Winamax Poker - Tournament "Expresso Nitro" buyIn: 1.86€ + 0.14€ level: 1 - HandId: #2696504154896990209-1-1675083806 - Holdem no limit (10/20) - 2023/01/30 13:03:26 UTC
Table: 'Expresso Nitro(627828798)#0' 3-max (real money) Seat #1 is the button
Seat 1: Shqiptar31 (300)
Seat 2: _SKR (300)
Seat 3: Manny-Ribera (300)
*** ANTE/BLINDS ***
_SKR posts small blind 10
Manny-Ribera posts big blind 20
Dealt to _SKR [7c Ks]
*** PRE-FLOP *** 
Shqiptar31 calls 20
_SKR folds
Manny-Ribera checks
*** FLOP *** [8d 2s 5c]
Manny-Ribera bets 20
Shqiptar31 folds
Manny-Ribera collected 70 from pot
*** SUMMARY ***
Total pot 70 | No rake
Board: [8d 2s 5c]
Seat 3: Manny-Ribera (big blind) won 70


Winamax Poker - Tournament "Expresso Nitro" buyIn: 1.86€ + 0.14€ level: 1 - HandId: #2696504154896990209-2-1675083844 - Holdem no limit (10/20) - 2023/01/30 13:04:04 UTC
Table: 'Expresso Nitro(627828798)#0' 3-max (real money) Seat #2 is the button
Seat 1: Shqiptar31 (280)
Seat 2: _SKR (290)
Seat 3: Manny-Ribera (330)
*** ANTE/BLINDS ***
Manny-Ribera posts small blind 10
Shqiptar31 posts big blind 20
Dealt to _SKR [Ts 2h]
*** PRE-FLOP *** 
_SKR folds
Manny-Ribera calls 10
Shqiptar31 checks
*** FLOP *** [As Kc 4d]
Manny-Ribera bets 20
Shqiptar31 calls 20
*** TURN *** [As Kc 4d][Ac]
Manny-Ribera checks
Shqiptar31 bets 40
Manny-Ribera folds
Shqiptar31 collected 120 from pot
*** SUMMARY ***
Total pot 120 | No rake
Board: [As Kc 4d Ac]
Seat 1: Shqiptar31 (big blind) won 120


Winamax Poker - Tournament "Expresso Nitro" buyIn: 1.86€ + 0.14€ level: 2 - HandId: #2696504154896990209-3-1675083863 - Holdem no limit (15/30) - 2023/01/30 13:04:23 UTC
Table: 'Expresso Nitro(627828798)#0' 3-max (real money) Seat #3 is the button
Seat 1: Shqiptar31 (320)
Seat 2: _SKR (290)
Seat 3: Manny-Ribera (290)
*** ANTE/BLINDS ***
Shqiptar31 posts small blind 15
_SKR posts big blind 30
Dealt to _SKR [Td Jc]
*** PRE-FLOP *** 
Manny-Ribera folds
Shqiptar31 raises 60 to 90
_SKR folds
Shqiptar31 collected 120 from pot
*** SUMMARY ***
Total pot 120 | No rake
Seat 1: Shqiptar31 (small blind) won 120


Winamax Poker - Tournament "Expresso Nitro" buyIn: 1.86€ + 0.14€ level: 2 - HandId: #2696504154896990209-4-1675083869 - Holdem no limit (15/30) - 2023/01/30 13:04:29 UTC
Table: 'Expresso Nitro(627828798)#0' 3-max (real money) Seat #1 is the button
Seat 1: Shqiptar31 (350)
Seat 2: _SKR (260)
Seat 3: Manny-Ribera (290)
*** ANTE/BLINDS ***
_SKR posts small blind 15
Manny-Ribera posts big blind 30
Dealt to _SKR [2d Kd]
*** PRE-FLOP *** 
Shqiptar31 calls 30
_SKR folds
Manny-Ribera checks
*** FLOP *** [Ah 2c 8s]
Manny-Ribera checks
Shqiptar31 checks
*** TURN *** [Ah 2c 8s][6h]
Manny-Ribera checks
Shqiptar31 bets 45
Manny-Ribera calls 45
*** RIVER *** [Ah 2c 8s 6h][6c]
Manny-Ribera checks
Shqiptar31 bets 75
Manny-Ribera calls 75
*** SHOW DOWN ***
Shqiptar31 shows [9h Qs] (One pair : 6)
Manny-Ribera shows [8c Td] (Two pairs : 8 and 6)
Manny-Ribera collected 315 from pot
*** SUMMARY ***
Total pot 315 | No rake
Board: [Ah 2c 8s 6h 6c]
Seat 1: Shqiptar31 (button) showed [9h Qs] and lost with One pair : 6
Seat 3: Manny-Ribera (big blind) showed [8c Td] and won 315 with Two pairs : 8 and 6


Winamax Poker - Tournament "Expresso Nitro" buyIn: 1.86€ + 0.14€ level: 2 - HandId: #2696504154896990209-5-1675083911 - Holdem no limit (15/30) - 2023/01/30 13:05:11 UTC
Table: 'Expresso Nitro(627828798)#0' 3-max (real money) Seat #2 is the button
Seat 1: Shqiptar31 (200)
Seat 2: _SKR (245)
Seat 3: Manny-Ribera (455)
*** ANTE/BLINDS ***
Manny-Ribera posts small blind 15
Shqiptar31 posts big blind 30
Dealt to _SKR [3h Th]
*** PRE-FLOP *** 
_SKR folds
Manny-Ribera calls 15
Shqiptar31 checks
*** FLOP *** [6h 2c 5h]
Manny-Ribera checks
Shqiptar31 checks
*** TURN *** [6h 2c 5h][4d]
Manny-Ribera checks
Shqiptar31 checks
*** RIVER *** [6h 2c 5h 4d][9d]
Manny-Ribera checks
Shqiptar31 bets 60
Manny-Ribera folds
Shqiptar31 collected 120 from pot
*** SUMMARY ***
Total pot 120 | No rake
Board: [6h 2c 5h 4d 9d]
Seat 1: Shqiptar31 (big blind) won 120


Winamax Poker - Tournament "Expresso Nitro" buyIn: 1.86€ + 0.14€ level: 3 - HandId: #2696504154896990209-6-1675083953 - Holdem no limit (20/40) - 2023/01/30 13:05:53 UTC
Table: 'Expresso Nitro(627828798)#0' 3-max (real money) Seat #3 is the button
Seat 1: Shqiptar31 (230)
Seat 2: _SKR (245)
Seat 3: Manny-Ribera (425)
*** ANTE/BLINDS ***
Shqiptar31 posts small blind 20
_SKR posts big blind 40
Dealt to _SKR [Ac As]
*** PRE-FLOP *** 
Manny-Ribera folds
Shqiptar31 calls 20
_SKR raises 205 to 245 and is all-in
Shqiptar31 folds
_SKR collected 285 from pot
*** SUMMARY ***
Total pot 285 | No rake
Seat 2: _SKR (big blind) won 285


Winamax Poker - Tournament "Expresso Nitro" buyIn: 1.86€ + 0.14€ level: 3 - HandId: #2696504154896990209-7-1675083962 - Holdem no limit (20/40) - 2023/01/30 13:06:02 UTC
Table: 'Expresso Nitro(627828798)#0' 3-max (real money) Seat #1 is the button
Seat 1: Shqiptar31 (190)
Seat 2: _SKR (285)
Seat 3: Manny-Ribera (425)
*** ANTE/BLINDS ***
_SKR posts small blind 20
Manny-Ribera posts big blind 40
Dealt to _SKR [9d Js]
*** PRE-FLOP *** 
Shqiptar31 raises 150 to 190 and is all-in
_SKR folds
Manny-Ribera folds
Shqiptar31 collected 250 from pot
*** SUMMARY ***
Total pot 250 | No rake
Seat 1: Shqiptar31 (button) won 250


Winamax Poker - Tournament "Expresso Nitro" buyIn: 1.86€ + 0.14€ level: 3 - HandId: #2696504154896990209-8-1675083971 - Holdem no limit (20/40) - 2023/01/30 13:06:11 UTC
Table: 'Expresso Nitro(627828798)#0' 3-max (real money) Seat #2 is the button
Seat 1: Shqiptar31 (250)
Seat 2: _SKR (265)
Seat 3: Manny-Ribera (385)
*** ANTE/BLINDS ***
Manny-Ribera posts small blind 20
Shqiptar31 posts big blind 40
Dealt to _SKR [9d 2d]
*** PRE-FLOP *** 
_SKR folds
Manny-Ribera calls 20
Shqiptar31 checks
*** FLOP *** [Ts 5c 4h]
Manny-Ribera bets 40
Shqiptar31 calls 40
*** TURN *** [Ts 5c 4h][Qs]
Manny-Ribera bets 80
Shqiptar31 calls 80
*** RIVER *** [Ts 5c 4h Qs][As]
Manny-Ribera bets 225 and is all-in
Shqiptar31 calls 90 and is all-in
*** SHOW DOWN ***
Shqiptar31 shows [5h Ks] (One pair : 5)
Manny-Ribera shows [2c Js] (High card : Ace)
Manny-Ribera collected 135 from side pot 1
Shqiptar31 collected 500 from main pot
*** SUMMARY ***
Total pot 635 | No rake
Board: [Ts 5c 4h Qs As]
Seat 1: Shqiptar31 (big blind) showed [5h Ks] and won 500 with One pair : 5
Seat 3: Manny-Ribera (small blind) showed [2c Js] and won 135 with High card : Ace


Winamax Poker - Tournament "Expresso Nitro" buyIn: 1.86€ + 0.14€ level: 4 - HandId: #2696504154896990209-9-1675083997 - Holdem no limit (30/60) - 2023/01/30 13:06:37 UTC
Table: 'Expresso Nitro(627828798)#0' 3-max (real money) Seat #3 is the button
Seat 1: Shqiptar31 (500)
Seat 2: _SKR (265)
Seat 3: Manny-Ribera (135)
*** ANTE/BLINDS ***
Shqiptar31 posts small blind 30
_SKR posts big blind 60
Dealt to _SKR [7c 7s]
*** PRE-FLOP *** 
Manny-Ribera raises 75 to 135 and is all-in
Shqiptar31 raises 365 to 500 and is all-in
_SKR calls 205 and is all-in
*** FLOP *** [5d 2d 3h]
*** TURN *** [5d 2d 3h][5h]
*** RIVER *** [5d 2d 3h 5h][5c]
*** SHOW DOWN ***
Manny-Ribera shows [Td Qd] (Trips of 5)
Shqiptar31 shows [Jc Kd] (Trips of 5)
_SKR shows [7c 7s] (Full of 5 and 7)
_SKR collected 665 from main pot
Shqiptar31 collected 235 from side pot 1
*** SUMMARY ***
Total pot 900 | No rake
Board: [5d 2d 3h 5h 5c]
Seat 1: Shqiptar31 (small blind) showed [Jc Kd] and won 235 with Trips of 5
Seat 2: _SKR (big blind) showed [7c 7s] and won 665 with Full of 5 and 7
Seat 3: Manny-Ribera (button) showed [Td Qd] and lost with Trips of 5


Winamax Poker - Tournament "Expresso Nitro" buyIn: 1.86€ + 0.14€ level: 4 - HandId: #2696504154896990209-10-1675084013 - Holdem no limit (30/60) - 2023/01/30 13:06:53 UTC
Table: 'Expresso Nitro(627828798)#0' 3-max (real money) Seat #2 is the button
Seat 1: Shqiptar31 (235)
Seat 2: _SKR (665)
*** ANTE/BLINDS ***
_SKR posts small blind 30
Shqiptar31 posts big blind 60
Dealt to _SKR [7s 8s]
*** PRE-FLOP *** 
_SKR raises 605 to 665 and is all-in
Shqiptar31 calls 175 and is all-in
*** FLOP *** [Ts 8h 9d]
*** TURN *** [Ts 8h 9d][Ac]
*** RIVER *** [Ts 8h 9d Ac][4s]
*** SHOW DOWN ***
Shqiptar31 shows [3c Qs] (High card : Ace)
_SKR shows [7s 8s] (One pair : 8)
_SKR collected 900 from pot
*** SUMMARY ***
Total pot 900 | No rake
Board: [Ts 8h 9d Ac 4s]
Seat 1: Shqiptar31 (big blind) showed [3c Qs] and lost with High card : Ace
Seat 2: _SKR (small blind) (button) showed [7s 8s] and won 900 with One pair : 8


