Winamax Poker - Tournament "Expresso Nitro" buyIn: 1.86€ + 0.14€ level: 1 - HandId: #2698195929629982721-1-1675185052 - Holdem no limit (10/20) - 2023/01/31 17:10:52 UTC
Table: 'Expresso Nitro(628222695)#0' 3-max (real money) Seat #3 is the button
Seat 1: _SKR (300)
Seat 2: Orsikagold (300)
Seat 3: Bestdreamer (300)
*** ANTE/BLINDS ***
_SKR posts small blind 10
Orsikagold posts big blind 20
Dealt to _SKR [Jc Kc]
*** PRE-FLOP *** 
Bestdreamer calls 20
_SKR raises 280 to 300 and is all-in
Orsikagold calls 280 and is all-in
Bestdreamer folds
*** FLOP *** [6h 2c 7c]
*** TURN *** [6h 2c 7c][5s]
*** RIVER *** [6h 2c 7c 5s][Tc]
*** SHOW DOWN ***
Orsikagold shows [2d 2h] (Trips of 2)
_SKR shows [Jc Kc] (Flush King high)
_SKR collected 620 from pot
*** SUMMARY ***
Total pot 620 | No rake
Board: [6h 2c 7c 5s Tc]
Seat 1: _SKR (small blind) showed [Jc Kc] and won 620 with Flush King high
Seat 2: Orsikagold (big blind) showed [2d 2h] and lost with Trips of 2


Winamax Poker - Tournament "Expresso Nitro" buyIn: 1.86€ + 0.14€ level: 1 - HandId: #2698195929629982721-2-1675185068 - Holdem no limit (10/20) - 2023/01/31 17:11:08 UTC
Table: 'Expresso Nitro(628222695)#0' 3-max (real money) Seat #3 is the button
Seat 1: _SKR (620)
Seat 3: Bestdreamer (280)
*** ANTE/BLINDS ***
Bestdreamer posts small blind 10
_SKR posts big blind 20
Dealt to _SKR [Qs 3h]
*** PRE-FLOP *** 
Bestdreamer calls 10
_SKR checks
*** FLOP *** [3d 2d Ts]
_SKR checks
Bestdreamer bets 26
_SKR calls 26
*** TURN *** [3d 2d Ts][7c]
_SKR checks
Bestdreamer bets 32
_SKR calls 32
*** RIVER *** [3d 2d Ts 7c][Ah]
_SKR checks
Bestdreamer bets 156
_SKR folds
Bestdreamer collected 312 from pot
*** SUMMARY ***
Total pot 312 | No rake
Board: [3d 2d Ts 7c Ah]
Seat 3: Bestdreamer (small blind) (button) won 312


Winamax Poker - Tournament "Expresso Nitro" buyIn: 1.86€ + 0.14€ level: 2 - HandId: #2698195929629982721-3-1675185112 - Holdem no limit (15/30) - 2023/01/31 17:11:52 UTC
Table: 'Expresso Nitro(628222695)#0' 3-max (real money) Seat #1 is the button
Seat 1: _SKR (542)
Seat 3: Bestdreamer (358)
*** ANTE/BLINDS ***
_SKR posts small blind 15
Bestdreamer posts big blind 30
Dealt to _SKR [4d As]
*** PRE-FLOP *** 
_SKR raises 512 to 542 and is all-in
Bestdreamer folds
_SKR collected 572 from pot
*** SUMMARY ***
Total pot 572 | No rake
Seat 1: _SKR (small blind) (button) won 572


Winamax Poker - Tournament "Expresso Nitro" buyIn: 1.86€ + 0.14€ level: 2 - HandId: #2698195929629982721-4-1675185119 - Holdem no limit (15/30) - 2023/01/31 17:11:59 UTC
Table: 'Expresso Nitro(628222695)#0' 3-max (real money) Seat #3 is the button
Seat 1: _SKR (572)
Seat 3: Bestdreamer (328)
*** ANTE/BLINDS ***
Bestdreamer posts small blind 15
_SKR posts big blind 30
Dealt to _SKR [Ah 4c]
*** PRE-FLOP *** 
Bestdreamer calls 15
_SKR raises 542 to 572 and is all-in
Bestdreamer folds
_SKR collected 602 from pot
*** SUMMARY ***
Total pot 602 | No rake
Seat 1: _SKR (big blind) won 602


Winamax Poker - Tournament "Expresso Nitro" buyIn: 1.86€ + 0.14€ level: 2 - HandId: #2698195929629982721-5-1675185125 - Holdem no limit (15/30) - 2023/01/31 17:12:05 UTC
Table: 'Expresso Nitro(628222695)#0' 3-max (real money) Seat #1 is the button
Seat 1: _SKR (602)
Seat 3: Bestdreamer (298)
*** ANTE/BLINDS ***
_SKR posts small blind 15
Bestdreamer posts big blind 30
Dealt to _SKR [Ac 7s]
*** PRE-FLOP *** 
_SKR raises 572 to 602 and is all-in
Bestdreamer folds
_SKR collected 632 from pot
*** SUMMARY ***
Total pot 632 | No rake
Seat 1: _SKR (small blind) (button) won 632


Winamax Poker - Tournament "Expresso Nitro" buyIn: 1.86€ + 0.14€ level: 2 - HandId: #2698195929629982721-6-1675185134 - Holdem no limit (15/30) - 2023/01/31 17:12:14 UTC
Table: 'Expresso Nitro(628222695)#0' 3-max (real money) Seat #3 is the button
Seat 1: _SKR (632)
Seat 3: Bestdreamer (268)
*** ANTE/BLINDS ***
Bestdreamer posts small blind 15
_SKR posts big blind 30
Dealt to _SKR [3h 2s]
*** PRE-FLOP *** 
Bestdreamer calls 15
_SKR checks
*** FLOP *** [Jd 5d Jh]
_SKR checks
Bestdreamer checks
*** TURN *** [Jd 5d Jh][8c]
_SKR checks
Bestdreamer checks
*** RIVER *** [Jd 5d Jh 8c][Ac]
_SKR checks
Bestdreamer bets 60
_SKR folds
Bestdreamer collected 120 from pot
*** SUMMARY ***
Total pot 120 | No rake
Board: [Jd 5d Jh 8c Ac]
Seat 3: Bestdreamer (small blind) (button) won 120


Winamax Poker - Tournament "Expresso Nitro" buyIn: 1.86€ + 0.14€ level: 2 - HandId: #2698195929629982721-7-1675185159 - Holdem no limit (15/30) - 2023/01/31 17:12:39 UTC
Table: 'Expresso Nitro(628222695)#0' 3-max (real money) Seat #1 is the button
Seat 1: _SKR (602)
Seat 3: Bestdreamer (298)
*** ANTE/BLINDS ***
_SKR posts small blind 15
Bestdreamer posts big blind 30
Dealt to _SKR [4s Ah]
*** PRE-FLOP *** 
_SKR raises 572 to 602 and is all-in
Bestdreamer calls 268 and is all-in
*** FLOP *** [Tc 4d Qs]
*** TURN *** [Tc 4d Qs][Td]
*** RIVER *** [Tc 4d Qs Td][5c]
*** SHOW DOWN ***
Bestdreamer shows [2s Kd] (One pair : Tens)
_SKR shows [4s Ah] (Two pairs : Tens and 4)
_SKR collected 900 from pot
*** SUMMARY ***
Total pot 900 | No rake
Board: [Tc 4d Qs Td 5c]
Seat 1: _SKR (small blind) (button) showed [4s Ah] and won 900 with Two pairs : Tens and 4
Seat 3: Bestdreamer (big blind) showed [2s Kd] and lost with One pair : Tens


