Winamax Poker - Tournament "Expresso Nitro" buyIn: 1.86€ + 0.14€ level: 1 - HandId: #2698177615889432577-1-1675184244 - Holdem no limit (10/20) - 2023/01/31 16:57:24 UTC
Table: 'Expresso Nitro(628218431)#0' 3-max (real money) Seat #2 is the button
Seat 1: Funzy57 (300)
Seat 2: babadouk38 (300)
Seat 3: _SKR (300)
*** ANTE/BLINDS ***
_SKR posts small blind 10
Funzy57 posts big blind 20
Dealt to _SKR [6d 9d]
*** PRE-FLOP *** 
babadouk38 calls 20
_SKR folds
Funzy57 raises 280 to 300 and is all-in
babadouk38 folds
Funzy57 collected 330 from pot
*** SUMMARY ***
Total pot 330 | No rake
Seat 1: Funzy57 (big blind) won 330


Winamax Poker - Tournament "Expresso Nitro" buyIn: 1.86€ + 0.14€ level: 1 - HandId: #2698177615889432577-2-1675184260 - Holdem no limit (10/20) - 2023/01/31 16:57:40 UTC
Table: 'Expresso Nitro(628218431)#0' 3-max (real money) Seat #3 is the button
Seat 1: Funzy57 (330)
Seat 2: babadouk38 (280)
Seat 3: _SKR (290)
*** ANTE/BLINDS ***
Funzy57 posts small blind 10
babadouk38 posts big blind 20
Dealt to _SKR [Ad Ah]
*** PRE-FLOP *** 
_SKR raises 20 to 40
Funzy57 folds
babadouk38 raises 240 to 280 and is all-in
_SKR raises 10 to 290 and is all-in
*** FLOP *** [Jd 6d 8d]
*** TURN *** [Jd 6d 8d][Qc]
*** RIVER *** [Jd 6d 8d Qc][8s]
*** SHOW DOWN ***
babadouk38 shows [As Ks] (One pair : 8)
_SKR shows [Ad Ah] (Two pairs : Aces and 8)
_SKR collected 580 from pot
*** SUMMARY ***
Total pot 580 | No rake
Board: [Jd 6d 8d Qc 8s]
Seat 2: babadouk38 (big blind) showed [As Ks] and lost with One pair : 8
Seat 3: _SKR (button) showed [Ad Ah] and won 580 with Two pairs : Aces and 8


Winamax Poker - Tournament "Expresso Nitro" buyIn: 1.86€ + 0.14€ level: 1 - HandId: #2698177615889432577-3-1675184281 - Holdem no limit (10/20) - 2023/01/31 16:58:01 UTC
Table: 'Expresso Nitro(628218431)#0' 3-max (real money) Seat #3 is the button
Seat 1: Funzy57 (320)
Seat 3: _SKR (580)
*** ANTE/BLINDS ***
_SKR posts small blind 10
Funzy57 posts big blind 20
Dealt to _SKR [3s Ah]
*** PRE-FLOP *** 
_SKR raises 560 to 580 and is all-in
Funzy57 folds
_SKR collected 600 from pot
*** SUMMARY ***
Total pot 600 | No rake
Seat 3: _SKR (small blind) (button) won 600


Winamax Poker - Tournament "Expresso Nitro" buyIn: 1.86€ + 0.14€ level: 1 - HandId: #2698177615889432577-4-1675184287 - Holdem no limit (10/20) - 2023/01/31 16:58:07 UTC
Table: 'Expresso Nitro(628218431)#0' 3-max (real money) Seat #1 is the button
Seat 1: Funzy57 (300)
Seat 3: _SKR (600)
*** ANTE/BLINDS ***
Funzy57 posts small blind 10
_SKR posts big blind 20
Dealt to _SKR [Ac 4s]
*** PRE-FLOP *** 
Funzy57 raises 280 to 300 and is all-in
_SKR calls 280
*** FLOP *** [4h 9h 9s]
*** TURN *** [4h 9h 9s][Ts]
*** RIVER *** [4h 9h 9s Ts][Jc]
*** SHOW DOWN ***
Funzy57 shows [8s As] (One pair : 9)
_SKR shows [Ac 4s] (Two pairs : 9 and 4)
_SKR collected 600 from pot
*** SUMMARY ***
Total pot 600 | No rake
Board: [4h 9h 9s Ts Jc]
Seat 1: Funzy57 (small blind) (button) showed [8s As] and lost with One pair : 9
Seat 3: _SKR (big blind) showed [Ac 4s] and won 600 with Two pairs : 9 and 4


