Winamax Poker - Tournament "Expresso Nitro" buyIn: 0.93€ + 0.07€ level: 1 - HandId: #2729560993460912129-1-1676920132 - Holdem no limit (10/20) - 2023/02/20 19:08:52 UTC
Table: 'Expresso Nitro(635525443)#0' 3-max (real money) Seat #1 is the button
Seat 1: benzizou30 (300)
Seat 2: Jc-nazole84 (300)
Seat 3: _SKR (300)
*** ANTE/BLINDS ***
Jc-nazole84 posts small blind 10
_SKR posts big blind 20
Dealt to _SKR [Qs 8d]
*** PRE-FLOP *** 
benzizou30 folds
Jc-nazole84 calls 10
_SKR checks
*** FLOP *** [Jd Kh Ks]
Jc-nazole84 bets 40
_SKR folds
Jc-nazole84 collected 80 from pot
*** SUMMARY ***
Total pot 80 | No rake
Board: [Jd Kh Ks]
Seat 2: Jc-nazole84 (small blind) won 80


Winamax Poker - Tournament "Expresso Nitro" buyIn: 0.93€ + 0.07€ level: 1 - HandId: #2729560993460912129-2-1676920149 - Holdem no limit (10/20) - 2023/02/20 19:09:09 UTC
Table: 'Expresso Nitro(635525443)#0' 3-max (real money) Seat #2 is the button
Seat 1: benzizou30 (300)
Seat 2: Jc-nazole84 (320)
Seat 3: _SKR (280)
*** ANTE/BLINDS ***
_SKR posts small blind 10
benzizou30 posts big blind 20
Dealt to _SKR [7h 5s]
*** PRE-FLOP *** 
Jc-nazole84 raises 50 to 70
_SKR folds
benzizou30 folds
Jc-nazole84 collected 100 from pot
*** SUMMARY ***
Total pot 100 | No rake
Seat 2: Jc-nazole84 (button) won 100


Winamax Poker - Tournament "Expresso Nitro" buyIn: 0.93€ + 0.07€ level: 1 - HandId: #2729560993460912129-3-1676920167 - Holdem no limit (10/20) - 2023/02/20 19:09:27 UTC
Table: 'Expresso Nitro(635525443)#0' 3-max (real money) Seat #3 is the button
Seat 1: benzizou30 (280)
Seat 2: Jc-nazole84 (350)
Seat 3: _SKR (270)
*** ANTE/BLINDS ***
benzizou30 posts small blind 10
Jc-nazole84 posts big blind 20
Dealt to _SKR [3h 2d]
*** PRE-FLOP *** 
_SKR folds
benzizou30 calls 10
Jc-nazole84 checks
*** FLOP *** [3s Js 2h]
benzizou30 checks
Jc-nazole84 checks
*** TURN *** [3s Js 2h][9c]
benzizou30 checks
Jc-nazole84 bets 40
benzizou30 folds
Jc-nazole84 collected 80 from pot
*** SUMMARY ***
Total pot 80 | No rake
Board: [3s Js 2h 9c]
Seat 2: Jc-nazole84 (big blind) won 80


Winamax Poker - Tournament "Expresso Nitro" buyIn: 0.93€ + 0.07€ level: 1 - HandId: #2729560993460912129-4-1676920186 - Holdem no limit (10/20) - 2023/02/20 19:09:46 UTC
Table: 'Expresso Nitro(635525443)#0' 3-max (real money) Seat #1 is the button
Seat 1: benzizou30 (260)
Seat 2: Jc-nazole84 (370)
Seat 3: _SKR (270)
*** ANTE/BLINDS ***
Jc-nazole84 posts small blind 10
_SKR posts big blind 20
Dealt to _SKR [Jh 6h]
*** PRE-FLOP *** 
benzizou30 calls 20
Jc-nazole84 calls 10
_SKR checks
*** FLOP *** [2s 3d Jd]
Jc-nazole84 checks
_SKR checks
benzizou30 bets 20
Jc-nazole84 calls 20
_SKR calls 20
*** TURN *** [2s 3d Jd][6c]
Jc-nazole84 bets 78
_SKR raises 152 to 230 and is all-in
benzizou30 calls 220 and is all-in
Jc-nazole84 calls 152
*** RIVER *** [2s 3d Jd 6c][Ad]
*** SHOW DOWN ***
Jc-nazole84 shows [6s 2h] (Two pairs : 6 and 2)
benzizou30 shows [4h 5h] (Straight 6 high)
_SKR shows [Jh 6h] (Two pairs : Jacks and 6)
_SKR collected 20 from side pot 1
benzizou30 collected 780 from main pot
*** SUMMARY ***
Total pot 800 | No rake
Board: [2s 3d Jd 6c Ad]
Seat 1: benzizou30 (button) showed [4h 5h] and won 780 with Straight 6 high
Seat 2: Jc-nazole84 (small blind) showed [6s 2h] and lost with Two pairs : 6 and 2
Seat 3: _SKR (big blind) showed [Jh 6h] and won 20 with Two pairs : Jacks and 6


Winamax Poker - Tournament "Expresso Nitro" buyIn: 0.93€ + 0.07€ level: 2 - HandId: #2729560993460912129-5-1676920222 - Holdem no limit (15/30) - 2023/02/20 19:10:22 UTC
Table: 'Expresso Nitro(635525443)#0' 3-max (real money) Seat #2 is the button
Seat 1: benzizou30 (780)
Seat 2: Jc-nazole84 (100)
Seat 3: _SKR (20)
*** ANTE/BLINDS ***
_SKR posts small blind 15
benzizou30 posts big blind 30
Dealt to _SKR [6c 7d]
*** PRE-FLOP *** 
Jc-nazole84 raises 70 to 100 and is all-in
_SKR calls 5 and is all-in
benzizou30 raises 200 to 300
*** FLOP *** [4c 4d Ah]
*** TURN *** [4c 4d Ah][5s]
*** RIVER *** [4c 4d Ah 5s][Kh]
*** SHOW DOWN ***
_SKR shows [6c 7d] (One pair : 4)
benzizou30 shows [7c Qd] (One pair : 4)
Jc-nazole84 shows [As 8s] (Two pairs : Aces and 4)
Jc-nazole84 collected 220 from main pot
benzizou30 collected 200 from side pot 1
*** SUMMARY ***
Total pot 420 | No rake
Board: [4c 4d Ah 5s Kh]
Seat 1: benzizou30 (big blind) showed [7c Qd] and won 200 with One pair : 4
Seat 2: Jc-nazole84 (button) showed [As 8s] and won 220 with Two pairs : Aces and 4
Seat 3: _SKR (small blind) showed [6c 7d] and lost with One pair : 4


