Winamax Poker - Tournament "Expresso Nitro" buyIn: 1.86€ + 0.14€ level: 1 - HandId: #2696594894671052801-1-1675088941 - Holdem no limit (10/20) - 2023/01/30 14:29:01 UTC
Table: 'Expresso Nitro(627849925)#0' 3-max (real money) Seat #3 is the button
Seat 1: Madrigones (300)
Seat 2: Strike Gafas (300)
Seat 3: _SKR (300)
*** ANTE/BLINDS ***
Madrigones posts small blind 10
Strike Gafas posts big blind 20
Dealt to _SKR [Jc 2d]
*** PRE-FLOP *** 
_SKR folds
Madrigones calls 10
Strike Gafas checks
*** FLOP *** [4d Qh 5h]
Madrigones checks
Strike Gafas checks
*** TURN *** [4d Qh 5h][Kc]
Madrigones checks
Strike Gafas bets 20
Madrigones calls 20
*** RIVER *** [4d Qh 5h Kc][Qc]
Madrigones checks
Strike Gafas checks
*** SHOW DOWN ***
Strike Gafas shows [9h 8d] (One pair : Queens)
Madrigones shows [5d Jd] (Two pairs : Queens and 5)
Madrigones collected 80 from pot
*** SUMMARY ***
Total pot 80 | No rake
Board: [4d Qh 5h Kc Qc]
Seat 1: Madrigones (small blind) showed [5d Jd] and won 80 with Two pairs : Queens and 5
Seat 2: Strike Gafas (big blind) showed [9h 8d] and lost with One pair : Queens


Winamax Poker - Tournament "Expresso Nitro" buyIn: 1.86€ + 0.14€ level: 1 - HandId: #2696594894671052801-2-1675088971 - Holdem no limit (10/20) - 2023/01/30 14:29:31 UTC
Table: 'Expresso Nitro(627849925)#0' 3-max (real money) Seat #1 is the button
Seat 1: Madrigones (340)
Seat 2: Strike Gafas (260)
Seat 3: _SKR (300)
*** ANTE/BLINDS ***
Strike Gafas posts small blind 10
_SKR posts big blind 20
Dealt to _SKR [7h 9s]
*** PRE-FLOP *** 
Madrigones folds
Strike Gafas folds
_SKR collected 30 from pot
*** SUMMARY ***
Total pot 30 | No rake
Seat 3: _SKR (big blind) won 30


Winamax Poker - Tournament "Expresso Nitro" buyIn: 1.86€ + 0.14€ level: 1 - HandId: #2696594894671052801-3-1675088975 - Holdem no limit (10/20) - 2023/01/30 14:29:35 UTC
Table: 'Expresso Nitro(627849925)#0' 3-max (real money) Seat #2 is the button
Seat 1: Madrigones (340)
Seat 2: Strike Gafas (250)
Seat 3: _SKR (310)
*** ANTE/BLINDS ***
_SKR posts small blind 10
Madrigones posts big blind 20
Dealt to _SKR [Kc 3c]
*** PRE-FLOP *** 
Strike Gafas raises 20 to 40
_SKR folds
Madrigones folds
Strike Gafas collected 70 from pot
*** SUMMARY ***
Total pot 70 | No rake
Seat 2: Strike Gafas (button) won 70


Winamax Poker - Tournament "Expresso Nitro" buyIn: 1.86€ + 0.14€ level: 1 - HandId: #2696594894671052801-4-1675088989 - Holdem no limit (10/20) - 2023/01/30 14:29:49 UTC
Table: 'Expresso Nitro(627849925)#0' 3-max (real money) Seat #3 is the button
Seat 1: Madrigones (320)
Seat 2: Strike Gafas (280)
Seat 3: _SKR (300)
*** ANTE/BLINDS ***
Madrigones posts small blind 10
Strike Gafas posts big blind 20
Dealt to _SKR [Th 4h]
*** PRE-FLOP *** 
_SKR folds
Madrigones raises 300 to 320 and is all-in
Strike Gafas folds
Madrigones collected 340 from pot
*** SUMMARY ***
Total pot 340 | No rake
Seat 1: Madrigones (small blind) won 340


Winamax Poker - Tournament "Expresso Nitro" buyIn: 1.86€ + 0.14€ level: 1 - HandId: #2696594894671052801-5-1675088996 - Holdem no limit (10/20) - 2023/01/30 14:29:56 UTC
Table: 'Expresso Nitro(627849925)#0' 3-max (real money) Seat #1 is the button
Seat 1: Madrigones (340)
Seat 2: Strike Gafas (260)
Seat 3: _SKR (300)
*** ANTE/BLINDS ***
Strike Gafas posts small blind 10
_SKR posts big blind 20
Dealt to _SKR [Qd As]
*** PRE-FLOP *** 
Madrigones folds
Strike Gafas folds
_SKR collected 30 from pot
*** SUMMARY ***
Total pot 30 | No rake
Seat 3: _SKR (big blind) won 30


Winamax Poker - Tournament "Expresso Nitro" buyIn: 1.86€ + 0.14€ level: 2 - HandId: #2696594894671052801-6-1675089001 - Holdem no limit (15/30) - 2023/01/30 14:30:01 UTC
Table: 'Expresso Nitro(627849925)#0' 3-max (real money) Seat #2 is the button
Seat 1: Madrigones (340)
Seat 2: Strike Gafas (250)
Seat 3: _SKR (310)
*** ANTE/BLINDS ***
_SKR posts small blind 15
Madrigones posts big blind 30
Dealt to _SKR [Th Kc]
*** PRE-FLOP *** 
Strike Gafas folds
_SKR raises 280 to 310 and is all-in
Madrigones folds
_SKR collected 340 from pot
*** SUMMARY ***
Total pot 340 | No rake
Seat 3: _SKR (small blind) won 340


Winamax Poker - Tournament "Expresso Nitro" buyIn: 1.86€ + 0.14€ level: 2 - HandId: #2696594894671052801-7-1675089010 - Holdem no limit (15/30) - 2023/01/30 14:30:10 UTC
Table: 'Expresso Nitro(627849925)#0' 3-max (real money) Seat #3 is the button
Seat 1: Madrigones (310)
Seat 2: Strike Gafas (250)
Seat 3: _SKR (340)
*** ANTE/BLINDS ***
Madrigones posts small blind 15
Strike Gafas posts big blind 30
Dealt to _SKR [Ts 7d]
*** PRE-FLOP *** 
_SKR folds
Madrigones calls 15
Strike Gafas checks
*** FLOP *** [8h 4h 8c]
Madrigones bets 30
Strike Gafas calls 30
*** TURN *** [8h 4h 8c][3h]
Madrigones bets 60
Strike Gafas calls 60
*** RIVER *** [8h 4h 8c 3h][9d]
Madrigones checks
Strike Gafas checks
*** SHOW DOWN ***
Strike Gafas shows [Kh 3d] (Two pairs : 8 and 3)
Madrigones shows [Qd Qs] (Two pairs : Queens and 8)
Madrigones collected 240 from pot
*** SUMMARY ***
Total pot 240 | No rake
Board: [8h 4h 8c 3h 9d]
Seat 1: Madrigones (small blind) showed [Qd Qs] and won 240 with Two pairs : Queens and 8
Seat 2: Strike Gafas (big blind) showed [Kh 3d] and lost with Two pairs : 8 and 3


Winamax Poker - Tournament "Expresso Nitro" buyIn: 1.86€ + 0.14€ level: 2 - HandId: #2696594894671052801-8-1675089037 - Holdem no limit (15/30) - 2023/01/30 14:30:37 UTC
Table: 'Expresso Nitro(627849925)#0' 3-max (real money) Seat #1 is the button
Seat 1: Madrigones (430)
Seat 2: Strike Gafas (130)
Seat 3: _SKR (340)
*** ANTE/BLINDS ***
Strike Gafas posts small blind 15
_SKR posts big blind 30
Dealt to _SKR [4s 8s]
*** PRE-FLOP *** 
Madrigones folds
Strike Gafas folds
_SKR collected 45 from pot
*** SUMMARY ***
Total pot 45 | No rake
Seat 3: _SKR (big blind) won 45


Winamax Poker - Tournament "Expresso Nitro" buyIn: 1.86€ + 0.14€ level: 2 - HandId: #2696594894671052801-9-1675089045 - Holdem no limit (15/30) - 2023/01/30 14:30:45 UTC
Table: 'Expresso Nitro(627849925)#0' 3-max (real money) Seat #2 is the button
Seat 1: Madrigones (430)
Seat 2: Strike Gafas (115)
Seat 3: _SKR (355)
*** ANTE/BLINDS ***
_SKR posts small blind 15
Madrigones posts big blind 30
Dealt to _SKR [5h Jh]
*** PRE-FLOP *** 
Strike Gafas folds
_SKR folds
Madrigones collected 45 from pot
*** SUMMARY ***
Total pot 45 | No rake
Seat 1: Madrigones (big blind) won 45


Winamax Poker - Tournament "Expresso Nitro" buyIn: 1.86€ + 0.14€ level: 2 - HandId: #2696594894671052801-10-1675089051 - Holdem no limit (15/30) - 2023/01/30 14:30:51 UTC
Table: 'Expresso Nitro(627849925)#0' 3-max (real money) Seat #3 is the button
Seat 1: Madrigones (445)
Seat 2: Strike Gafas (115)
Seat 3: _SKR (340)
*** ANTE/BLINDS ***
Madrigones posts small blind 15
Strike Gafas posts big blind 30
Dealt to _SKR [Tc Ad]
*** PRE-FLOP *** 
_SKR raises 310 to 340 and is all-in
Madrigones folds
Strike Gafas folds
_SKR collected 385 from pot
*** SUMMARY ***
Total pot 385 | No rake
Seat 3: _SKR (button) won 385


Winamax Poker - Tournament "Expresso Nitro" buyIn: 1.86€ + 0.14€ level: 3 - HandId: #2696594894671052801-11-1675089061 - Holdem no limit (20/40) - 2023/01/30 14:31:01 UTC
Table: 'Expresso Nitro(627849925)#0' 3-max (real money) Seat #1 is the button
Seat 1: Madrigones (430)
Seat 2: Strike Gafas (85)
Seat 3: _SKR (385)
*** ANTE/BLINDS ***
Strike Gafas posts small blind 20
_SKR posts big blind 40
Dealt to _SKR [6d 8h]
*** PRE-FLOP *** 
Madrigones folds
Strike Gafas folds
_SKR collected 60 from pot
*** SUMMARY ***
Total pot 60 | No rake
Seat 3: _SKR (big blind) won 60


Winamax Poker - Tournament "Expresso Nitro" buyIn: 1.86€ + 0.14€ level: 3 - HandId: #2696594894671052801-12-1675089074 - Holdem no limit (20/40) - 2023/01/30 14:31:14 UTC
Table: 'Expresso Nitro(627849925)#0' 3-max (real money) Seat #2 is the button
Seat 1: Madrigones (430)
Seat 2: Strike Gafas (65)
Seat 3: _SKR (405)
*** ANTE/BLINDS ***
_SKR posts small blind 20
Madrigones posts big blind 40
Dealt to _SKR [7s 6c]
*** PRE-FLOP *** 
Strike Gafas raises 25 to 65 and is all-in
_SKR folds
Madrigones folds
Strike Gafas collected 125 from pot
*** SUMMARY ***
Total pot 125 | No rake
Seat 2: Strike Gafas (button) won 125


Winamax Poker - Tournament "Expresso Nitro" buyIn: 1.86€ + 0.14€ level: 3 - HandId: #2696594894671052801-13-1675089080 - Holdem no limit (20/40) - 2023/01/30 14:31:20 UTC
Table: 'Expresso Nitro(627849925)#0' 3-max (real money) Seat #3 is the button
Seat 1: Madrigones (390)
Seat 2: Strike Gafas (125)
Seat 3: _SKR (385)
*** ANTE/BLINDS ***
Madrigones posts small blind 20
Strike Gafas posts big blind 40
Dealt to _SKR [4h Jh]
*** PRE-FLOP *** 
_SKR folds
Madrigones raises 350 to 390 and is all-in
Strike Gafas folds
Madrigones collected 430 from pot
*** SUMMARY ***
Total pot 430 | No rake
Seat 1: Madrigones (small blind) won 430


Winamax Poker - Tournament "Expresso Nitro" buyIn: 1.86€ + 0.14€ level: 3 - HandId: #2696594894671052801-14-1675089090 - Holdem no limit (20/40) - 2023/01/30 14:31:30 UTC
Table: 'Expresso Nitro(627849925)#0' 3-max (real money) Seat #1 is the button
Seat 1: Madrigones (430)
Seat 2: Strike Gafas (85)
Seat 3: _SKR (385)
*** ANTE/BLINDS ***
Strike Gafas posts small blind 20
_SKR posts big blind 40
Dealt to _SKR [2c Td]
*** PRE-FLOP *** 
Madrigones raises 390 to 430 and is all-in
Strike Gafas folds
_SKR folds
Madrigones collected 490 from pot
*** SUMMARY ***
Total pot 490 | No rake
Seat 1: Madrigones (button) won 490


Winamax Poker - Tournament "Expresso Nitro" buyIn: 1.86€ + 0.14€ level: 3 - HandId: #2696594894671052801-15-1675089100 - Holdem no limit (20/40) - 2023/01/30 14:31:40 UTC
Table: 'Expresso Nitro(627849925)#0' 3-max (real money) Seat #2 is the button
Seat 1: Madrigones (490)
Seat 2: Strike Gafas (65)
Seat 3: _SKR (345)
*** ANTE/BLINDS ***
_SKR posts small blind 20
Madrigones posts big blind 40
Dealt to _SKR [7d 4s]
*** PRE-FLOP *** 
Strike Gafas folds
_SKR folds
Madrigones collected 60 from pot
*** SUMMARY ***
Total pot 60 | No rake
Seat 1: Madrigones (big blind) won 60


Winamax Poker - Tournament "Expresso Nitro" buyIn: 1.86€ + 0.14€ level: 3 - HandId: #2696594894671052801-16-1675089107 - Holdem no limit (20/40) - 2023/01/30 14:31:47 UTC
Table: 'Expresso Nitro(627849925)#0' 3-max (real money) Seat #3 is the button
Seat 1: Madrigones (510)
Seat 2: Strike Gafas (65)
Seat 3: _SKR (325)
*** ANTE/BLINDS ***
Madrigones posts small blind 20
Strike Gafas posts big blind 40
Dealt to _SKR [Kc 8d]
*** PRE-FLOP *** 
_SKR folds
Madrigones raises 40 to 80
Strike Gafas calls 25 and is all-in
*** FLOP *** [7c 4d Kd]
*** TURN *** [7c 4d Kd][Td]
*** RIVER *** [7c 4d Kd Td][9c]
*** SHOW DOWN ***
Strike Gafas shows [Kh Ac] (One pair : Kings)
Madrigones shows [Jd 5d] (Flush King high)
Madrigones collected 145 from pot
*** SUMMARY ***
Total pot 145 | No rake
Board: [7c 4d Kd Td 9c]
Seat 1: Madrigones (small blind) showed [Jd 5d] and won 145 with Flush King high
Seat 2: Strike Gafas (big blind) showed [Kh Ac] and lost with One pair : Kings


Winamax Poker - Tournament "Expresso Nitro" buyIn: 1.86€ + 0.14€ level: 4 - HandId: #2696594894671052801-17-1675089122 - Holdem no limit (30/60) - 2023/01/30 14:32:02 UTC
Table: 'Expresso Nitro(627849925)#0' 3-max (real money) Seat #3 is the button
Seat 1: Madrigones (575)
Seat 3: _SKR (325)
*** ANTE/BLINDS ***
_SKR posts small blind 30
Madrigones posts big blind 60
Dealt to _SKR [Jh 9d]
*** PRE-FLOP *** 
_SKR raises 265 to 325 and is all-in
Madrigones calls 265
*** FLOP *** [Ad 7c 8h]
*** TURN *** [Ad 7c 8h][9h]
*** RIVER *** [Ad 7c 8h 9h][Ah]
*** SHOW DOWN ***
Madrigones shows [6c Kd] (One pair : Aces)
_SKR shows [Jh 9d] (Two pairs : Aces and 9)
_SKR collected 650 from pot
*** SUMMARY ***
Total pot 650 | No rake
Board: [Ad 7c 8h 9h Ah]
Seat 1: Madrigones (big blind) showed [6c Kd] and lost with One pair : Aces
Seat 3: _SKR (small blind) (button) showed [Jh 9d] and won 650 with Two pairs : Aces and 9


Winamax Poker - Tournament "Expresso Nitro" buyIn: 1.86€ + 0.14€ level: 4 - HandId: #2696594894671052801-18-1675089136 - Holdem no limit (30/60) - 2023/01/30 14:32:16 UTC
Table: 'Expresso Nitro(627849925)#0' 3-max (real money) Seat #1 is the button
Seat 1: Madrigones (250)
Seat 3: _SKR (650)
*** ANTE/BLINDS ***
Madrigones posts small blind 30
_SKR posts big blind 60
Dealt to _SKR [Kh As]
*** PRE-FLOP *** 
Madrigones folds
_SKR collected 90 from pot
*** SUMMARY ***
Total pot 90 | No rake
Seat 3: _SKR (big blind) won 90


Winamax Poker - Tournament "Expresso Nitro" buyIn: 1.86€ + 0.14€ level: 4 - HandId: #2696594894671052801-19-1675089139 - Holdem no limit (30/60) - 2023/01/30 14:32:19 UTC
Table: 'Expresso Nitro(627849925)#0' 3-max (real money) Seat #3 is the button
Seat 1: Madrigones (220)
Seat 3: _SKR (680)
*** ANTE/BLINDS ***
_SKR posts small blind 30
Madrigones posts big blind 60
Dealt to _SKR [Ac 9d]
*** PRE-FLOP *** 
_SKR raises 620 to 680 and is all-in
Madrigones folds
_SKR collected 740 from pot
*** SUMMARY ***
Total pot 740 | No rake
Seat 3: _SKR (small blind) (button) won 740


Winamax Poker - Tournament "Expresso Nitro" buyIn: 1.86€ + 0.14€ level: 4 - HandId: #2696594894671052801-20-1675089148 - Holdem no limit (30/60) - 2023/01/30 14:32:28 UTC
Table: 'Expresso Nitro(627849925)#0' 3-max (real money) Seat #1 is the button
Seat 1: Madrigones (160)
Seat 3: _SKR (740)
*** ANTE/BLINDS ***
Madrigones posts small blind 30
_SKR posts big blind 60
Dealt to _SKR [3c 5s]
*** PRE-FLOP *** 
Madrigones folds
_SKR collected 90 from pot
*** SUMMARY ***
Total pot 90 | No rake
Seat 3: _SKR (big blind) won 90


Winamax Poker - Tournament "Expresso Nitro" buyIn: 1.86€ + 0.14€ level: 4 - HandId: #2696594894671052801-21-1675089151 - Holdem no limit (30/60) - 2023/01/30 14:32:31 UTC
Table: 'Expresso Nitro(627849925)#0' 3-max (real money) Seat #3 is the button
Seat 1: Madrigones (130)
Seat 3: _SKR (770)
*** ANTE/BLINDS ***
_SKR posts small blind 30
Madrigones posts big blind 60
Dealt to _SKR [Qc Ks]
*** PRE-FLOP *** 
_SKR raises 710 to 770 and is all-in
Madrigones calls 70 and is all-in
*** FLOP *** [6d 9d Kd]
*** TURN *** [6d 9d Kd][As]
*** RIVER *** [6d 9d Kd As][Ah]
*** SHOW DOWN ***
Madrigones shows [4d Qs] (One pair : Aces)
_SKR shows [Qc Ks] (Two pairs : Aces and Kings)
_SKR collected 900 from pot
*** SUMMARY ***
Total pot 900 | No rake
Board: [6d 9d Kd As Ah]
Seat 1: Madrigones (big blind) showed [4d Qs] and lost with One pair : Aces
Seat 3: _SKR (small blind) (button) showed [Qc Ks] and won 900 with Two pairs : Aces and Kings


