Winamax Poker - Tournament "Expresso Nitro" buyIn: 0.93€ + 0.07€ level: 1 - HandId: #2674134981671911425-1-1673702766 - Holdem no limit (10/20) - 2023/01/14 13:26:06 UTC
Table: 'Expresso Nitro(622620569)#0' 3-max (real money) Seat #3 is the button
Seat 1: Giuseppe92 (300)
Seat 2: philelmoul (300)
Seat 3: _SKR (300)
*** ANTE/BLINDS ***
Giuseppe92 posts small blind 10
philelmoul posts big blind 20
Dealt to _SKR [5d Kc]
*** PRE-FLOP *** 
_SKR folds
Giuseppe92 folds
philelmoul collected 30 from pot
*** SUMMARY ***
Total pot 30 | No rake
Seat 2: philelmoul (big blind) won 30


Winamax Poker - Tournament "Expresso Nitro" buyIn: 0.93€ + 0.07€ level: 1 - HandId: #2674134981671911425-2-1673702773 - Holdem no limit (10/20) - 2023/01/14 13:26:13 UTC
Table: 'Expresso Nitro(622620569)#0' 3-max (real money) Seat #1 is the button
Seat 1: Giuseppe92 (290)
Seat 2: philelmoul (310)
Seat 3: _SKR (300)
*** ANTE/BLINDS ***
philelmoul posts small blind 10
_SKR posts big blind 20
Dealt to _SKR [Qs 2d]
*** PRE-FLOP *** 
Giuseppe92 folds
philelmoul raises 20 to 40
_SKR folds
philelmoul collected 60 from pot
*** SUMMARY ***
Total pot 60 | No rake
Seat 2: philelmoul (small blind) won 60


Winamax Poker - Tournament "Expresso Nitro" buyIn: 0.93€ + 0.07€ level: 1 - HandId: #2674134981671911425-3-1673702783 - Holdem no limit (10/20) - 2023/01/14 13:26:23 UTC
Table: 'Expresso Nitro(622620569)#0' 3-max (real money) Seat #2 is the button
Seat 1: Giuseppe92 (290)
Seat 2: philelmoul (330)
Seat 3: _SKR (280)
*** ANTE/BLINDS ***
_SKR posts small blind 10
Giuseppe92 posts big blind 20
Dealt to _SKR [Jc 7c]
*** PRE-FLOP *** 
philelmoul raises 310 to 330 and is all-in
_SKR folds
Giuseppe92 folds
philelmoul collected 360 from pot
*** SUMMARY ***
Total pot 360 | No rake
Seat 2: philelmoul (button) won 360


Winamax Poker - Tournament "Expresso Nitro" buyIn: 0.93€ + 0.07€ level: 1 - HandId: #2674134981671911425-4-1673702797 - Holdem no limit (10/20) - 2023/01/14 13:26:37 UTC
Table: 'Expresso Nitro(622620569)#0' 3-max (real money) Seat #3 is the button
Seat 1: Giuseppe92 (270)
Seat 2: philelmoul (360)
Seat 3: _SKR (270)
*** ANTE/BLINDS ***
Giuseppe92 posts small blind 10
philelmoul posts big blind 20
Dealt to _SKR [9c 9s]
*** PRE-FLOP *** 
_SKR raises 250 to 270 and is all-in
Giuseppe92 folds
philelmoul folds
_SKR collected 300 from pot
*** SUMMARY ***
Total pot 300 | No rake
Seat 3: _SKR (button) won 300


Winamax Poker - Tournament "Expresso Nitro" buyIn: 0.93€ + 0.07€ level: 1 - HandId: #2674134981671911425-5-1673702805 - Holdem no limit (10/20) - 2023/01/14 13:26:45 UTC
Table: 'Expresso Nitro(622620569)#0' 3-max (real money) Seat #1 is the button
Seat 1: Giuseppe92 (260)
Seat 2: philelmoul (340)
Seat 3: _SKR (300)
*** ANTE/BLINDS ***
philelmoul posts small blind 10
_SKR posts big blind 20
Dealt to _SKR [3h 2c]
*** PRE-FLOP *** 
Giuseppe92 folds
philelmoul calls 10
_SKR checks
*** FLOP *** [Qc 7h Kh]
philelmoul checks
_SKR checks
*** TURN *** [Qc 7h Kh][Qh]
philelmoul checks
_SKR checks
*** RIVER *** [Qc 7h Kh Qh][Ks]
philelmoul checks
_SKR checks
*** SHOW DOWN ***
_SKR shows [3h 2c] (Two pairs : Kings and Queens)
philelmoul shows [5c 8d] (Two pairs : Kings and Queens)
philelmoul collected 40 from pot
*** SUMMARY ***
Total pot 40 | No rake
Board: [Qc 7h Kh Qh Ks]
Seat 2: philelmoul (small blind) showed [5c 8d] and won 40 with Two pairs : Kings and Queens
Seat 3: _SKR (big blind) showed [3h 2c] and lost with Two pairs : Kings and Queens


Winamax Poker - Tournament "Expresso Nitro" buyIn: 0.93€ + 0.07€ level: 2 - HandId: #2674134981671911425-6-1673702842 - Holdem no limit (15/30) - 2023/01/14 13:27:22 UTC
Table: 'Expresso Nitro(622620569)#0' 3-max (real money) Seat #2 is the button
Seat 1: Giuseppe92 (260)
Seat 2: philelmoul (360)
Seat 3: _SKR (280)
*** ANTE/BLINDS ***
_SKR posts small blind 15
Giuseppe92 posts big blind 30
Dealt to _SKR [Kh 7d]
*** PRE-FLOP *** 
philelmoul calls 30
_SKR raises 250 to 280 and is all-in
Giuseppe92 calls 230 and is all-in
philelmoul folds
*** FLOP *** [6h As Qs]
*** TURN *** [6h As Qs][5s]
*** RIVER *** [6h As Qs 5s][9h]
*** SHOW DOWN ***
Giuseppe92 shows [Jc Ah] (One pair : Aces)
_SKR shows [Kh 7d] (High card : Ace)
_SKR collected 20 from side pot 1
Giuseppe92 collected 550 from main pot
*** SUMMARY ***
Total pot 570 | No rake
Board: [6h As Qs 5s 9h]
Seat 1: Giuseppe92 (big blind) showed [Jc Ah] and won 550 with One pair : Aces
Seat 3: _SKR (small blind) showed [Kh 7d] and won 20 with High card : Ace


Winamax Poker - Tournament "Expresso Nitro" buyIn: 0.93€ + 0.07€ level: 2 - HandId: #2674134981671911425-7-1673702866 - Holdem no limit (15/30) - 2023/01/14 13:27:46 UTC
Table: 'Expresso Nitro(622620569)#0' 3-max (real money) Seat #3 is the button
Seat 1: Giuseppe92 (550)
Seat 2: philelmoul (330)
Seat 3: _SKR (20)
*** ANTE/BLINDS ***
Giuseppe92 posts small blind 15
philelmoul posts big blind 30
Dealt to _SKR [5d Tc]
*** PRE-FLOP *** 
_SKR calls 20 and is all-in
Giuseppe92 calls 15
philelmoul checks
*** FLOP *** [3h Qc 9d]
Giuseppe92 checks
philelmoul checks
*** TURN *** [3h Qc 9d][2d]
Giuseppe92 checks
philelmoul checks
*** RIVER *** [3h Qc 9d 2d][6h]
Giuseppe92 checks
philelmoul checks
*** SHOW DOWN ***
philelmoul shows [8c Td] (High card : Queen)
_SKR shows [5d Tc] (High card : Queen)
Giuseppe92 shows [Js 7d] (High card : Queen)
Giuseppe92 collected 80 from pot
*** SUMMARY ***
Total pot 80 | No rake
Board: [3h Qc 9d 2d 6h]
Seat 1: Giuseppe92 (small blind) showed [Js 7d] and won 80 with High card : Queen
Seat 2: philelmoul (big blind) showed [8c Td] and lost with High card : Queen
Seat 3: _SKR (button) showed [5d Tc] and lost with High card : Queen


