Winamax Poker - Tournament "Expresso Nitro" buyIn: 0.93€ + 0.07€ level: 1 - HandId: #2661426289407164417-1-1673012690 - Holdem no limit (10/20) - 2023/01/06 13:44:50 UTC
Table: 'Expresso Nitro(619661596)#0' 3-max (real money) Seat #2 is the button
Seat 1: _SKR (300)
Seat 2: Clarivoyant (300)
Seat 3: 17fonzy17 (300)
*** ANTE/BLINDS ***
17fonzy17 posts small blind 10
_SKR posts big blind 20
Dealt to _SKR [Ad 8s]
*** PRE-FLOP *** 
Clarivoyant folds
17fonzy17 folds
_SKR collected 30 from pot
*** SUMMARY ***
Total pot 30 | No rake
Seat 1: _SKR (big blind) won 30


Winamax Poker - Tournament "Expresso Nitro" buyIn: 0.93€ + 0.07€ level: 1 - HandId: #2661426289407164417-2-1673012694 - Holdem no limit (10/20) - 2023/01/06 13:44:54 UTC
Table: 'Expresso Nitro(619661596)#0' 3-max (real money) Seat #3 is the button
Seat 1: _SKR (310)
Seat 2: Clarivoyant (300)
Seat 3: 17fonzy17 (290)
*** ANTE/BLINDS ***
_SKR posts small blind 10
Clarivoyant posts big blind 20
Dealt to _SKR [9s 3d]
*** PRE-FLOP *** 
17fonzy17 folds
_SKR folds
Clarivoyant collected 30 from pot
*** SUMMARY ***
Total pot 30 | No rake
Seat 2: Clarivoyant (big blind) won 30


Winamax Poker - Tournament "Expresso Nitro" buyIn: 0.93€ + 0.07€ level: 1 - HandId: #2661426289407164417-3-1673012702 - Holdem no limit (10/20) - 2023/01/06 13:45:02 UTC
Table: 'Expresso Nitro(619661596)#0' 3-max (real money) Seat #1 is the button
Seat 1: _SKR (300)
Seat 2: Clarivoyant (310)
Seat 3: 17fonzy17 (290)
*** ANTE/BLINDS ***
Clarivoyant posts small blind 10
17fonzy17 posts big blind 20
Dealt to _SKR [Qd 3d]
*** PRE-FLOP *** 
_SKR folds
Clarivoyant raises 25 to 45
17fonzy17 calls 25
*** FLOP *** [9h 6d 8s]
Clarivoyant checks
17fonzy17 bets 90
Clarivoyant folds
17fonzy17 collected 180 from pot
*** SUMMARY ***
Total pot 180 | No rake
Board: [9h 6d 8s]
Seat 3: 17fonzy17 (big blind) won 180


Winamax Poker - Tournament "Expresso Nitro" buyIn: 0.93€ + 0.07€ level: 1 - HandId: #2661426289407164417-4-1673012719 - Holdem no limit (10/20) - 2023/01/06 13:45:19 UTC
Table: 'Expresso Nitro(619661596)#0' 3-max (real money) Seat #2 is the button
Seat 1: _SKR (300)
Seat 2: Clarivoyant (265)
Seat 3: 17fonzy17 (335)
*** ANTE/BLINDS ***
17fonzy17 posts small blind 10
_SKR posts big blind 20
Dealt to _SKR [3c Jh]
*** PRE-FLOP *** 
Clarivoyant folds
17fonzy17 calls 10
_SKR checks
*** FLOP *** [2c 9c 3s]
17fonzy17 bets 20
_SKR calls 20
*** TURN *** [2c 9c 3s][5s]
17fonzy17 bets 20
_SKR calls 20
*** RIVER *** [2c 9c 3s 5s][Qs]
17fonzy17 bets 20
_SKR calls 20
*** SHOW DOWN ***
_SKR shows [3c Jh] (One pair : 3)
17fonzy17 shows [Qd 3h] (Two pairs : Queens and 3)
17fonzy17 collected 160 from pot
*** SUMMARY ***
Total pot 160 | No rake
Board: [2c 9c 3s 5s Qs]
Seat 1: _SKR (big blind) showed [3c Jh] and lost with One pair : 3
Seat 3: 17fonzy17 (small blind) showed [Qd 3h] and won 160 with Two pairs : Queens and 3


Winamax Poker - Tournament "Expresso Nitro" buyIn: 0.93€ + 0.07€ level: 2 - HandId: #2661426289407164417-5-1673012746 - Holdem no limit (15/30) - 2023/01/06 13:45:46 UTC
Table: 'Expresso Nitro(619661596)#0' 3-max (real money) Seat #3 is the button
Seat 1: _SKR (220)
Seat 2: Clarivoyant (265)
Seat 3: 17fonzy17 (415)
*** ANTE/BLINDS ***
_SKR posts small blind 15
Clarivoyant posts big blind 30
Dealt to _SKR [5c 9d]
*** PRE-FLOP *** 
17fonzy17 raises 75 to 105
_SKR folds
Clarivoyant folds
17fonzy17 collected 150 from pot
*** SUMMARY ***
Total pot 150 | No rake
Seat 3: 17fonzy17 (button) won 150


Winamax Poker - Tournament "Expresso Nitro" buyIn: 0.93€ + 0.07€ level: 2 - HandId: #2661426289407164417-6-1673012759 - Holdem no limit (15/30) - 2023/01/06 13:45:59 UTC
Table: 'Expresso Nitro(619661596)#0' 3-max (real money) Seat #1 is the button
Seat 1: _SKR (205)
Seat 2: Clarivoyant (235)
Seat 3: 17fonzy17 (460)
*** ANTE/BLINDS ***
Clarivoyant posts small blind 15
17fonzy17 posts big blind 30
Dealt to _SKR [Ah Th]
*** PRE-FLOP *** 
_SKR raises 175 to 205 and is all-in
Clarivoyant folds
17fonzy17 folds
_SKR collected 250 from pot
*** SUMMARY ***
Total pot 250 | No rake
Seat 1: _SKR (button) won 250


Winamax Poker - Tournament "Expresso Nitro" buyIn: 0.93€ + 0.07€ level: 2 - HandId: #2661426289407164417-7-1673012765 - Holdem no limit (15/30) - 2023/01/06 13:46:05 UTC
Table: 'Expresso Nitro(619661596)#0' 3-max (real money) Seat #2 is the button
Seat 1: _SKR (250)
Seat 2: Clarivoyant (220)
Seat 3: 17fonzy17 (430)
*** ANTE/BLINDS ***
17fonzy17 posts small blind 15
_SKR posts big blind 30
Dealt to _SKR [9d 5h]
*** PRE-FLOP *** 
Clarivoyant raises 190 to 220 and is all-in
17fonzy17 calls 205
_SKR folds
*** FLOP *** [7d Kd Qc]
*** TURN *** [7d Kd Qc][Kh]
*** RIVER *** [7d Kd Qc Kh][9c]
*** SHOW DOWN ***
17fonzy17 shows [As Tc] (One pair : Kings)
Clarivoyant shows [6c 6s] (Two pairs : Kings and 6)
Clarivoyant collected 470 from pot
*** SUMMARY ***
Total pot 470 | No rake
Board: [7d Kd Qc Kh 9c]
Seat 2: Clarivoyant (button) showed [6c 6s] and won 470 with Two pairs : Kings and 6
Seat 3: 17fonzy17 (small blind) showed [As Tc] and lost with One pair : Kings


Winamax Poker - Tournament "Expresso Nitro" buyIn: 0.93€ + 0.07€ level: 2 - HandId: #2661426289407164417-8-1673012779 - Holdem no limit (15/30) - 2023/01/06 13:46:19 UTC
Table: 'Expresso Nitro(619661596)#0' 3-max (real money) Seat #3 is the button
Seat 1: _SKR (220)
Seat 2: Clarivoyant (470)
Seat 3: 17fonzy17 (210)
*** ANTE/BLINDS ***
_SKR posts small blind 15
Clarivoyant posts big blind 30
Dealt to _SKR [Qh 3c]
*** PRE-FLOP *** 
17fonzy17 raises 180 to 210 and is all-in
_SKR folds
Clarivoyant calls 180
*** FLOP *** [3s Kd Th]
*** TURN *** [3s Kd Th][5c]
*** RIVER *** [3s Kd Th 5c][Qs]
*** SHOW DOWN ***
17fonzy17 shows [4s Ac] (High card : Ace)
Clarivoyant shows [6c 6h] (One pair : 6)
Clarivoyant collected 435 from pot
*** SUMMARY ***
Total pot 435 | No rake
Board: [3s Kd Th 5c Qs]
Seat 2: Clarivoyant (big blind) showed [6c 6h] and won 435 with One pair : 6
Seat 3: 17fonzy17 (button) showed [4s Ac] and lost with High card : Ace


Winamax Poker - Tournament "Expresso Nitro" buyIn: 0.93€ + 0.07€ level: 2 - HandId: #2661426289407164417-9-1673012800 - Holdem no limit (15/30) - 2023/01/06 13:46:40 UTC
Table: 'Expresso Nitro(619661596)#0' 3-max (real money) Seat #2 is the button
Seat 1: _SKR (205)
Seat 2: Clarivoyant (695)
*** ANTE/BLINDS ***
Clarivoyant posts small blind 15
_SKR posts big blind 30
Dealt to _SKR [5h Ah]
*** PRE-FLOP *** 
Clarivoyant raises 665 to 695 and is all-in
_SKR calls 175 and is all-in
*** FLOP *** [8h 2h 5s]
*** TURN *** [8h 2h 5s][Qc]
*** RIVER *** [8h 2h 5s Qc][Js]
*** SHOW DOWN ***
_SKR shows [5h Ah] (One pair : 5)
Clarivoyant shows [As 5c] (One pair : 5)
Clarivoyant collected 695 from side pot 1
_SKR collected 205 from main pot
*** SUMMARY ***
Total pot 900 | No rake
Board: [8h 2h 5s Qc Js]
Seat 1: _SKR (big blind) showed [5h Ah] and won 205 with One pair : 5
Seat 2: Clarivoyant (small blind) (button) showed [As 5c] and won 695 with One pair : 5


Winamax Poker - Tournament "Expresso Nitro" buyIn: 0.93€ + 0.07€ level: 3 - HandId: #2661426289407164417-10-1673012817 - Holdem no limit (20/40) - 2023/01/06 13:46:57 UTC
Table: 'Expresso Nitro(619661596)#0' 3-max (real money) Seat #1 is the button
Seat 1: _SKR (205)
Seat 2: Clarivoyant (695)
*** ANTE/BLINDS ***
_SKR posts small blind 20
Clarivoyant posts big blind 40
Dealt to _SKR [Ts 3c]
*** PRE-FLOP *** 
_SKR folds
Clarivoyant collected 60 from pot
*** SUMMARY ***
Total pot 60 | No rake
Seat 2: Clarivoyant (big blind) won 60


Winamax Poker - Tournament "Expresso Nitro" buyIn: 0.93€ + 0.07€ level: 3 - HandId: #2661426289407164417-11-1673012827 - Holdem no limit (20/40) - 2023/01/06 13:47:07 UTC
Table: 'Expresso Nitro(619661596)#0' 3-max (real money) Seat #2 is the button
Seat 1: _SKR (185)
Seat 2: Clarivoyant (715)
*** ANTE/BLINDS ***
Clarivoyant posts small blind 20
_SKR posts big blind 40
Dealt to _SKR [8d Th]
*** PRE-FLOP *** 
Clarivoyant raises 675 to 715 and is all-in
_SKR folds
Clarivoyant collected 755 from pot
*** SUMMARY ***
Total pot 755 | No rake
Seat 2: Clarivoyant (small blind) (button) won 755


Winamax Poker - Tournament "Expresso Nitro" buyIn: 0.93€ + 0.07€ level: 3 - HandId: #2661426289407164417-12-1673012842 - Holdem no limit (20/40) - 2023/01/06 13:47:22 UTC
Table: 'Expresso Nitro(619661596)#0' 3-max (real money) Seat #1 is the button
Seat 1: _SKR (145)
Seat 2: Clarivoyant (755)
*** ANTE/BLINDS ***
_SKR posts small blind 20
Clarivoyant posts big blind 40
Dealt to _SKR [8h 5d]
*** PRE-FLOP *** 
_SKR folds
Clarivoyant collected 60 from pot
*** SUMMARY ***
Total pot 60 | No rake
Seat 2: Clarivoyant (big blind) won 60


Winamax Poker - Tournament "Expresso Nitro" buyIn: 0.93€ + 0.07€ level: 3 - HandId: #2661426289407164417-13-1673012849 - Holdem no limit (20/40) - 2023/01/06 13:47:29 UTC
Table: 'Expresso Nitro(619661596)#0' 3-max (real money) Seat #2 is the button
Seat 1: _SKR (125)
Seat 2: Clarivoyant (775)
*** ANTE/BLINDS ***
Clarivoyant posts small blind 20
_SKR posts big blind 40
Dealt to _SKR [Tc Jc]
*** PRE-FLOP *** 
Clarivoyant raises 735 to 775 and is all-in
_SKR calls 85 and is all-in
*** FLOP *** [Ah 9s 8c]
*** TURN *** [Ah 9s 8c][4d]
*** RIVER *** [Ah 9s 8c 4d][5d]
*** SHOW DOWN ***
_SKR shows [Tc Jc] (High card : Ace)
Clarivoyant shows [5c Ad] (Two pairs : Aces and 5)
Clarivoyant collected 900 from pot
*** SUMMARY ***
Total pot 900 | No rake
Board: [Ah 9s 8c 4d 5d]
Seat 1: _SKR (big blind) showed [Tc Jc] and lost with High card : Ace
Seat 2: Clarivoyant (small blind) (button) showed [5c Ad] and won 900 with Two pairs : Aces and 5


