Winamax Poker - Tournament "Expresso Nitro" buyIn: 1.86€ + 0.14€ level: 1 - HandId: #2696560208515170305-1-1675087046 - Holdem no limit (10/20) - 2023/01/30 13:57:26 UTC
Table: 'Expresso Nitro(627841849)#0' 3-max (real money) Seat #1 is the button
Seat 1: _SKR (300)
Seat 2: As_tro_nome (300)
Seat 3: pipopaio30 (300)
*** ANTE/BLINDS ***
As_tro_nome posts small blind 10
pipopaio30 posts big blind 20
Dealt to _SKR [5d 4s]
*** PRE-FLOP *** 
_SKR folds
As_tro_nome calls 10
pipopaio30 checks
*** FLOP *** [3d 9h 6h]
As_tro_nome checks
pipopaio30 checks
*** TURN *** [3d 9h 6h][Ah]
As_tro_nome bets 30
pipopaio30 folds
As_tro_nome collected 70 from pot
*** SUMMARY ***
Total pot 70 | No rake
Board: [3d 9h 6h Ah]
Seat 2: As_tro_nome (small blind) won 70


Winamax Poker - Tournament "Expresso Nitro" buyIn: 1.86€ + 0.14€ level: 1 - HandId: #2696560208515170305-2-1675087063 - Holdem no limit (10/20) - 2023/01/30 13:57:43 UTC
Table: 'Expresso Nitro(627841849)#0' 3-max (real money) Seat #2 is the button
Seat 1: _SKR (300)
Seat 2: As_tro_nome (320)
Seat 3: pipopaio30 (280)
*** ANTE/BLINDS ***
pipopaio30 posts small blind 10
_SKR posts big blind 20
Dealt to _SKR [8d Ac]
*** PRE-FLOP *** 
As_tro_nome raises 300 to 320 and is all-in
pipopaio30 folds
_SKR calls 280 and is all-in
*** FLOP *** [7h 6s Qh]
*** TURN *** [7h 6s Qh][As]
*** RIVER *** [7h 6s Qh As][6c]
*** SHOW DOWN ***
_SKR shows [8d Ac] (Two pairs : Aces and 6)
As_tro_nome shows [8h 8c] (Two pairs : 8 and 6)
As_tro_nome collected 20 from side pot 1
_SKR collected 610 from main pot
*** SUMMARY ***
Total pot 630 | No rake
Board: [7h 6s Qh As 6c]
Seat 1: _SKR (big blind) showed [8d Ac] and won 610 with Two pairs : Aces and 6
Seat 2: As_tro_nome (button) showed [8h 8c] and won 20 with Two pairs : 8 and 6


Winamax Poker - Tournament "Expresso Nitro" buyIn: 1.86€ + 0.14€ level: 1 - HandId: #2696560208515170305-3-1675087076 - Holdem no limit (10/20) - 2023/01/30 13:57:56 UTC
Table: 'Expresso Nitro(627841849)#0' 3-max (real money) Seat #3 is the button
Seat 1: _SKR (610)
Seat 2: As_tro_nome (20)
Seat 3: pipopaio30 (270)
*** ANTE/BLINDS ***
_SKR posts small blind 10
As_tro_nome posts big blind 20 and is all-in
Dealt to _SKR [7h 6d]
*** PRE-FLOP *** 
pipopaio30 raises 250 to 270 and is all-in
_SKR folds
*** FLOP *** [7d Ah 2h]
*** TURN *** [7d Ah 2h][Td]
*** RIVER *** [7d Ah 2h Td][Ks]
*** SHOW DOWN ***
As_tro_nome shows [8d 3d] (High card : Ace)
pipopaio30 shows [5c As] (One pair : Aces)
pipopaio30 collected 300 from pot
*** SUMMARY ***
Total pot 300 | No rake
Board: [7d Ah 2h Td Ks]
Seat 2: As_tro_nome (big blind) showed [8d 3d] and lost with High card : Ace
Seat 3: pipopaio30 (button) showed [5c As] and won 300 with One pair : Aces


Winamax Poker - Tournament "Expresso Nitro" buyIn: 1.86€ + 0.14€ level: 1 - HandId: #2696560208515170305-4-1675087096 - Holdem no limit (10/20) - 2023/01/30 13:58:16 UTC
Table: 'Expresso Nitro(627841849)#0' 3-max (real money) Seat #3 is the button
Seat 1: _SKR (600)
Seat 3: pipopaio30 (300)
*** ANTE/BLINDS ***
pipopaio30 posts small blind 10
_SKR posts big blind 20
Dealt to _SKR [Kh Ah]
*** PRE-FLOP *** 
pipopaio30 calls 10
_SKR raises 580 to 600 and is all-in
pipopaio30 folds
_SKR collected 620 from pot
*** SUMMARY ***
Total pot 620 | No rake
Seat 1: _SKR (big blind) won 620


Winamax Poker - Tournament "Expresso Nitro" buyIn: 1.86€ + 0.14€ level: 2 - HandId: #2696560208515170305-5-1675087107 - Holdem no limit (15/30) - 2023/01/30 13:58:27 UTC
Table: 'Expresso Nitro(627841849)#0' 3-max (real money) Seat #1 is the button
Seat 1: _SKR (620)
Seat 3: pipopaio30 (280)
*** ANTE/BLINDS ***
_SKR posts small blind 15
pipopaio30 posts big blind 30
Dealt to _SKR [5c 5s]
*** PRE-FLOP *** 
_SKR raises 590 to 620 and is all-in
pipopaio30 folds
_SKR collected 650 from pot
*** SUMMARY ***
Total pot 650 | No rake
Seat 1: _SKR (small blind) (button) won 650


Winamax Poker - Tournament "Expresso Nitro" buyIn: 1.86€ + 0.14€ level: 2 - HandId: #2696560208515170305-6-1675087112 - Holdem no limit (15/30) - 2023/01/30 13:58:32 UTC
Table: 'Expresso Nitro(627841849)#0' 3-max (real money) Seat #3 is the button
Seat 1: _SKR (650)
Seat 3: pipopaio30 (250)
*** ANTE/BLINDS ***
pipopaio30 posts small blind 15
_SKR posts big blind 30
Dealt to _SKR [8s Jd]
*** PRE-FLOP *** 
pipopaio30 raises 220 to 250 and is all-in
_SKR folds
pipopaio30 collected 280 from pot
*** SUMMARY ***
Total pot 280 | No rake
Seat 3: pipopaio30 (small blind) (button) won 280


Winamax Poker - Tournament "Expresso Nitro" buyIn: 1.86€ + 0.14€ level: 2 - HandId: #2696560208515170305-7-1675087123 - Holdem no limit (15/30) - 2023/01/30 13:58:43 UTC
Table: 'Expresso Nitro(627841849)#0' 3-max (real money) Seat #1 is the button
Seat 1: _SKR (620)
Seat 3: pipopaio30 (280)
*** ANTE/BLINDS ***
_SKR posts small blind 15
pipopaio30 posts big blind 30
Dealt to _SKR [6s Ah]
*** PRE-FLOP *** 
_SKR raises 590 to 620 and is all-in
pipopaio30 calls 250 and is all-in
*** FLOP *** [7s 6c 7h]
*** TURN *** [7s 6c 7h][4s]
*** RIVER *** [7s 6c 7h 4s][Ts]
*** SHOW DOWN ***
pipopaio30 shows [Qh Js] (One pair : 7)
_SKR shows [6s Ah] (Two pairs : 7 and 6)
_SKR collected 900 from pot
*** SUMMARY ***
Total pot 900 | No rake
Board: [7s 6c 7h 4s Ts]
Seat 1: _SKR (small blind) (button) showed [6s Ah] and won 900 with Two pairs : 7 and 6
Seat 3: pipopaio30 (big blind) showed [Qh Js] and lost with One pair : 7


