Winamax Poker - Tournament "Expresso Nitro" buyIn: 1.86€ + 0.14€ level: 1 - HandId: #2677069406407753729-1-1673875688 - Holdem no limit (10/20) - 2023/01/16 13:28:08 UTC
Table: 'Expresso Nitro(623303793)#0' 3-max (real money) Seat #2 is the button
Seat 1: rafinho31 (300)
Seat 2: _SKR (300)
Seat 3: poulette.. (300)
*** ANTE/BLINDS ***
poulette.. posts small blind 10
rafinho31 posts big blind 20
Dealt to _SKR [7c As]
*** PRE-FLOP *** 
_SKR raises 280 to 300 and is all-in
poulette.. calls 290 and is all-in
rafinho31 folds
*** FLOP *** [6d 3s 7s]
*** TURN *** [6d 3s 7s][7d]
*** RIVER *** [6d 3s 7s 7d][5c]
*** SHOW DOWN ***
poulette.. shows [8s 8c] (Two pairs : 8 and 7)
_SKR shows [7c As] (Trips of 7)
_SKR collected 620 from pot
*** SUMMARY ***
Total pot 620 | No rake
Board: [6d 3s 7s 7d 5c]
Seat 2: _SKR (button) showed [7c As] and won 620 with Trips of 7
Seat 3: poulette.. (small blind) showed [8s 8c] and lost with Two pairs : 8 and 7


Winamax Poker - Tournament "Expresso Nitro" buyIn: 1.86€ + 0.14€ level: 1 - HandId: #2677069406407753729-2-1673875713 - Holdem no limit (10/20) - 2023/01/16 13:28:33 UTC
Table: 'Expresso Nitro(623303793)#0' 3-max (real money) Seat #1 is the button
Seat 1: rafinho31 (280)
Seat 2: _SKR (620)
*** ANTE/BLINDS ***
rafinho31 posts small blind 10
_SKR posts big blind 20
Dealt to _SKR [6d Ah]
*** PRE-FLOP *** 
rafinho31 calls 10
_SKR raises 600 to 620 and is all-in
rafinho31 folds
_SKR collected 640 from pot
*** SUMMARY ***
Total pot 640 | No rake
Seat 2: _SKR (big blind) won 640


Winamax Poker - Tournament "Expresso Nitro" buyIn: 1.86€ + 0.14€ level: 1 - HandId: #2677069406407753729-3-1673875725 - Holdem no limit (10/20) - 2023/01/16 13:28:45 UTC
Table: 'Expresso Nitro(623303793)#0' 3-max (real money) Seat #2 is the button
Seat 1: rafinho31 (260)
Seat 2: _SKR (640)
*** ANTE/BLINDS ***
_SKR posts small blind 10
rafinho31 posts big blind 20
Dealt to _SKR [5h 4d]
*** PRE-FLOP *** 
_SKR folds
rafinho31 collected 30 from pot
*** SUMMARY ***
Total pot 30 | No rake
Seat 1: rafinho31 (big blind) won 30


Winamax Poker - Tournament "Expresso Nitro" buyIn: 1.86€ + 0.14€ level: 1 - HandId: #2677069406407753729-4-1673875733 - Holdem no limit (10/20) - 2023/01/16 13:28:53 UTC
Table: 'Expresso Nitro(623303793)#0' 3-max (real money) Seat #1 is the button
Seat 1: rafinho31 (270)
Seat 2: _SKR (630)
*** ANTE/BLINDS ***
rafinho31 posts small blind 10
_SKR posts big blind 20
Dealt to _SKR [7c 9c]
*** PRE-FLOP *** 
rafinho31 calls 10
_SKR checks
*** FLOP *** [6s 5h Tc]
_SKR checks
rafinho31 checks
*** TURN *** [6s 5h Tc][4d]
_SKR checks
rafinho31 checks
*** RIVER *** [6s 5h Tc 4d][5s]
_SKR checks
rafinho31 bets 26
_SKR folds
rafinho31 collected 66 from pot
*** SUMMARY ***
Total pot 66 | No rake
Board: [6s 5h Tc 4d 5s]
Seat 1: rafinho31 (small blind) (button) won 66


Winamax Poker - Tournament "Expresso Nitro" buyIn: 1.86€ + 0.14€ level: 2 - HandId: #2677069406407753729-5-1673875767 - Holdem no limit (15/30) - 2023/01/16 13:29:27 UTC
Table: 'Expresso Nitro(623303793)#0' 3-max (real money) Seat #2 is the button
Seat 1: rafinho31 (290)
Seat 2: _SKR (610)
*** ANTE/BLINDS ***
_SKR posts small blind 15
rafinho31 posts big blind 30
Dealt to _SKR [Ac 8c]
*** PRE-FLOP *** 
_SKR raises 580 to 610 and is all-in
rafinho31 folds
_SKR collected 640 from pot
*** SUMMARY ***
Total pot 640 | No rake
Seat 2: _SKR (small blind) (button) won 640


Winamax Poker - Tournament "Expresso Nitro" buyIn: 1.86€ + 0.14€ level: 2 - HandId: #2677069406407753729-6-1673875772 - Holdem no limit (15/30) - 2023/01/16 13:29:32 UTC
Table: 'Expresso Nitro(623303793)#0' 3-max (real money) Seat #1 is the button
Seat 1: rafinho31 (260)
Seat 2: _SKR (640)
*** ANTE/BLINDS ***
rafinho31 posts small blind 15
_SKR posts big blind 30
Dealt to _SKR [7c 9s]
*** PRE-FLOP *** 
rafinho31 raises 230 to 260 and is all-in
_SKR folds
rafinho31 collected 290 from pot
*** SUMMARY ***
Total pot 290 | No rake
Seat 1: rafinho31 (small blind) (button) won 290


Winamax Poker - Tournament "Expresso Nitro" buyIn: 1.86€ + 0.14€ level: 2 - HandId: #2677069406407753729-7-1673875782 - Holdem no limit (15/30) - 2023/01/16 13:29:42 UTC
Table: 'Expresso Nitro(623303793)#0' 3-max (real money) Seat #2 is the button
Seat 1: rafinho31 (290)
Seat 2: _SKR (610)
*** ANTE/BLINDS ***
_SKR posts small blind 15
rafinho31 posts big blind 30
Dealt to _SKR [8d 2s]
*** PRE-FLOP *** 
_SKR folds
rafinho31 collected 45 from pot
*** SUMMARY ***
Total pot 45 | No rake
Seat 1: rafinho31 (big blind) won 45


Winamax Poker - Tournament "Expresso Nitro" buyIn: 1.86€ + 0.14€ level: 2 - HandId: #2677069406407753729-8-1673875786 - Holdem no limit (15/30) - 2023/01/16 13:29:46 UTC
Table: 'Expresso Nitro(623303793)#0' 3-max (real money) Seat #1 is the button
Seat 1: rafinho31 (305)
Seat 2: _SKR (595)
*** ANTE/BLINDS ***
rafinho31 posts small blind 15
_SKR posts big blind 30
Dealt to _SKR [4d 9d]
*** PRE-FLOP *** 
rafinho31 calls 15
_SKR checks
*** FLOP *** [Ac Qs 6h]
_SKR checks
rafinho31 checks
*** TURN *** [Ac Qs 6h][4c]
_SKR checks
rafinho31 checks
*** RIVER *** [Ac Qs 6h 4c][Ts]
_SKR checks
rafinho31 bets 60
_SKR folds
rafinho31 collected 120 from pot
*** SUMMARY ***
Total pot 120 | No rake
Board: [Ac Qs 6h 4c Ts]
Seat 1: rafinho31 (small blind) (button) won 120


Winamax Poker - Tournament "Expresso Nitro" buyIn: 1.86€ + 0.14€ level: 3 - HandId: #2677069406407753729-9-1673875832 - Holdem no limit (20/40) - 2023/01/16 13:30:32 UTC
Table: 'Expresso Nitro(623303793)#0' 3-max (real money) Seat #2 is the button
Seat 1: rafinho31 (335)
Seat 2: _SKR (565)
*** ANTE/BLINDS ***
_SKR posts small blind 20
rafinho31 posts big blind 40
Dealt to _SKR [Qh As]
*** PRE-FLOP *** 
_SKR raises 525 to 565 and is all-in
rafinho31 folds
_SKR collected 605 from pot
*** SUMMARY ***
Total pot 605 | No rake
Seat 2: _SKR (small blind) (button) won 605


Winamax Poker - Tournament "Expresso Nitro" buyIn: 1.86€ + 0.14€ level: 3 - HandId: #2677069406407753729-10-1673875840 - Holdem no limit (20/40) - 2023/01/16 13:30:40 UTC
Table: 'Expresso Nitro(623303793)#0' 3-max (real money) Seat #1 is the button
Seat 1: rafinho31 (295)
Seat 2: _SKR (605)
*** ANTE/BLINDS ***
rafinho31 posts small blind 20
_SKR posts big blind 40
Dealt to _SKR [8s 3c]
*** PRE-FLOP *** 
rafinho31 folds
_SKR collected 60 from pot
*** SUMMARY ***
Total pot 60 | No rake
Seat 2: _SKR (big blind) won 60


Winamax Poker - Tournament "Expresso Nitro" buyIn: 1.86€ + 0.14€ level: 3 - HandId: #2677069406407753729-11-1673875844 - Holdem no limit (20/40) - 2023/01/16 13:30:44 UTC
Table: 'Expresso Nitro(623303793)#0' 3-max (real money) Seat #2 is the button
Seat 1: rafinho31 (275)
Seat 2: _SKR (625)
*** ANTE/BLINDS ***
_SKR posts small blind 20
rafinho31 posts big blind 40
Dealt to _SKR [4c Qc]
*** PRE-FLOP *** 
_SKR raises 585 to 625 and is all-in
rafinho31 folds
_SKR collected 665 from pot
*** SUMMARY ***
Total pot 665 | No rake
Seat 2: _SKR (small blind) (button) won 665


Winamax Poker - Tournament "Expresso Nitro" buyIn: 1.86€ + 0.14€ level: 3 - HandId: #2677069406407753729-12-1673875853 - Holdem no limit (20/40) - 2023/01/16 13:30:53 UTC
Table: 'Expresso Nitro(623303793)#0' 3-max (real money) Seat #1 is the button
Seat 1: rafinho31 (235)
Seat 2: _SKR (665)
*** ANTE/BLINDS ***
rafinho31 posts small blind 20
_SKR posts big blind 40
Dealt to _SKR [6h Jc]
*** PRE-FLOP *** 
rafinho31 raises 195 to 235 and is all-in
_SKR folds
rafinho31 collected 275 from pot
*** SUMMARY ***
Total pot 275 | No rake
Seat 1: rafinho31 (small blind) (button) won 275


Winamax Poker - Tournament "Expresso Nitro" buyIn: 1.86€ + 0.14€ level: 3 - HandId: #2677069406407753729-13-1673875858 - Holdem no limit (20/40) - 2023/01/16 13:30:58 UTC
Table: 'Expresso Nitro(623303793)#0' 3-max (real money) Seat #2 is the button
Seat 1: rafinho31 (275)
Seat 2: _SKR (625)
*** ANTE/BLINDS ***
_SKR posts small blind 20
rafinho31 posts big blind 40
Dealt to _SKR [Qc Kc]
*** PRE-FLOP *** 
_SKR raises 585 to 625 and is all-in
rafinho31 folds
_SKR collected 665 from pot
*** SUMMARY ***
Total pot 665 | No rake
Seat 2: _SKR (small blind) (button) won 665


Winamax Poker - Tournament "Expresso Nitro" buyIn: 1.86€ + 0.14€ level: 4 - HandId: #2677069406407753729-14-1673875867 - Holdem no limit (30/60) - 2023/01/16 13:31:07 UTC
Table: 'Expresso Nitro(623303793)#0' 3-max (real money) Seat #1 is the button
Seat 1: rafinho31 (235)
Seat 2: _SKR (665)
*** ANTE/BLINDS ***
rafinho31 posts small blind 30
_SKR posts big blind 60
Dealt to _SKR [7d Qc]
*** PRE-FLOP *** 
rafinho31 calls 30
_SKR raises 605 to 665 and is all-in
rafinho31 calls 175 and is all-in
*** FLOP *** [8d Th Js]
*** TURN *** [8d Th Js][2d]
*** RIVER *** [8d Th Js 2d][Ks]
*** SHOW DOWN ***
rafinho31 shows [Tc 7h] (One pair : Tens)
_SKR shows [7d Qc] (High card : King)
_SKR collected 430 from side pot 1
rafinho31 collected 470 from main pot
*** SUMMARY ***
Total pot 900 | No rake
Board: [8d Th Js 2d Ks]
Seat 1: rafinho31 (small blind) (button) showed [Tc 7h] and won 470 with One pair : Tens
Seat 2: _SKR (big blind) showed [7d Qc] and won 430 with High card : King


Winamax Poker - Tournament "Expresso Nitro" buyIn: 1.86€ + 0.14€ level: 4 - HandId: #2677069406407753729-15-1673875888 - Holdem no limit (30/60) - 2023/01/16 13:31:28 UTC
Table: 'Expresso Nitro(623303793)#0' 3-max (real money) Seat #2 is the button
Seat 1: rafinho31 (470)
Seat 2: _SKR (430)
*** ANTE/BLINDS ***
_SKR posts small blind 30
rafinho31 posts big blind 60
Dealt to _SKR [8h 2s]
*** PRE-FLOP *** 
_SKR folds
rafinho31 collected 90 from pot
*** SUMMARY ***
Total pot 90 | No rake
Seat 1: rafinho31 (big blind) won 90


Winamax Poker - Tournament "Expresso Nitro" buyIn: 1.86€ + 0.14€ level: 4 - HandId: #2677069406407753729-16-1673875899 - Holdem no limit (30/60) - 2023/01/16 13:31:39 UTC
Table: 'Expresso Nitro(623303793)#0' 3-max (real money) Seat #1 is the button
Seat 1: rafinho31 (500)
Seat 2: _SKR (400)
*** ANTE/BLINDS ***
rafinho31 posts small blind 30
_SKR posts big blind 60
Dealt to _SKR [5h 7d]
*** PRE-FLOP *** 
rafinho31 folds
_SKR collected 90 from pot
*** SUMMARY ***
Total pot 90 | No rake
Seat 2: _SKR (big blind) won 90


Winamax Poker - Tournament "Expresso Nitro" buyIn: 1.86€ + 0.14€ level: 4 - HandId: #2677069406407753729-17-1673875903 - Holdem no limit (30/60) - 2023/01/16 13:31:43 UTC
Table: 'Expresso Nitro(623303793)#0' 3-max (real money) Seat #2 is the button
Seat 1: rafinho31 (470)
Seat 2: _SKR (430)
*** ANTE/BLINDS ***
_SKR posts small blind 30
rafinho31 posts big blind 60
Dealt to _SKR [Ks 2h]
*** PRE-FLOP *** 
_SKR folds
rafinho31 collected 90 from pot
*** SUMMARY ***
Total pot 90 | No rake
Seat 1: rafinho31 (big blind) won 90


Winamax Poker - Tournament "Expresso Nitro" buyIn: 1.86€ + 0.14€ level: 4 - HandId: #2677069406407753729-18-1673875907 - Holdem no limit (30/60) - 2023/01/16 13:31:47 UTC
Table: 'Expresso Nitro(623303793)#0' 3-max (real money) Seat #1 is the button
Seat 1: rafinho31 (500)
Seat 2: _SKR (400)
*** ANTE/BLINDS ***
rafinho31 posts small blind 30
_SKR posts big blind 60
Dealt to _SKR [9h 6s]
*** PRE-FLOP *** 
rafinho31 raises 440 to 500 and is all-in
_SKR folds
rafinho31 collected 560 from pot
*** SUMMARY ***
Total pot 560 | No rake
Seat 1: rafinho31 (small blind) (button) won 560


Winamax Poker - Tournament "Expresso Nitro" buyIn: 1.86€ + 0.14€ level: 4 - HandId: #2677069406407753729-19-1673875916 - Holdem no limit (30/60) - 2023/01/16 13:31:56 UTC
Table: 'Expresso Nitro(623303793)#0' 3-max (real money) Seat #2 is the button
Seat 1: rafinho31 (560)
Seat 2: _SKR (340)
*** ANTE/BLINDS ***
_SKR posts small blind 30
rafinho31 posts big blind 60
Dealt to _SKR [7s Jd]
*** PRE-FLOP *** 
_SKR folds
rafinho31 collected 90 from pot
*** SUMMARY ***
Total pot 90 | No rake
Seat 1: rafinho31 (big blind) won 90


Winamax Poker - Tournament "Expresso Nitro" buyIn: 1.86€ + 0.14€ level: 4 - HandId: #2677069406407753729-20-1673875921 - Holdem no limit (30/60) - 2023/01/16 13:32:01 UTC
Table: 'Expresso Nitro(623303793)#0' 3-max (real money) Seat #1 is the button
Seat 1: rafinho31 (590)
Seat 2: _SKR (310)
*** ANTE/BLINDS ***
rafinho31 posts small blind 30
_SKR posts big blind 60
Dealt to _SKR [Ts Ad]
*** PRE-FLOP *** 
rafinho31 calls 30
_SKR raises 250 to 310 and is all-in
rafinho31 folds
_SKR collected 370 from pot
*** SUMMARY ***
Total pot 370 | No rake
Seat 2: _SKR (big blind) won 370


Winamax Poker - Tournament "Expresso Nitro" buyIn: 1.86€ + 0.14€ level: 5 - HandId: #2677069406407753729-21-1673875938 - Holdem no limit (40/80) - 2023/01/16 13:32:18 UTC
Table: 'Expresso Nitro(623303793)#0' 3-max (real money) Seat #2 is the button
Seat 1: rafinho31 (530)
Seat 2: _SKR (370)
*** ANTE/BLINDS ***
_SKR posts small blind 40
rafinho31 posts big blind 80
Dealt to _SKR [Ks 8s]
*** PRE-FLOP *** 
_SKR raises 290 to 370 and is all-in
rafinho31 raises 160 to 530 and is all-in
*** FLOP *** [Qs Kd 2s]
*** TURN *** [Qs Kd 2s][Qh]
*** RIVER *** [Qs Kd 2s Qh][Tc]
*** SHOW DOWN ***
rafinho31 shows [Js Jc] (Two pairs : Queens and Jacks)
_SKR shows [Ks 8s] (Two pairs : Kings and Queens)
_SKR collected 740 from main pot
rafinho31 collected 160 from side pot 1
*** SUMMARY ***
Total pot 900 | No rake
Board: [Qs Kd 2s Qh Tc]
Seat 1: rafinho31 (big blind) showed [Js Jc] and won 160 with Two pairs : Queens and Jacks
Seat 2: _SKR (small blind) (button) showed [Ks 8s] and won 740 with Two pairs : Kings and Queens


Winamax Poker - Tournament "Expresso Nitro" buyIn: 1.86€ + 0.14€ level: 5 - HandId: #2677069406407753729-22-1673875950 - Holdem no limit (40/80) - 2023/01/16 13:32:30 UTC
Table: 'Expresso Nitro(623303793)#0' 3-max (real money) Seat #1 is the button
Seat 1: rafinho31 (160)
Seat 2: _SKR (740)
*** ANTE/BLINDS ***
rafinho31 posts small blind 40
_SKR posts big blind 80
Dealt to _SKR [5c Qd]
*** PRE-FLOP *** 
rafinho31 raises 80 to 160 and is all-in
_SKR calls 80
*** FLOP *** [4d Ac 9h]
*** TURN *** [4d Ac 9h][Ad]
*** RIVER *** [4d Ac 9h Ad][As]
*** SHOW DOWN ***
_SKR shows [5c Qd] (Trips of Aces)
rafinho31 shows [Qs 9d] (Full of Aces and 9)
rafinho31 collected 320 from pot
*** SUMMARY ***
Total pot 320 | No rake
Board: [4d Ac 9h Ad As]
Seat 1: rafinho31 (small blind) (button) showed [Qs 9d] and won 320 with Full of Aces and 9
Seat 2: _SKR (big blind) showed [5c Qd] and lost with Trips of Aces


Winamax Poker - Tournament "Expresso Nitro" buyIn: 1.86€ + 0.14€ level: 5 - HandId: #2677069406407753729-23-1673875964 - Holdem no limit (40/80) - 2023/01/16 13:32:44 UTC
Table: 'Expresso Nitro(623303793)#0' 3-max (real money) Seat #2 is the button
Seat 1: rafinho31 (320)
Seat 2: _SKR (580)
*** ANTE/BLINDS ***
_SKR posts small blind 40
rafinho31 posts big blind 80
Dealt to _SKR [Ah 6s]
*** PRE-FLOP *** 
_SKR raises 500 to 580 and is all-in
rafinho31 calls 240 and is all-in
*** FLOP *** [Kd 9s Qc]
*** TURN *** [Kd 9s Qc][Tc]
*** RIVER *** [Kd 9s Qc Tc][Ks]
*** SHOW DOWN ***
rafinho31 shows [3d 3s] (Two pairs : Kings and 3)
_SKR shows [Ah 6s] (One pair : Kings)
_SKR collected 260 from side pot 1
rafinho31 collected 640 from main pot
*** SUMMARY ***
Total pot 900 | No rake
Board: [Kd 9s Qc Tc Ks]
Seat 1: rafinho31 (big blind) showed [3d 3s] and won 640 with Two pairs : Kings and 3
Seat 2: _SKR (small blind) (button) showed [Ah 6s] and won 260 with One pair : Kings


Winamax Poker - Tournament "Expresso Nitro" buyIn: 1.86€ + 0.14€ level: 5 - HandId: #2677069406407753729-24-1673875978 - Holdem no limit (40/80) - 2023/01/16 13:32:58 UTC
Table: 'Expresso Nitro(623303793)#0' 3-max (real money) Seat #1 is the button
Seat 1: rafinho31 (640)
Seat 2: _SKR (260)
*** ANTE/BLINDS ***
rafinho31 posts small blind 40
_SKR posts big blind 80
Dealt to _SKR [3c 2d]
*** PRE-FLOP *** 
rafinho31 folds
_SKR collected 120 from pot
*** SUMMARY ***
Total pot 120 | No rake
Seat 2: _SKR (big blind) won 120


Winamax Poker - Tournament "Expresso Nitro" buyIn: 1.86€ + 0.14€ level: 6 - HandId: #2677069406407753729-25-1673875984 - Holdem no limit (50/100) - 2023/01/16 13:33:04 UTC
Table: 'Expresso Nitro(623303793)#0' 3-max (real money) Seat #2 is the button
Seat 1: rafinho31 (600)
Seat 2: _SKR (300)
*** ANTE/BLINDS ***
_SKR posts small blind 50
rafinho31 posts big blind 100
Dealt to _SKR [9s 7h]
*** PRE-FLOP *** 
_SKR raises 200 to 300 and is all-in
rafinho31 raises 300 to 600 and is all-in
*** FLOP *** [6h 2c 8s]
*** TURN *** [6h 2c 8s][9d]
*** RIVER *** [6h 2c 8s 9d][7s]
*** SHOW DOWN ***
rafinho31 shows [Qc Jc] (High card : Queen)
_SKR shows [9s 7h] (Two pairs : 9 and 7)
_SKR collected 600 from main pot
rafinho31 collected 300 from side pot 1
*** SUMMARY ***
Total pot 900 | No rake
Board: [6h 2c 8s 9d 7s]
Seat 1: rafinho31 (big blind) showed [Qc Jc] and won 300 with High card : Queen
Seat 2: _SKR (small blind) (button) showed [9s 7h] and won 600 with Two pairs : 9 and 7


Winamax Poker - Tournament "Expresso Nitro" buyIn: 1.86€ + 0.14€ level: 6 - HandId: #2677069406407753729-26-1673876008 - Holdem no limit (50/100) - 2023/01/16 13:33:28 UTC
Table: 'Expresso Nitro(623303793)#0' 3-max (real money) Seat #1 is the button
Seat 1: rafinho31 (300)
Seat 2: _SKR (600)
*** ANTE/BLINDS ***
rafinho31 posts small blind 50
_SKR posts big blind 100
Dealt to _SKR [Kd 3c]
*** PRE-FLOP *** 
rafinho31 raises 200 to 300 and is all-in
_SKR calls 200
*** FLOP *** [8d Qs 4s]
*** TURN *** [8d Qs 4s][9h]
*** RIVER *** [8d Qs 4s 9h][9c]
*** SHOW DOWN ***
_SKR shows [Kd 3c] (One pair : 9)
rafinho31 shows [4c As] (Two pairs : 9 and 4)
rafinho31 collected 600 from pot
*** SUMMARY ***
Total pot 600 | No rake
Board: [8d Qs 4s 9h 9c]
Seat 1: rafinho31 (small blind) (button) showed [4c As] and won 600 with Two pairs : 9 and 4
Seat 2: _SKR (big blind) showed [Kd 3c] and lost with One pair : 9


Winamax Poker - Tournament "Expresso Nitro" buyIn: 1.86€ + 0.14€ level: 6 - HandId: #2677069406407753729-27-1673876022 - Holdem no limit (50/100) - 2023/01/16 13:33:42 UTC
Table: 'Expresso Nitro(623303793)#0' 3-max (real money) Seat #2 is the button
Seat 1: rafinho31 (600)
Seat 2: _SKR (300)
*** ANTE/BLINDS ***
_SKR posts small blind 50
rafinho31 posts big blind 100
Dealt to _SKR [Ts 5d]
*** PRE-FLOP *** 
_SKR raises 200 to 300 and is all-in
rafinho31 raises 300 to 600 and is all-in
*** FLOP *** [9h 4s Ks]
*** TURN *** [9h 4s Ks][6s]
*** RIVER *** [9h 4s Ks 6s][5c]
*** SHOW DOWN ***
rafinho31 shows [3h Qd] (High card : King)
_SKR shows [Ts 5d] (One pair : 5)
_SKR collected 600 from main pot
rafinho31 collected 300 from side pot 1
*** SUMMARY ***
Total pot 900 | No rake
Board: [9h 4s Ks 6s 5c]
Seat 1: rafinho31 (big blind) showed [3h Qd] and won 300 with High card : King
Seat 2: _SKR (small blind) (button) showed [Ts 5d] and won 600 with One pair : 5


Winamax Poker - Tournament "Expresso Nitro" buyIn: 1.86€ + 0.14€ level: 6 - HandId: #2677069406407753729-28-1673876034 - Holdem no limit (50/100) - 2023/01/16 13:33:54 UTC
Table: 'Expresso Nitro(623303793)#0' 3-max (real money) Seat #1 is the button
Seat 1: rafinho31 (300)
Seat 2: _SKR (600)
*** ANTE/BLINDS ***
rafinho31 posts small blind 50
_SKR posts big blind 100
Dealt to _SKR [4h Ad]
*** PRE-FLOP *** 
rafinho31 raises 200 to 300 and is all-in
_SKR calls 200
*** FLOP *** [5s As Jc]
*** TURN *** [5s As Jc][Qh]
*** RIVER *** [5s As Jc Qh][7d]
*** SHOW DOWN ***
rafinho31 shows [Kh Jd] (One pair : Jacks)
_SKR shows [4h Ad] (One pair : Aces)
_SKR collected 600 from pot
*** SUMMARY ***
Total pot 600 | No rake
Board: [5s As Jc Qh 7d]
Seat 1: rafinho31 (small blind) (button) showed [Kh Jd] and lost with One pair : Jacks
Seat 2: _SKR (big blind) showed [4h Ad] and won 600 with One pair : Aces


