Winamax Poker - Tournament "Expresso Nitro" buyIn: 1.86€ + 0.14€ level: 1 - HandId: #2696835812271587329-1-1675099986 - Holdem no limit (10/20) - 2023/01/30 17:33:06 UTC
Table: 'Expresso Nitro(627906018)#0' 3-max (real money) Seat #2 is the button
Seat 1: Cedo10141617 (300)
Seat 2: _SKR (300)
Seat 3: orf-jo (300)
*** ANTE/BLINDS ***
orf-jo posts small blind 10
Cedo10141617 posts big blind 20
Dealt to _SKR [Qh Ks]
*** PRE-FLOP *** 
_SKR raises 20 to 40
orf-jo raises 100 to 140
Cedo10141617 folds
_SKR folds
orf-jo collected 200 from pot
*** SUMMARY ***
Total pot 200 | No rake
Seat 3: orf-jo (small blind) won 200


Winamax Poker - Tournament "Expresso Nitro" buyIn: 1.86€ + 0.14€ level: 1 - HandId: #2696835812271587329-2-1675099996 - Holdem no limit (10/20) - 2023/01/30 17:33:16 UTC
Table: 'Expresso Nitro(627906018)#0' 3-max (real money) Seat #3 is the button
Seat 1: Cedo10141617 (280)
Seat 2: _SKR (260)
Seat 3: orf-jo (360)
*** ANTE/BLINDS ***
Cedo10141617 posts small blind 10
_SKR posts big blind 20
Dealt to _SKR [Ks 7h]
*** PRE-FLOP *** 
orf-jo raises 20 to 40
Cedo10141617 folds
_SKR calls 20
*** FLOP *** [Ad 9h Td]
_SKR checks
orf-jo checks
*** TURN *** [Ad 9h Td][2h]
_SKR checks
orf-jo checks
*** RIVER *** [Ad 9h Td 2h][8h]
_SKR checks
orf-jo checks
*** SHOW DOWN ***
orf-jo shows [7s Qs] (High card : Ace)
_SKR shows [Ks 7h] (High card : Ace)
_SKR collected 90 from pot
*** SUMMARY ***
Total pot 90 | No rake
Board: [Ad 9h Td 2h 8h]
Seat 2: _SKR (big blind) showed [Ks 7h] and won 90 with High card : Ace
Seat 3: orf-jo (button) showed [7s Qs] and lost with High card : Ace


Winamax Poker - Tournament "Expresso Nitro" buyIn: 1.86€ + 0.14€ level: 1 - HandId: #2696835812271587329-3-1675100019 - Holdem no limit (10/20) - 2023/01/30 17:33:39 UTC
Table: 'Expresso Nitro(627906018)#0' 3-max (real money) Seat #1 is the button
Seat 1: Cedo10141617 (270)
Seat 2: _SKR (310)
Seat 3: orf-jo (320)
*** ANTE/BLINDS ***
_SKR posts small blind 10
orf-jo posts big blind 20
Dealt to _SKR [7s 7d]
*** PRE-FLOP *** 
Cedo10141617 folds
_SKR raises 290 to 310 and is all-in
orf-jo folds
_SKR collected 330 from pot
*** SUMMARY ***
Total pot 330 | No rake
Seat 2: _SKR (small blind) won 330


Winamax Poker - Tournament "Expresso Nitro" buyIn: 1.86€ + 0.14€ level: 1 - HandId: #2696835812271587329-4-1675100026 - Holdem no limit (10/20) - 2023/01/30 17:33:46 UTC
Table: 'Expresso Nitro(627906018)#0' 3-max (real money) Seat #2 is the button
Seat 1: Cedo10141617 (270)
Seat 2: _SKR (330)
Seat 3: orf-jo (300)
*** ANTE/BLINDS ***
orf-jo posts small blind 10
Cedo10141617 posts big blind 20
Dealt to _SKR [5s 7c]
*** PRE-FLOP *** 
_SKR folds
orf-jo raises 40 to 60
Cedo10141617 calls 40
*** FLOP *** [Qh Qc Jh]
orf-jo checks
Cedo10141617 bets 210 and is all-in
orf-jo folds
Cedo10141617 collected 330 from pot
*** SUMMARY ***
Total pot 330 | No rake
Board: [Qh Qc Jh]
Seat 1: Cedo10141617 (big blind) won 330


Winamax Poker - Tournament "Expresso Nitro" buyIn: 1.86€ + 0.14€ level: 2 - HandId: #2696835812271587329-5-1675100043 - Holdem no limit (15/30) - 2023/01/30 17:34:03 UTC
Table: 'Expresso Nitro(627906018)#0' 3-max (real money) Seat #3 is the button
Seat 1: Cedo10141617 (330)
Seat 2: _SKR (330)
Seat 3: orf-jo (240)
*** ANTE/BLINDS ***
Cedo10141617 posts small blind 15
_SKR posts big blind 30
Dealt to _SKR [Kc 7s]
*** PRE-FLOP *** 
orf-jo folds
Cedo10141617 raises 300 to 330 and is all-in
_SKR folds
Cedo10141617 collected 360 from pot
*** SUMMARY ***
Total pot 360 | No rake
Seat 1: Cedo10141617 (small blind) won 360


Winamax Poker - Tournament "Expresso Nitro" buyIn: 1.86€ + 0.14€ level: 2 - HandId: #2696835812271587329-6-1675100055 - Holdem no limit (15/30) - 2023/01/30 17:34:15 UTC
Table: 'Expresso Nitro(627906018)#0' 3-max (real money) Seat #1 is the button
Seat 1: Cedo10141617 (360)
Seat 2: _SKR (300)
Seat 3: orf-jo (240)
*** ANTE/BLINDS ***
_SKR posts small blind 15
orf-jo posts big blind 30
Dealt to _SKR [3c 5s]
*** PRE-FLOP *** 
Cedo10141617 folds
_SKR folds
orf-jo collected 45 from pot
*** SUMMARY ***
Total pot 45 | No rake
Seat 3: orf-jo (big blind) won 45


Winamax Poker - Tournament "Expresso Nitro" buyIn: 1.86€ + 0.14€ level: 2 - HandId: #2696835812271587329-7-1675100066 - Holdem no limit (15/30) - 2023/01/30 17:34:26 UTC
Table: 'Expresso Nitro(627906018)#0' 3-max (real money) Seat #2 is the button
Seat 1: Cedo10141617 (360)
Seat 2: _SKR (285)
Seat 3: orf-jo (255)
*** ANTE/BLINDS ***
orf-jo posts small blind 15
Cedo10141617 posts big blind 30
Dealt to _SKR [8d Ts]
*** PRE-FLOP *** 
_SKR folds
orf-jo calls 15
Cedo10141617 raises 330 to 360 and is all-in
orf-jo folds
Cedo10141617 collected 390 from pot
*** SUMMARY ***
Total pot 390 | No rake
Seat 1: Cedo10141617 (big blind) won 390


Winamax Poker - Tournament "Expresso Nitro" buyIn: 1.86€ + 0.14€ level: 2 - HandId: #2696835812271587329-8-1675100077 - Holdem no limit (15/30) - 2023/01/30 17:34:37 UTC
Table: 'Expresso Nitro(627906018)#0' 3-max (real money) Seat #3 is the button
Seat 1: Cedo10141617 (390)
Seat 2: _SKR (285)
Seat 3: orf-jo (225)
*** ANTE/BLINDS ***
Cedo10141617 posts small blind 15
_SKR posts big blind 30
Dealt to _SKR [Ks Ac]
*** PRE-FLOP *** 
orf-jo folds
Cedo10141617 calls 15
_SKR raises 45 to 75
Cedo10141617 calls 45
*** FLOP *** [Ad 6d Jd]
Cedo10141617 bets 315 and is all-in
_SKR calls 210 and is all-in
*** TURN *** [Ad 6d Jd][7s]
*** RIVER *** [Ad 6d Jd 7s][8d]
*** SHOW DOWN ***
_SKR shows [Ks Ac] (One pair : Aces)
Cedo10141617 shows [Jh 7c] (Two pairs : Jacks and 7)
Cedo10141617 collected 675 from pot
*** SUMMARY ***
Total pot 675 | No rake
Board: [Ad 6d Jd 7s 8d]
Seat 1: Cedo10141617 (small blind) showed [Jh 7c] and won 675 with Two pairs : Jacks and 7
Seat 2: _SKR (big blind) showed [Ks Ac] and lost with One pair : Aces


