Winamax Poker - Tournament "Expresso Nitro" buyIn: 0.93€ + 0.07€ level: 1 - HandId: #2654427330960687105-1-1672659967 - Holdem no limit (10/20) - 2023/01/02 11:46:07 UTC
Table: 'Expresso Nitro(618032024)#0' 3-max (real money) Seat #1 is the button
Seat 1: Avasan (300)
Seat 2: Ablo330 (300)
Seat 3: _SKR (300)
*** ANTE/BLINDS ***
Ablo330 posts small blind 10
_SKR posts big blind 20
Dealt to _SKR [4c 3s]
*** PRE-FLOP *** 
Avasan raises 20 to 40
Ablo330 raises 100 to 140
_SKR folds
Avasan raises 160 to 300 and is all-in
Ablo330 calls 160 and is all-in
*** FLOP *** [5s 6d 3h]
*** TURN *** [5s 6d 3h][Kd]
*** RIVER *** [5s 6d 3h Kd][9c]
*** SHOW DOWN ***
Ablo330 shows [Qc Qd] (One pair : Queens)
Avasan shows [Ks Kh] (Trips of Kings)
Avasan collected 620 from pot
*** SUMMARY ***
Total pot 620 | No rake
Board: [5s 6d 3h Kd 9c]
Seat 1: Avasan (button) showed [Ks Kh] and won 620 with Trips of Kings
Seat 2: Ablo330 (small blind) showed [Qc Qd] and lost with One pair : Queens


Winamax Poker - Tournament "Expresso Nitro" buyIn: 0.93€ + 0.07€ level: 1 - HandId: #2654427330960687105-2-1672659990 - Holdem no limit (10/20) - 2023/01/02 11:46:30 UTC
Table: 'Expresso Nitro(618032024)#0' 3-max (real money) Seat #3 is the button
Seat 1: Avasan (620)
Seat 3: _SKR (280)
*** ANTE/BLINDS ***
_SKR posts small blind 10
Avasan posts big blind 20
Dealt to _SKR [Qd 2c]
*** PRE-FLOP *** 
_SKR folds
Avasan collected 30 from pot
*** SUMMARY ***
Total pot 30 | No rake
Seat 1: Avasan (big blind) won 30


Winamax Poker - Tournament "Expresso Nitro" buyIn: 0.93€ + 0.07€ level: 1 - HandId: #2654427330960687105-3-1672659996 - Holdem no limit (10/20) - 2023/01/02 11:46:36 UTC
Table: 'Expresso Nitro(618032024)#0' 3-max (real money) Seat #1 is the button
Seat 1: Avasan (630)
Seat 3: _SKR (270)
*** ANTE/BLINDS ***
Avasan posts small blind 10
_SKR posts big blind 20
Dealt to _SKR [5c 5s]
*** PRE-FLOP *** 
Avasan folds
_SKR collected 30 from pot
*** SUMMARY ***
Total pot 30 | No rake
Seat 3: _SKR (big blind) won 30


Winamax Poker - Tournament "Expresso Nitro" buyIn: 0.93€ + 0.07€ level: 1 - HandId: #2654427330960687105-4-1672660000 - Holdem no limit (10/20) - 2023/01/02 11:46:40 UTC
Table: 'Expresso Nitro(618032024)#0' 3-max (real money) Seat #3 is the button
Seat 1: Avasan (620)
Seat 3: _SKR (280)
*** ANTE/BLINDS ***
_SKR posts small blind 10
Avasan posts big blind 20
Dealt to _SKR [Ac 8h]
*** PRE-FLOP *** 
_SKR raises 260 to 280 and is all-in
Avasan folds
_SKR collected 300 from pot
*** SUMMARY ***
Total pot 300 | No rake
Seat 3: _SKR (small blind) (button) won 300


Winamax Poker - Tournament "Expresso Nitro" buyIn: 0.93€ + 0.07€ level: 1 - HandId: #2654427330960687105-5-1672660015 - Holdem no limit (10/20) - 2023/01/02 11:46:55 UTC
Table: 'Expresso Nitro(618032024)#0' 3-max (real money) Seat #1 is the button
Seat 1: Avasan (600)
Seat 3: _SKR (300)
*** ANTE/BLINDS ***
Avasan posts small blind 10
_SKR posts big blind 20
Dealt to _SKR [2d 5c]
*** PRE-FLOP *** 
Avasan folds
_SKR collected 30 from pot
*** SUMMARY ***
Total pot 30 | No rake
Seat 3: _SKR (big blind) won 30


Winamax Poker - Tournament "Expresso Nitro" buyIn: 0.93€ + 0.07€ level: 1 - HandId: #2654427330960687105-6-1672660023 - Holdem no limit (10/20) - 2023/01/02 11:47:03 UTC
Table: 'Expresso Nitro(618032024)#0' 3-max (real money) Seat #3 is the button
Seat 1: Avasan (590)
Seat 3: _SKR (310)
*** ANTE/BLINDS ***
_SKR posts small blind 10
Avasan posts big blind 20
Dealt to _SKR [Ad 7s]
*** PRE-FLOP *** 
_SKR raises 20 to 40
Avasan folds
_SKR collected 60 from pot
*** SUMMARY ***
Total pot 60 | No rake
Seat 3: _SKR (small blind) (button) won 60


Winamax Poker - Tournament "Expresso Nitro" buyIn: 0.93€ + 0.07€ level: 2 - HandId: #2654427330960687105-7-1672660033 - Holdem no limit (15/30) - 2023/01/02 11:47:13 UTC
Table: 'Expresso Nitro(618032024)#0' 3-max (real money) Seat #1 is the button
Seat 1: Avasan (570)
Seat 3: _SKR (330)
*** ANTE/BLINDS ***
Avasan posts small blind 15
_SKR posts big blind 30
Dealt to _SKR [3h 7s]
*** PRE-FLOP *** 
Avasan folds
_SKR collected 45 from pot
*** SUMMARY ***
Total pot 45 | No rake
Seat 3: _SKR (big blind) won 45


Winamax Poker - Tournament "Expresso Nitro" buyIn: 0.93€ + 0.07€ level: 2 - HandId: #2654427330960687105-8-1672660046 - Holdem no limit (15/30) - 2023/01/02 11:47:26 UTC
Table: 'Expresso Nitro(618032024)#0' 3-max (real money) Seat #3 is the button
Seat 1: Avasan (555)
Seat 3: _SKR (345)
*** ANTE/BLINDS ***
_SKR posts small blind 15
Avasan posts big blind 30
Dealt to _SKR [Qd 6c]
*** PRE-FLOP *** 
_SKR calls 15
Avasan checks
*** FLOP *** [6h Td Ts]
Avasan checks
_SKR bets 30
Avasan folds
_SKR collected 90 from pot
*** SUMMARY ***
Total pot 90 | No rake
Board: [6h Td Ts]
Seat 3: _SKR (small blind) (button) won 90


Winamax Poker - Tournament "Expresso Nitro" buyIn: 0.93€ + 0.07€ level: 2 - HandId: #2654427330960687105-9-1672660071 - Holdem no limit (15/30) - 2023/01/02 11:47:51 UTC
Table: 'Expresso Nitro(618032024)#0' 3-max (real money) Seat #1 is the button
Seat 1: Avasan (525)
Seat 3: _SKR (375)
*** ANTE/BLINDS ***
Avasan posts small blind 15
_SKR posts big blind 30
Dealt to _SKR [Qd 9d]
*** PRE-FLOP *** 
Avasan folds
_SKR collected 45 from pot
*** SUMMARY ***
Total pot 45 | No rake
Seat 3: _SKR (big blind) won 45


Winamax Poker - Tournament "Expresso Nitro" buyIn: 0.93€ + 0.07€ level: 2 - HandId: #2654427330960687105-10-1672660075 - Holdem no limit (15/30) - 2023/01/02 11:47:55 UTC
Table: 'Expresso Nitro(618032024)#0' 3-max (real money) Seat #3 is the button
Seat 1: Avasan (510)
Seat 3: _SKR (390)
*** ANTE/BLINDS ***
_SKR posts small blind 15
Avasan posts big blind 30
Dealt to _SKR [Jc 9h]
*** PRE-FLOP *** 
_SKR calls 15
Avasan checks
*** FLOP *** [4d 8d Jh]
Avasan checks
_SKR bets 30
Avasan folds
_SKR collected 90 from pot
*** SUMMARY ***
Total pot 90 | No rake
Board: [4d 8d Jh]
Seat 3: _SKR (small blind) (button) won 90


Winamax Poker - Tournament "Expresso Nitro" buyIn: 0.93€ + 0.07€ level: 3 - HandId: #2654427330960687105-11-1672660108 - Holdem no limit (20/40) - 2023/01/02 11:48:28 UTC
Table: 'Expresso Nitro(618032024)#0' 3-max (real money) Seat #1 is the button
Seat 1: Avasan (480)
Seat 3: _SKR (420)
*** ANTE/BLINDS ***
Avasan posts small blind 20
_SKR posts big blind 40
Dealt to _SKR [Ac 9s]
*** PRE-FLOP *** 
Avasan folds
_SKR collected 60 from pot
*** SUMMARY ***
Total pot 60 | No rake
Seat 3: _SKR (big blind) won 60


Winamax Poker - Tournament "Expresso Nitro" buyIn: 0.93€ + 0.07€ level: 3 - HandId: #2654427330960687105-12-1672660121 - Holdem no limit (20/40) - 2023/01/02 11:48:41 UTC
Table: 'Expresso Nitro(618032024)#0' 3-max (real money) Seat #3 is the button
Seat 1: Avasan (460)
Seat 3: _SKR (440)
*** ANTE/BLINDS ***
_SKR posts small blind 20
Avasan posts big blind 40
Dealt to _SKR [3h 2c]
*** PRE-FLOP *** 
_SKR folds
Avasan collected 60 from pot
*** SUMMARY ***
Total pot 60 | No rake
Seat 1: Avasan (big blind) won 60


Winamax Poker - Tournament "Expresso Nitro" buyIn: 0.93€ + 0.07€ level: 3 - HandId: #2654427330960687105-13-1672660126 - Holdem no limit (20/40) - 2023/01/02 11:48:46 UTC
Table: 'Expresso Nitro(618032024)#0' 3-max (real money) Seat #1 is the button
Seat 1: Avasan (480)
Seat 3: _SKR (420)
*** ANTE/BLINDS ***
Avasan posts small blind 20
_SKR posts big blind 40
Dealt to _SKR [4d 3c]
*** PRE-FLOP *** 
Avasan raises 40 to 80
_SKR folds
Avasan collected 120 from pot
*** SUMMARY ***
Total pot 120 | No rake
Seat 1: Avasan (small blind) (button) won 120


Winamax Poker - Tournament "Expresso Nitro" buyIn: 0.93€ + 0.07€ level: 3 - HandId: #2654427330960687105-14-1672660132 - Holdem no limit (20/40) - 2023/01/02 11:48:52 UTC
Table: 'Expresso Nitro(618032024)#0' 3-max (real money) Seat #3 is the button
Seat 1: Avasan (520)
Seat 3: _SKR (380)
*** ANTE/BLINDS ***
_SKR posts small blind 20
Avasan posts big blind 40
Dealt to _SKR [3s 9c]
*** PRE-FLOP *** 
_SKR folds
Avasan collected 60 from pot
*** SUMMARY ***
Total pot 60 | No rake
Seat 1: Avasan (big blind) won 60


Winamax Poker - Tournament "Expresso Nitro" buyIn: 0.93€ + 0.07€ level: 3 - HandId: #2654427330960687105-15-1672660141 - Holdem no limit (20/40) - 2023/01/02 11:49:01 UTC
Table: 'Expresso Nitro(618032024)#0' 3-max (real money) Seat #1 is the button
Seat 1: Avasan (540)
Seat 3: _SKR (360)
*** ANTE/BLINDS ***
Avasan posts small blind 20
_SKR posts big blind 40
Dealt to _SKR [5c Qs]
*** PRE-FLOP *** 
Avasan folds
_SKR collected 60 from pot
*** SUMMARY ***
Total pot 60 | No rake
Seat 3: _SKR (big blind) won 60


Winamax Poker - Tournament "Expresso Nitro" buyIn: 0.93€ + 0.07€ level: 4 - HandId: #2654427330960687105-16-1672660148 - Holdem no limit (30/60) - 2023/01/02 11:49:08 UTC
Table: 'Expresso Nitro(618032024)#0' 3-max (real money) Seat #3 is the button
Seat 1: Avasan (520)
Seat 3: _SKR (380)
*** ANTE/BLINDS ***
_SKR posts small blind 30
Avasan posts big blind 60
Dealt to _SKR [9s Th]
*** PRE-FLOP *** 
_SKR raises 320 to 380 and is all-in
Avasan calls 320
*** FLOP *** [4h 6c Qd]
*** TURN *** [4h 6c Qd][8c]
*** RIVER *** [4h 6c Qd 8c][6h]
*** SHOW DOWN ***
_SKR shows [9s Th] (One pair : 6)
Avasan shows [Tc Qs] (Two pairs : Queens and 6)
Avasan collected 760 from pot
*** SUMMARY ***
Total pot 760 | No rake
Board: [4h 6c Qd 8c 6h]
Seat 1: Avasan (big blind) showed [Tc Qs] and won 760 with Two pairs : Queens and 6
Seat 3: _SKR (small blind) (button) showed [9s Th] and lost with One pair : 6


