Winamax Poker - Tournament "Expresso Nitro" buyIn: 0.93€ + 0.07€ level: 1 - HandId: #2689880026836369409-1-1674657329 - Holdem no limit (10/20) - 2023/01/25 14:35:29 UTC
Table: 'Expresso Nitro(626286498)#0' 3-max (real money) Seat #1 is the button
Seat 1: vanou1612 (300)
Seat 2: _SKR (300)
Seat 3: T3AM W1NS (300)
*** ANTE/BLINDS ***
_SKR posts small blind 10
T3AM W1NS posts big blind 20
Dealt to _SKR [6c Ts]
*** PRE-FLOP *** 
vanou1612 raises 280 to 300 and is all-in
_SKR folds
T3AM W1NS calls 280 and is all-in
*** FLOP *** [2d 7c Ah]
*** TURN *** [2d 7c Ah][5h]
*** RIVER *** [2d 7c Ah 5h][Qd]
*** SHOW DOWN ***
vanou1612 shows [As 4h] (One pair : Aces)
T3AM W1NS shows [5s 5c] (Trips of 5)
T3AM W1NS collected 610 from pot
*** SUMMARY ***
Total pot 610 | No rake
Board: [2d 7c Ah 5h Qd]
Seat 1: vanou1612 (button) showed [As 4h] and lost with One pair : Aces
Seat 3: T3AM W1NS (big blind) showed [5s 5c] and won 610 with Trips of 5


Winamax Poker - Tournament "Expresso Nitro" buyIn: 0.93€ + 0.07€ level: 1 - HandId: #2689880026836369409-2-1674657344 - Holdem no limit (10/20) - 2023/01/25 14:35:44 UTC
Table: 'Expresso Nitro(626286498)#0' 3-max (real money) Seat #3 is the button
Seat 2: _SKR (290)
Seat 3: T3AM W1NS (610)
*** ANTE/BLINDS ***
T3AM W1NS posts small blind 10
_SKR posts big blind 20
Dealt to _SKR [8c 7d]
*** PRE-FLOP *** 
T3AM W1NS raises 590 to 610 and is all-in
_SKR folds
T3AM W1NS collected 630 from pot
*** SUMMARY ***
Total pot 630 | No rake
Seat 3: T3AM W1NS (small blind) (button) won 630


Winamax Poker - Tournament "Expresso Nitro" buyIn: 0.93€ + 0.07€ level: 1 - HandId: #2689880026836369409-3-1674657349 - Holdem no limit (10/20) - 2023/01/25 14:35:49 UTC
Table: 'Expresso Nitro(626286498)#0' 3-max (real money) Seat #2 is the button
Seat 2: _SKR (270)
Seat 3: T3AM W1NS (630)
*** ANTE/BLINDS ***
_SKR posts small blind 10
T3AM W1NS posts big blind 20
Dealt to _SKR [Js 3c]
*** PRE-FLOP *** 
_SKR folds
T3AM W1NS collected 30 from pot
*** SUMMARY ***
Total pot 30 | No rake
Seat 3: T3AM W1NS (big blind) won 30


Winamax Poker - Tournament "Expresso Nitro" buyIn: 0.93€ + 0.07€ level: 1 - HandId: #2689880026836369409-4-1674657353 - Holdem no limit (10/20) - 2023/01/25 14:35:53 UTC
Table: 'Expresso Nitro(626286498)#0' 3-max (real money) Seat #3 is the button
Seat 2: _SKR (260)
Seat 3: T3AM W1NS (640)
*** ANTE/BLINDS ***
T3AM W1NS posts small blind 10
_SKR posts big blind 20
Dealt to _SKR [3s Qh]
*** PRE-FLOP *** 
T3AM W1NS raises 20 to 40
_SKR folds
T3AM W1NS collected 60 from pot
*** SUMMARY ***
Total pot 60 | No rake
Seat 3: T3AM W1NS (small blind) (button) won 60


Winamax Poker - Tournament "Expresso Nitro" buyIn: 0.93€ + 0.07€ level: 1 - HandId: #2689880026836369409-5-1674657360 - Holdem no limit (10/20) - 2023/01/25 14:36:00 UTC
Table: 'Expresso Nitro(626286498)#0' 3-max (real money) Seat #2 is the button
Seat 2: _SKR (240)
Seat 3: T3AM W1NS (660)
*** ANTE/BLINDS ***
_SKR posts small blind 10
T3AM W1NS posts big blind 20
Dealt to _SKR [As 7d]
*** PRE-FLOP *** 
_SKR raises 220 to 240 and is all-in
T3AM W1NS folds
_SKR collected 260 from pot
*** SUMMARY ***
Total pot 260 | No rake
Seat 2: _SKR (small blind) (button) won 260


Winamax Poker - Tournament "Expresso Nitro" buyIn: 0.93€ + 0.07€ level: 1 - HandId: #2689880026836369409-6-1674657371 - Holdem no limit (10/20) - 2023/01/25 14:36:11 UTC
Table: 'Expresso Nitro(626286498)#0' 3-max (real money) Seat #3 is the button
Seat 2: _SKR (260)
Seat 3: T3AM W1NS (640)
*** ANTE/BLINDS ***
T3AM W1NS posts small blind 10
_SKR posts big blind 20
Dealt to _SKR [3h Jh]
*** PRE-FLOP *** 
T3AM W1NS raises 20 to 40
_SKR calls 20
*** FLOP *** [3s 5s 5c]
_SKR checks
T3AM W1NS checks
*** TURN *** [3s 5s 5c][6d]
_SKR checks
T3AM W1NS bets 28
_SKR calls 28
*** RIVER *** [3s 5s 5c 6d][7h]
_SKR checks
T3AM W1NS bets 48
_SKR calls 48
*** SHOW DOWN ***
_SKR shows [3h Jh] (Two pairs : 5 and 3)
T3AM W1NS shows [5d Qs] (Trips of 5)
T3AM W1NS collected 232 from pot
*** SUMMARY ***
Total pot 232 | No rake
Board: [3s 5s 5c 6d 7h]
Seat 2: _SKR (big blind) showed [3h Jh] and lost with Two pairs : 5 and 3
Seat 3: T3AM W1NS (small blind) (button) showed [5d Qs] and won 232 with Trips of 5


Winamax Poker - Tournament "Expresso Nitro" buyIn: 0.93€ + 0.07€ level: 2 - HandId: #2689880026836369409-7-1674657416 - Holdem no limit (15/30) - 2023/01/25 14:36:56 UTC
Table: 'Expresso Nitro(626286498)#0' 3-max (real money) Seat #2 is the button
Seat 2: _SKR (144)
Seat 3: T3AM W1NS (756)
*** ANTE/BLINDS ***
_SKR posts small blind 15
T3AM W1NS posts big blind 30
Dealt to _SKR [6s Td]
*** PRE-FLOP *** 
_SKR folds
T3AM W1NS collected 45 from pot
*** SUMMARY ***
Total pot 45 | No rake
Seat 3: T3AM W1NS (big blind) won 45


Winamax Poker - Tournament "Expresso Nitro" buyIn: 0.93€ + 0.07€ level: 2 - HandId: #2689880026836369409-8-1674657420 - Holdem no limit (15/30) - 2023/01/25 14:37:00 UTC
Table: 'Expresso Nitro(626286498)#0' 3-max (real money) Seat #3 is the button
Seat 2: _SKR (129)
Seat 3: T3AM W1NS (771)
*** ANTE/BLINDS ***
T3AM W1NS posts small blind 15
_SKR posts big blind 30
Dealt to _SKR [Td 6d]
*** PRE-FLOP *** 
T3AM W1NS raises 45 to 75
_SKR raises 54 to 129 and is all-in
T3AM W1NS calls 54
*** FLOP *** [6s 2s 7h]
*** TURN *** [6s 2s 7h][Ah]
*** RIVER *** [6s 2s 7h Ah][Tc]
*** SHOW DOWN ***
T3AM W1NS shows [7s Qc] (One pair : 7)
_SKR shows [Td 6d] (Two pairs : Tens and 6)
_SKR collected 258 from pot
*** SUMMARY ***
Total pot 258 | No rake
Board: [6s 2s 7h Ah Tc]
Seat 2: _SKR (big blind) showed [Td 6d] and won 258 with Two pairs : Tens and 6
Seat 3: T3AM W1NS (small blind) (button) showed [7s Qc] and lost with One pair : 7


Winamax Poker - Tournament "Expresso Nitro" buyIn: 0.93€ + 0.07€ level: 2 - HandId: #2689880026836369409-9-1674657434 - Holdem no limit (15/30) - 2023/01/25 14:37:14 UTC
Table: 'Expresso Nitro(626286498)#0' 3-max (real money) Seat #2 is the button
Seat 2: _SKR (258)
Seat 3: T3AM W1NS (642)
*** ANTE/BLINDS ***
_SKR posts small blind 15
T3AM W1NS posts big blind 30
Dealt to _SKR [3s 5d]
*** PRE-FLOP *** 
_SKR folds
T3AM W1NS collected 45 from pot
*** SUMMARY ***
Total pot 45 | No rake
Seat 3: T3AM W1NS (big blind) won 45


Winamax Poker - Tournament "Expresso Nitro" buyIn: 0.93€ + 0.07€ level: 2 - HandId: #2689880026836369409-10-1674657439 - Holdem no limit (15/30) - 2023/01/25 14:37:19 UTC
Table: 'Expresso Nitro(626286498)#0' 3-max (real money) Seat #3 is the button
Seat 2: _SKR (243)
Seat 3: T3AM W1NS (657)
*** ANTE/BLINDS ***
T3AM W1NS posts small blind 15
_SKR posts big blind 30
Dealt to _SKR [7h 3h]
*** PRE-FLOP *** 
T3AM W1NS raises 30 to 60
_SKR folds
T3AM W1NS collected 90 from pot
*** SUMMARY ***
Total pot 90 | No rake
Seat 3: T3AM W1NS (small blind) (button) won 90


Winamax Poker - Tournament "Expresso Nitro" buyIn: 0.93€ + 0.07€ level: 2 - HandId: #2689880026836369409-11-1674657443 - Holdem no limit (15/30) - 2023/01/25 14:37:23 UTC
Table: 'Expresso Nitro(626286498)#0' 3-max (real money) Seat #2 is the button
Seat 2: _SKR (213)
Seat 3: T3AM W1NS (687)
*** ANTE/BLINDS ***
_SKR posts small blind 15
T3AM W1NS posts big blind 30
Dealt to _SKR [4h 9h]
*** PRE-FLOP *** 
_SKR folds
T3AM W1NS collected 45 from pot
*** SUMMARY ***
Total pot 45 | No rake
Seat 3: T3AM W1NS (big blind) won 45


Winamax Poker - Tournament "Expresso Nitro" buyIn: 0.93€ + 0.07€ level: 3 - HandId: #2689880026836369409-12-1674657449 - Holdem no limit (20/40) - 2023/01/25 14:37:29 UTC
Table: 'Expresso Nitro(626286498)#0' 3-max (real money) Seat #3 is the button
Seat 2: _SKR (198)
Seat 3: T3AM W1NS (702)
*** ANTE/BLINDS ***
T3AM W1NS posts small blind 20
_SKR posts big blind 40
Dealt to _SKR [Kh Ts]
*** PRE-FLOP *** 
T3AM W1NS raises 60 to 100
_SKR raises 98 to 198 and is all-in
T3AM W1NS calls 98
*** FLOP *** [Qh 2s 6s]
*** TURN *** [Qh 2s 6s][Qd]
*** RIVER *** [Qh 2s 6s Qd][4c]
*** SHOW DOWN ***
_SKR shows [Kh Ts] (One pair : Queens)
T3AM W1NS shows [8s Qs] (Trips of Queens)
T3AM W1NS collected 396 from pot
*** SUMMARY ***
Total pot 396 | No rake
Board: [Qh 2s 6s Qd 4c]
Seat 2: _SKR (big blind) showed [Kh Ts] and lost with One pair : Queens
Seat 3: T3AM W1NS (small blind) (button) showed [8s Qs] and won 396 with Trips of Queens


