Winamax Poker - Tournament "Expresso Nitro" buyIn: 0.93€ + 0.07€ level: 1 - HandId: #2690526170306314241-1-1674684754 - Holdem no limit (10/20) - 2023/01/25 22:12:34 UTC
Table: 'Expresso Nitro(626436940)#0' 3-max (real money) Seat #2 is the button
Seat 1: lafouine279 (300)
Seat 2: _SKR (300)
Seat 3: Barack.63 (300)
*** ANTE/BLINDS ***
Barack.63 posts small blind 10
lafouine279 posts big blind 20
Dealt to _SKR [Th 6h]
*** PRE-FLOP *** 
_SKR folds
Barack.63 calls 10
lafouine279 checks
*** FLOP *** [As 5d 3h]
Barack.63 checks
lafouine279 checks
*** TURN *** [As 5d 3h][6c]
Barack.63 checks
lafouine279 bets 20
Barack.63 folds
lafouine279 collected 60 from pot
*** SUMMARY ***
Total pot 60 | No rake
Board: [As 5d 3h 6c]
Seat 1: lafouine279 (big blind) won 60


Winamax Poker - Tournament "Expresso Nitro" buyIn: 0.93€ + 0.07€ level: 1 - HandId: #2690526170306314241-2-1674684779 - Holdem no limit (10/20) - 2023/01/25 22:12:59 UTC
Table: 'Expresso Nitro(626436940)#0' 3-max (real money) Seat #3 is the button
Seat 1: lafouine279 (320)
Seat 2: _SKR (300)
Seat 3: Barack.63 (280)
*** ANTE/BLINDS ***
lafouine279 posts small blind 10
_SKR posts big blind 20
Dealt to _SKR [3h 3c]
*** PRE-FLOP *** 
Barack.63 calls 20
lafouine279 raises 40 to 60
_SKR folds
Barack.63 calls 40
*** FLOP *** [Kd 4h Ks]
lafouine279 bets 260 and is all-in
Barack.63 calls 220 and is all-in
*** TURN *** [Kd 4h Ks][6c]
*** RIVER *** [Kd 4h Ks 6c][Ts]
*** SHOW DOWN ***
lafouine279 shows [Ad 4d] (Two pairs : Kings and 4)
Barack.63 shows [4c Kc] (Full of Kings and 4)
Barack.63 collected 580 from main pot
lafouine279 collected 40 from side pot 1
*** SUMMARY ***
Total pot 620 | No rake
Board: [Kd 4h Ks 6c Ts]
Seat 1: lafouine279 (small blind) showed [Ad 4d] and won 40 with Two pairs : Kings and 4
Seat 3: Barack.63 (button) showed [4c Kc] and won 580 with Full of Kings and 4


Winamax Poker - Tournament "Expresso Nitro" buyIn: 0.93€ + 0.07€ level: 1 - HandId: #2690526170306314241-3-1674684807 - Holdem no limit (10/20) - 2023/01/25 22:13:27 UTC
Table: 'Expresso Nitro(626436940)#0' 3-max (real money) Seat #1 is the button
Seat 1: lafouine279 (40)
Seat 2: _SKR (280)
Seat 3: Barack.63 (580)
*** ANTE/BLINDS ***
_SKR posts small blind 10
Barack.63 posts big blind 20
Dealt to _SKR [Qh 3h]
*** PRE-FLOP *** 
lafouine279 folds
_SKR raises 20 to 40
Barack.63 calls 20
*** FLOP *** [Td 6h 8h]
_SKR bets 40
Barack.63 calls 40
*** TURN *** [Td 6h 8h][8c]
_SKR checks
Barack.63 bets 160
_SKR folds
Barack.63 collected 320 from pot
*** SUMMARY ***
Total pot 320 | No rake
Board: [Td 6h 8h 8c]
Seat 3: Barack.63 (big blind) won 320


Winamax Poker - Tournament "Expresso Nitro" buyIn: 0.93€ + 0.07€ level: 2 - HandId: #2690526170306314241-4-1674684861 - Holdem no limit (15/30) - 2023/01/25 22:14:21 UTC
Table: 'Expresso Nitro(626436940)#0' 3-max (real money) Seat #2 is the button
Seat 1: lafouine279 (40)
Seat 2: _SKR (200)
Seat 3: Barack.63 (660)
*** ANTE/BLINDS ***
Barack.63 posts small blind 15
lafouine279 posts big blind 30
Dealt to _SKR [4d Kc]
*** PRE-FLOP *** 
_SKR folds
Barack.63 calls 15
lafouine279 raises 10 to 40 and is all-in
Barack.63 calls 10
*** FLOP *** [9c 8h 4c]
*** TURN *** [9c 8h 4c][Th]
*** RIVER *** [9c 8h 4c Th][Jh]
*** SHOW DOWN ***
Barack.63 shows [Kh 3d] (High card : King)
lafouine279 shows [Ks 8d] (One pair : 8)
lafouine279 collected 80 from pot
*** SUMMARY ***
Total pot 80 | No rake
Board: [9c 8h 4c Th Jh]
Seat 1: lafouine279 (big blind) showed [Ks 8d] and won 80 with One pair : 8
Seat 3: Barack.63 (small blind) showed [Kh 3d] and lost with High card : King


Winamax Poker - Tournament "Expresso Nitro" buyIn: 0.93€ + 0.07€ level: 3 - HandId: #2690526170306314241-5-1674684883 - Holdem no limit (20/40) - 2023/01/25 22:14:43 UTC
Table: 'Expresso Nitro(626436940)#0' 3-max (real money) Seat #3 is the button
Seat 1: lafouine279 (80)
Seat 2: _SKR (200)
Seat 3: Barack.63 (620)
*** ANTE/BLINDS ***
lafouine279 posts small blind 20
_SKR posts big blind 40
Dealt to _SKR [6h 2s]
*** PRE-FLOP *** 
Barack.63 folds
lafouine279 raises 40 to 80 and is all-in
_SKR folds
lafouine279 collected 120 from pot
*** SUMMARY ***
Total pot 120 | No rake
Seat 1: lafouine279 (small blind) won 120


Winamax Poker - Tournament "Expresso Nitro" buyIn: 0.93€ + 0.07€ level: 3 - HandId: #2690526170306314241-6-1674684897 - Holdem no limit (20/40) - 2023/01/25 22:14:57 UTC
Table: 'Expresso Nitro(626436940)#0' 3-max (real money) Seat #1 is the button
Seat 1: lafouine279 (120)
Seat 2: _SKR (160)
Seat 3: Barack.63 (620)
*** ANTE/BLINDS ***
_SKR posts small blind 20
Barack.63 posts big blind 40
Dealt to _SKR [Qh Qs]
*** PRE-FLOP *** 
lafouine279 folds
_SKR raises 120 to 160 and is all-in
Barack.63 folds
_SKR collected 200 from pot
*** SUMMARY ***
Total pot 200 | No rake
Seat 2: _SKR (small blind) won 200


Winamax Poker - Tournament "Expresso Nitro" buyIn: 0.93€ + 0.07€ level: 3 - HandId: #2690526170306314241-7-1674684924 - Holdem no limit (20/40) - 2023/01/25 22:15:24 UTC
Table: 'Expresso Nitro(626436940)#0' 3-max (real money) Seat #2 is the button
Seat 1: lafouine279 (120)
Seat 2: _SKR (200)
Seat 3: Barack.63 (580)
*** ANTE/BLINDS ***
Barack.63 posts small blind 20
lafouine279 posts big blind 40
Dealt to _SKR [2d 7h]
*** PRE-FLOP *** 
_SKR folds
Barack.63 calls 20
lafouine279 checks
*** FLOP *** [Th As Tc]
Barack.63 checks
lafouine279 bets 80 and is all-in
Barack.63 folds
lafouine279 collected 160 from pot
*** SUMMARY ***
Total pot 160 | No rake
Board: [Th As Tc]
Seat 1: lafouine279 (big blind) won 160


Winamax Poker - Tournament "Expresso Nitro" buyIn: 0.93€ + 0.07€ level: 4 - HandId: #2690526170306314241-8-1674684946 - Holdem no limit (30/60) - 2023/01/25 22:15:46 UTC
Table: 'Expresso Nitro(626436940)#0' 3-max (real money) Seat #3 is the button
Seat 1: lafouine279 (160)
Seat 2: _SKR (200)
Seat 3: Barack.63 (540)
*** ANTE/BLINDS ***
lafouine279 posts small blind 30
_SKR posts big blind 60
Dealt to _SKR [9d 9c]
*** PRE-FLOP *** 
Barack.63 calls 60
lafouine279 calls 30
_SKR raises 140 to 200 and is all-in
Barack.63 folds
lafouine279 calls 100 and is all-in
*** FLOP *** [Td Kd 6s]
*** TURN *** [Td Kd 6s][5d]
*** RIVER *** [Td Kd 6s 5d][2c]
*** SHOW DOWN ***
lafouine279 shows [8h Qh] (High card : King)
_SKR shows [9d 9c] (One pair : 9)
_SKR collected 420 from pot
*** SUMMARY ***
Total pot 420 | No rake
Board: [Td Kd 6s 5d 2c]
Seat 1: lafouine279 (small blind) showed [8h Qh] and lost with High card : King
Seat 2: _SKR (big blind) showed [9d 9c] and won 420 with One pair : 9


Winamax Poker - Tournament "Expresso Nitro" buyIn: 0.93€ + 0.07€ level: 4 - HandId: #2690526170306314241-9-1674684976 - Holdem no limit (30/60) - 2023/01/25 22:16:16 UTC
Table: 'Expresso Nitro(626436940)#0' 3-max (real money) Seat #2 is the button
Seat 2: _SKR (420)
Seat 3: Barack.63 (480)
*** ANTE/BLINDS ***
_SKR posts small blind 30
Barack.63 posts big blind 60
Dealt to _SKR [2h 3d]
*** PRE-FLOP *** 
_SKR folds
Barack.63 collected 90 from pot
*** SUMMARY ***
Total pot 90 | No rake
Seat 3: Barack.63 (big blind) won 90


Winamax Poker - Tournament "Expresso Nitro" buyIn: 0.93€ + 0.07€ level: 4 - HandId: #2690526170306314241-10-1674684979 - Holdem no limit (30/60) - 2023/01/25 22:16:19 UTC
Table: 'Expresso Nitro(626436940)#0' 3-max (real money) Seat #3 is the button
Seat 2: _SKR (390)
Seat 3: Barack.63 (510)
*** ANTE/BLINDS ***
Barack.63 posts small blind 30
_SKR posts big blind 60
Dealt to _SKR [8s 7s]
*** PRE-FLOP *** 
Barack.63 calls 30
_SKR checks
*** FLOP *** [Qs 9d Jd]
_SKR checks
Barack.63 checks
*** TURN *** [Qs 9d Jd][7c]
_SKR checks
Barack.63 checks
*** RIVER *** [Qs 9d Jd 7c][9c]
_SKR checks
Barack.63 bets 120
_SKR calls 120
*** SHOW DOWN ***
_SKR shows [8s 7s] (Two pairs : 9 and 7)
Barack.63 shows [Js 7d] (Two pairs : Jacks and 9)
Barack.63 collected 360 from pot
*** SUMMARY ***
Total pot 360 | No rake
Board: [Qs 9d Jd 7c 9c]
Seat 2: _SKR (big blind) showed [8s 7s] and lost with Two pairs : 9 and 7
Seat 3: Barack.63 (small blind) (button) showed [Js 7d] and won 360 with Two pairs : Jacks and 9


Winamax Poker - Tournament "Expresso Nitro" buyIn: 0.93€ + 0.07€ level: 5 - HandId: #2690526170306314241-11-1674684997 - Holdem no limit (40/80) - 2023/01/25 22:16:37 UTC
Table: 'Expresso Nitro(626436940)#0' 3-max (real money) Seat #2 is the button
Seat 2: _SKR (210)
Seat 3: Barack.63 (690)
*** ANTE/BLINDS ***
_SKR posts small blind 40
Barack.63 posts big blind 80
Dealt to _SKR [8d 8h]
*** PRE-FLOP *** 
_SKR raises 130 to 210 and is all-in
Barack.63 calls 130
*** FLOP *** [Kc 9d 7s]
*** TURN *** [Kc 9d 7s][6h]
*** RIVER *** [Kc 9d 7s 6h][6s]
*** SHOW DOWN ***
_SKR shows [8d 8h] (Two pairs : 8 and 6)
Barack.63 shows [Td Kd] (Two pairs : Kings and 6)
Barack.63 collected 420 from pot
*** SUMMARY ***
Total pot 420 | No rake
Board: [Kc 9d 7s 6h 6s]
Seat 2: _SKR (small blind) (button) showed [8d 8h] and lost with Two pairs : 8 and 6
Seat 3: Barack.63 (big blind) showed [Td Kd] and won 420 with Two pairs : Kings and 6


