Winamax Poker - Tournament "Expresso Nitro" buyIn: 0.93€ + 0.07€ level: 1 - HandId: #2676355969390215169-1-1673821143 - Holdem no limit (10/20) - 2023/01/15 22:19:03 UTC
Table: 'Expresso Nitro(623137683)#0' 3-max (real money) Seat #2 is the button
Seat 1: _SKR (300)
Seat 2: lalo1407 (300)
Seat 3: jdelydg (300)
*** ANTE/BLINDS ***
jdelydg posts small blind 10
_SKR posts big blind 20
Dealt to _SKR [Tc 7c]
*** PRE-FLOP *** 
lalo1407 raises 50 to 70
jdelydg calls 60
_SKR folds
*** FLOP *** [6h 4c 4d]
jdelydg checks
lalo1407 bets 160
jdelydg raises 70 to 230 and is all-in
lalo1407 calls 70 and is all-in
*** TURN *** [6h 4c 4d][6d]
*** RIVER *** [6h 4c 4d 6d][9h]
*** SHOW DOWN ***
lalo1407 shows [8d Qd] (Two pairs : 6 and 4)
jdelydg shows [9c Ad] (Two pairs : 9 and 6)
jdelydg collected 620 from pot
*** SUMMARY ***
Total pot 620 | No rake
Board: [6h 4c 4d 6d 9h]
Seat 2: lalo1407 (button) showed [8d Qd] and lost with Two pairs : 6 and 4
Seat 3: jdelydg (small blind) showed [9c Ad] and won 620 with Two pairs : 9 and 6


Winamax Poker - Tournament "Expresso Nitro" buyIn: 0.93€ + 0.07€ level: 1 - HandId: #2676355969390215169-2-1673821163 - Holdem no limit (10/20) - 2023/01/15 22:19:23 UTC
Table: 'Expresso Nitro(623137683)#0' 3-max (real money) Seat #1 is the button
Seat 1: _SKR (280)
Seat 3: jdelydg (620)
*** ANTE/BLINDS ***
_SKR posts small blind 10
jdelydg posts big blind 20
Dealt to _SKR [Kd 2c]
*** PRE-FLOP *** 
_SKR folds
jdelydg collected 30 from pot
*** SUMMARY ***
Total pot 30 | No rake
Seat 3: jdelydg (big blind) won 30


Winamax Poker - Tournament "Expresso Nitro" buyIn: 0.93€ + 0.07€ level: 1 - HandId: #2676355969390215169-3-1673821179 - Holdem no limit (10/20) - 2023/01/15 22:19:39 UTC
Table: 'Expresso Nitro(623137683)#0' 3-max (real money) Seat #3 is the button
Seat 1: _SKR (270)
Seat 3: jdelydg (630)
*** ANTE/BLINDS ***
jdelydg posts small blind 10
_SKR posts big blind 20
Dealt to _SKR [Kd 9s]
*** PRE-FLOP *** 
jdelydg calls 10
_SKR checks
*** FLOP *** [5d Kh Ts]
_SKR bets 20
jdelydg calls 20
*** TURN *** [5d Kh Ts][5s]
_SKR bets 40
jdelydg calls 40
*** RIVER *** [5d Kh Ts 5s][Th]
_SKR checks
jdelydg checks
*** SHOW DOWN ***
jdelydg shows [Kc 6d] (Two pairs : Kings and Tens)
_SKR shows [Kd 9s] (Two pairs : Kings and Tens)
_SKR collected 160 from pot
*** SUMMARY ***
Total pot 160 | No rake
Board: [5d Kh Ts 5s Th]
Seat 1: _SKR (big blind) showed [Kd 9s] and won 160 with Two pairs : Kings and Tens
Seat 3: jdelydg (small blind) (button) showed [Kc 6d] and lost with Two pairs : Kings and Tens


Winamax Poker - Tournament "Expresso Nitro" buyIn: 0.93€ + 0.07€ level: 2 - HandId: #2676355969390215169-4-1673821220 - Holdem no limit (15/30) - 2023/01/15 22:20:20 UTC
Table: 'Expresso Nitro(623137683)#0' 3-max (real money) Seat #1 is the button
Seat 1: _SKR (350)
Seat 3: jdelydg (550)
*** ANTE/BLINDS ***
_SKR posts small blind 15
jdelydg posts big blind 30
Dealt to _SKR [6c 9c]
*** PRE-FLOP *** 
_SKR folds
jdelydg collected 45 from pot
*** SUMMARY ***
Total pot 45 | No rake
Seat 3: jdelydg (big blind) won 45


Winamax Poker - Tournament "Expresso Nitro" buyIn: 0.93€ + 0.07€ level: 2 - HandId: #2676355969390215169-5-1673821224 - Holdem no limit (15/30) - 2023/01/15 22:20:24 UTC
Table: 'Expresso Nitro(623137683)#0' 3-max (real money) Seat #3 is the button
Seat 1: _SKR (335)
Seat 3: jdelydg (565)
*** ANTE/BLINDS ***
jdelydg posts small blind 15
_SKR posts big blind 30
Dealt to _SKR [8c 2s]
*** PRE-FLOP *** 
jdelydg folds
_SKR collected 45 from pot
*** SUMMARY ***
Total pot 45 | No rake
Seat 1: _SKR (big blind) won 45


Winamax Poker - Tournament "Expresso Nitro" buyIn: 0.93€ + 0.07€ level: 2 - HandId: #2676355969390215169-6-1673821230 - Holdem no limit (15/30) - 2023/01/15 22:20:30 UTC
Table: 'Expresso Nitro(623137683)#0' 3-max (real money) Seat #1 is the button
Seat 1: _SKR (350)
Seat 3: jdelydg (550)
*** ANTE/BLINDS ***
_SKR posts small blind 15
jdelydg posts big blind 30
Dealt to _SKR [Qs Jc]
*** PRE-FLOP *** 
_SKR raises 320 to 350 and is all-in
jdelydg folds
_SKR collected 380 from pot
*** SUMMARY ***
Total pot 380 | No rake
Seat 1: _SKR (small blind) (button) won 380


Winamax Poker - Tournament "Expresso Nitro" buyIn: 0.93€ + 0.07€ level: 2 - HandId: #2676355969390215169-7-1673821235 - Holdem no limit (15/30) - 2023/01/15 22:20:35 UTC
Table: 'Expresso Nitro(623137683)#0' 3-max (real money) Seat #3 is the button
Seat 1: _SKR (380)
Seat 3: jdelydg (520)
*** ANTE/BLINDS ***
jdelydg posts small blind 15
_SKR posts big blind 30
Dealt to _SKR [4c 4d]
*** PRE-FLOP *** 
jdelydg calls 15
_SKR raises 350 to 380 and is all-in
jdelydg folds
_SKR collected 410 from pot
*** SUMMARY ***
Total pot 410 | No rake
Seat 1: _SKR (big blind) won 410


Winamax Poker - Tournament "Expresso Nitro" buyIn: 0.93€ + 0.07€ level: 2 - HandId: #2676355969390215169-8-1673821246 - Holdem no limit (15/30) - 2023/01/15 22:20:46 UTC
Table: 'Expresso Nitro(623137683)#0' 3-max (real money) Seat #1 is the button
Seat 1: _SKR (410)
Seat 3: jdelydg (490)
*** ANTE/BLINDS ***
_SKR posts small blind 15
jdelydg posts big blind 30
Dealt to _SKR [6h 7c]
*** PRE-FLOP *** 
_SKR folds
jdelydg collected 45 from pot
*** SUMMARY ***
Total pot 45 | No rake
Seat 3: jdelydg (big blind) won 45


Winamax Poker - Tournament "Expresso Nitro" buyIn: 0.93€ + 0.07€ level: 2 - HandId: #2676355969390215169-9-1673821250 - Holdem no limit (15/30) - 2023/01/15 22:20:50 UTC
Table: 'Expresso Nitro(623137683)#0' 3-max (real money) Seat #3 is the button
Seat 1: _SKR (395)
Seat 3: jdelydg (505)
*** ANTE/BLINDS ***
jdelydg posts small blind 15
_SKR posts big blind 30
Dealt to _SKR [6h 2d]
*** PRE-FLOP *** 
jdelydg calls 15
_SKR checks
*** FLOP *** [7s Ah 2s]
_SKR checks
jdelydg checks
*** TURN *** [7s Ah 2s][Qh]
_SKR checks
jdelydg checks
*** RIVER *** [7s Ah 2s Qh][7h]
_SKR checks
jdelydg bets 30
_SKR calls 30
*** SHOW DOWN ***
_SKR shows [6h 2d] (Two pairs : 7 and 2)
jdelydg shows [As 5s] (Two pairs : Aces and 7)
jdelydg collected 120 from pot
*** SUMMARY ***
Total pot 120 | No rake
Board: [7s Ah 2s Qh 7h]
Seat 1: _SKR (big blind) showed [6h 2d] and lost with Two pairs : 7 and 2
Seat 3: jdelydg (small blind) (button) showed [As 5s] and won 120 with Two pairs : Aces and 7


Winamax Poker - Tournament "Expresso Nitro" buyIn: 0.93€ + 0.07€ level: 3 - HandId: #2676355969390215169-10-1673821290 - Holdem no limit (20/40) - 2023/01/15 22:21:30 UTC
Table: 'Expresso Nitro(623137683)#0' 3-max (real money) Seat #1 is the button
Seat 1: _SKR (335)
Seat 3: jdelydg (565)
*** ANTE/BLINDS ***
_SKR posts small blind 20
jdelydg posts big blind 40
Dealt to _SKR [Ks 3s]
*** PRE-FLOP *** 
_SKR raises 295 to 335 and is all-in
jdelydg calls 295
*** FLOP *** [5d 8h 7s]
*** TURN *** [5d 8h 7s][8s]
*** RIVER *** [5d 8h 7s 8s][5c]
*** SHOW DOWN ***
_SKR shows [Ks 3s] (Two pairs : 8 and 5)
jdelydg shows [Kh Ad] (Two pairs : 8 and 5)
jdelydg collected 670 from pot
*** SUMMARY ***
Total pot 670 | No rake
Board: [5d 8h 7s 8s 5c]
Seat 1: _SKR (small blind) (button) showed [Ks 3s] and lost with Two pairs : 8 and 5
Seat 3: jdelydg (big blind) showed [Kh Ad] and won 670 with Two pairs : 8 and 5


