Winamax Poker - Tournament "Expresso Nitro" buyIn: 0.93€ + 0.07€ level: 1 - HandId: #2717939615116820481-1-1676240566 - Holdem no limit (10/20) - 2023/02/12 22:22:46 UTC
Table: 'Expresso Nitro(632819630)#0' 3-max (real money) Seat #1 is the button
Seat 1: fouinne (300)
Seat 2: jeunenesquik (300)
Seat 3: _SKR (300)
*** ANTE/BLINDS ***
jeunenesquik posts small blind 10
_SKR posts big blind 20
Dealt to _SKR [Ad Qc]
*** PRE-FLOP *** 
fouinne folds
jeunenesquik raises 280 to 300 and is all-in
_SKR calls 280 and is all-in
*** FLOP *** [9s 2c Ah]
*** TURN *** [9s 2c Ah][Kc]
*** RIVER *** [9s 2c Ah Kc][5h]
*** SHOW DOWN ***
jeunenesquik shows [Ts 6s] (High card : Ace)
_SKR shows [Ad Qc] (One pair : Aces)
_SKR collected 600 from pot
*** SUMMARY ***
Total pot 600 | No rake
Board: [9s 2c Ah Kc 5h]
Seat 2: jeunenesquik (small blind) showed [Ts 6s] and lost with High card : Ace
Seat 3: _SKR (big blind) showed [Ad Qc] and won 600 with One pair : Aces


Winamax Poker - Tournament "Expresso Nitro" buyIn: 0.93€ + 0.07€ level: 1 - HandId: #2717939615116820481-2-1676240582 - Holdem no limit (10/20) - 2023/02/12 22:23:02 UTC
Table: 'Expresso Nitro(632819630)#0' 3-max (real money) Seat #3 is the button
Seat 1: fouinne (300)
Seat 3: _SKR (600)
*** ANTE/BLINDS ***
_SKR posts small blind 10
fouinne posts big blind 20
Dealt to _SKR [3h Qs]
*** PRE-FLOP *** 
_SKR folds
fouinne collected 30 from pot
*** SUMMARY ***
Total pot 30 | No rake
Seat 1: fouinne (big blind) won 30


Winamax Poker - Tournament "Expresso Nitro" buyIn: 0.93€ + 0.07€ level: 1 - HandId: #2717939615116820481-3-1676240587 - Holdem no limit (10/20) - 2023/02/12 22:23:07 UTC
Table: 'Expresso Nitro(632819630)#0' 3-max (real money) Seat #1 is the button
Seat 1: fouinne (310)
Seat 3: _SKR (590)
*** ANTE/BLINDS ***
fouinne posts small blind 10
_SKR posts big blind 20
Dealt to _SKR [9c Qc]
*** PRE-FLOP *** 
fouinne calls 10
_SKR raises 30 to 50
fouinne calls 30
*** FLOP *** [3h Ts Jh]
_SKR checks
fouinne bets 20
_SKR calls 20
*** TURN *** [3h Ts Jh][2s]
_SKR checks
fouinne bets 20
_SKR calls 20
*** RIVER *** [3h Ts Jh 2s][Kc]
_SKR checks
fouinne checks
*** SHOW DOWN ***
fouinne shows [7h 8h] (High card : King)
_SKR shows [9c Qc] (Straight King high)
_SKR collected 180 from pot
*** SUMMARY ***
Total pot 180 | No rake
Board: [3h Ts Jh 2s Kc]
Seat 1: fouinne (small blind) (button) showed [7h 8h] and lost with High card : King
Seat 3: _SKR (big blind) showed [9c Qc] and won 180 with Straight King high


Winamax Poker - Tournament "Expresso Nitro" buyIn: 0.93€ + 0.07€ level: 2 - HandId: #2717939615116820481-4-1676240629 - Holdem no limit (15/30) - 2023/02/12 22:23:49 UTC
Table: 'Expresso Nitro(632819630)#0' 3-max (real money) Seat #3 is the button
Seat 1: fouinne (220)
Seat 3: _SKR (680)
*** ANTE/BLINDS ***
_SKR posts small blind 15
fouinne posts big blind 30
Dealt to _SKR [Ad As]
*** PRE-FLOP *** 
_SKR calls 15
fouinne checks
*** FLOP *** [3h 7c 5c]
fouinne bets 30
_SKR calls 30
*** TURN *** [3h 7c 5c][5s]
fouinne bets 30
_SKR calls 30
*** RIVER *** [3h 7c 5c 5s][Td]
fouinne checks
_SKR bets 590 and is all-in
fouinne folds
_SKR collected 770 from pot
*** SUMMARY ***
Total pot 770 | No rake
Board: [3h 7c 5c 5s Td]
Seat 3: _SKR (small blind) (button) won 770


Winamax Poker - Tournament "Expresso Nitro" buyIn: 0.93€ + 0.07€ level: 2 - HandId: #2717939615116820481-5-1676240645 - Holdem no limit (15/30) - 2023/02/12 22:24:05 UTC
Table: 'Expresso Nitro(632819630)#0' 3-max (real money) Seat #1 is the button
Seat 1: fouinne (130)
Seat 3: _SKR (770)
*** ANTE/BLINDS ***
fouinne posts small blind 15
_SKR posts big blind 30
Dealt to _SKR [Tc Qs]
*** PRE-FLOP *** 
fouinne folds
_SKR collected 45 from pot
*** SUMMARY ***
Total pot 45 | No rake
Seat 3: _SKR (big blind) won 45


Winamax Poker - Tournament "Expresso Nitro" buyIn: 0.93€ + 0.07€ level: 2 - HandId: #2717939615116820481-6-1676240649 - Holdem no limit (15/30) - 2023/02/12 22:24:09 UTC
Table: 'Expresso Nitro(632819630)#0' 3-max (real money) Seat #3 is the button
Seat 1: fouinne (115)
Seat 3: _SKR (785)
*** ANTE/BLINDS ***
_SKR posts small blind 15
fouinne posts big blind 30
Dealt to _SKR [5d Qs]
*** PRE-FLOP *** 
_SKR raises 755 to 785 and is all-in
fouinne calls 85 and is all-in
*** FLOP *** [Kh 3h 9c]
*** TURN *** [Kh 3h 9c][3s]
*** RIVER *** [Kh 3h 9c 3s][6d]
*** SHOW DOWN ***
fouinne shows [7c Ah] (One pair : 3)
_SKR shows [5d Qs] (One pair : 3)
_SKR collected 670 from side pot 1
fouinne collected 230 from main pot
*** SUMMARY ***
Total pot 900 | No rake
Board: [Kh 3h 9c 3s 6d]
Seat 1: fouinne (big blind) showed [7c Ah] and won 230 with One pair : 3
Seat 3: _SKR (small blind) (button) showed [5d Qs] and won 670 with One pair : 3


Winamax Poker - Tournament "Expresso Nitro" buyIn: 0.93€ + 0.07€ level: 2 - HandId: #2717939615116820481-7-1676240662 - Holdem no limit (15/30) - 2023/02/12 22:24:22 UTC
Table: 'Expresso Nitro(632819630)#0' 3-max (real money) Seat #1 is the button
Seat 1: fouinne (230)
Seat 3: _SKR (670)
*** ANTE/BLINDS ***
fouinne posts small blind 15
_SKR posts big blind 30
Dealt to _SKR [Kc 4s]
*** PRE-FLOP *** 
fouinne raises 200 to 230 and is all-in
_SKR folds
fouinne collected 260 from pot
*** SUMMARY ***
Total pot 260 | No rake
Seat 1: fouinne (small blind) (button) won 260


Winamax Poker - Tournament "Expresso Nitro" buyIn: 0.93€ + 0.07€ level: 2 - HandId: #2717939615116820481-8-1676240671 - Holdem no limit (15/30) - 2023/02/12 22:24:31 UTC
Table: 'Expresso Nitro(632819630)#0' 3-max (real money) Seat #3 is the button
Seat 1: fouinne (260)
Seat 3: _SKR (640)
*** ANTE/BLINDS ***
_SKR posts small blind 15
fouinne posts big blind 30
Dealt to _SKR [Jd 4h]
*** PRE-FLOP *** 
_SKR folds
fouinne collected 45 from pot
*** SUMMARY ***
Total pot 45 | No rake
Seat 1: fouinne (big blind) won 45


Winamax Poker - Tournament "Expresso Nitro" buyIn: 0.93€ + 0.07€ level: 2 - HandId: #2717939615116820481-9-1676240675 - Holdem no limit (15/30) - 2023/02/12 22:24:35 UTC
Table: 'Expresso Nitro(632819630)#0' 3-max (real money) Seat #1 is the button
Seat 1: fouinne (275)
Seat 3: _SKR (625)
*** ANTE/BLINDS ***
fouinne posts small blind 15
_SKR posts big blind 30
Dealt to _SKR [8h 9c]
*** PRE-FLOP *** 
fouinne folds
_SKR collected 45 from pot
*** SUMMARY ***
Total pot 45 | No rake
Seat 3: _SKR (big blind) won 45


Winamax Poker - Tournament "Expresso Nitro" buyIn: 0.93€ + 0.07€ level: 2 - HandId: #2717939615116820481-10-1676240679 - Holdem no limit (15/30) - 2023/02/12 22:24:39 UTC
Table: 'Expresso Nitro(632819630)#0' 3-max (real money) Seat #3 is the button
Seat 1: fouinne (260)
Seat 3: _SKR (640)
*** ANTE/BLINDS ***
_SKR posts small blind 15
fouinne posts big blind 30
Dealt to _SKR [8s 5h]
*** PRE-FLOP *** 
_SKR folds
fouinne collected 45 from pot
*** SUMMARY ***
Total pot 45 | No rake
Seat 1: fouinne (big blind) won 45


Winamax Poker - Tournament "Expresso Nitro" buyIn: 0.93€ + 0.07€ level: 3 - HandId: #2717939615116820481-11-1676240685 - Holdem no limit (20/40) - 2023/02/12 22:24:45 UTC
Table: 'Expresso Nitro(632819630)#0' 3-max (real money) Seat #1 is the button
Seat 1: fouinne (275)
Seat 3: _SKR (625)
*** ANTE/BLINDS ***
fouinne posts small blind 20
_SKR posts big blind 40
Dealt to _SKR [Ac 2c]
*** PRE-FLOP *** 
fouinne raises 235 to 275 and is all-in
_SKR calls 235
*** FLOP *** [Jh Ah Qc]
*** TURN *** [Jh Ah Qc][2d]
*** RIVER *** [Jh Ah Qc 2d][4h]
*** SHOW DOWN ***
fouinne shows [Qh 4d] (Two pairs : Queens and 4)
_SKR shows [Ac 2c] (Two pairs : Aces and 2)
_SKR collected 550 from pot
*** SUMMARY ***
Total pot 550 | No rake
Board: [Jh Ah Qc 2d 4h]
Seat 1: fouinne (small blind) (button) showed [Qh 4d] and lost with Two pairs : Queens and 4
Seat 3: _SKR (big blind) showed [Ac 2c] and won 550 with Two pairs : Aces and 2


