Winamax Poker - Tournament "Expresso Nitro" buyIn: 1.86€ + 0.14€ level: 1 - HandId: #2694766346704519169-1-1674955516 - Holdem no limit (10/20) - 2023/01/29 01:25:16 UTC
Table: 'Expresso Nitro(627424183)#0' 3-max (real money) Seat #1 is the button
Seat 1: 101110110010 (300)
Seat 2: _SKR (300)
Seat 3: Fabuloup (300)
*** ANTE/BLINDS ***
_SKR posts small blind 10
Fabuloup posts big blind 20
Dealt to _SKR [Ah 5d]
*** PRE-FLOP *** 
101110110010 raises 20 to 40
_SKR folds
Fabuloup calls 20
*** FLOP *** [Ks 9c 6s]
Fabuloup checks
101110110010 checks
*** TURN *** [Ks 9c 6s][Qc]
Fabuloup bets 90
101110110010 raises 144 to 234
Fabuloup raises 26 to 260 and is all-in
101110110010 calls 26 and is all-in
*** RIVER *** [Ks 9c 6s Qc][3h]
*** SHOW DOWN ***
Fabuloup shows [Kh Td] (One pair : Kings)
101110110010 shows [Ts Jd] (Straight King high)
101110110010 collected 610 from pot
*** SUMMARY ***
Total pot 610 | No rake
Board: [Ks 9c 6s Qc 3h]
Seat 1: 101110110010 (button) showed [Ts Jd] and won 610 with Straight King high
Seat 3: Fabuloup (big blind) showed [Kh Td] and lost with One pair : Kings


Winamax Poker - Tournament "Expresso Nitro" buyIn: 1.86€ + 0.14€ level: 1 - HandId: #2694766346704519169-2-1674955561 - Holdem no limit (10/20) - 2023/01/29 01:26:01 UTC
Table: 'Expresso Nitro(627424183)#0' 3-max (real money) Seat #1 is the button
Seat 1: 101110110010 (610)
Seat 2: _SKR (290)
*** ANTE/BLINDS ***
101110110010 posts small blind 10
_SKR posts big blind 20
Dealt to _SKR [4d Jd]
*** PRE-FLOP *** 
101110110010 raises 20 to 40
_SKR calls 20
*** FLOP *** [Qd 5h 7c]
_SKR checks
101110110010 checks
*** TURN *** [Qd 5h 7c][8h]
_SKR bets 40
101110110010 calls 40
*** RIVER *** [Qd 5h 7c 8h][9s]
_SKR bets 104
101110110010 folds
_SKR collected 264 from pot
*** SUMMARY ***
Total pot 264 | No rake
Board: [Qd 5h 7c 8h 9s]
Seat 2: _SKR (big blind) won 264


Winamax Poker - Tournament "Expresso Nitro" buyIn: 1.86€ + 0.14€ level: 2 - HandId: #2694766346704519169-3-1674955593 - Holdem no limit (15/30) - 2023/01/29 01:26:33 UTC
Table: 'Expresso Nitro(627424183)#0' 3-max (real money) Seat #2 is the button
Seat 1: 101110110010 (530)
Seat 2: _SKR (370)
*** ANTE/BLINDS ***
_SKR posts small blind 15
101110110010 posts big blind 30
Dealt to _SKR [5c 4s]
*** PRE-FLOP *** 
_SKR folds
101110110010 collected 45 from pot
*** SUMMARY ***
Total pot 45 | No rake
Seat 1: 101110110010 (big blind) won 45


Winamax Poker - Tournament "Expresso Nitro" buyIn: 1.86€ + 0.14€ level: 2 - HandId: #2694766346704519169-4-1674955599 - Holdem no limit (15/30) - 2023/01/29 01:26:39 UTC
Table: 'Expresso Nitro(627424183)#0' 3-max (real money) Seat #1 is the button
Seat 1: 101110110010 (545)
Seat 2: _SKR (355)
*** ANTE/BLINDS ***
101110110010 posts small blind 15
_SKR posts big blind 30
Dealt to _SKR [9s Ad]
*** PRE-FLOP *** 
101110110010 raises 30 to 60
_SKR raises 295 to 355 and is all-in
101110110010 calls 295
*** FLOP *** [Kc 2s 2d]
*** TURN *** [Kc 2s 2d][Td]
*** RIVER *** [Kc 2s 2d Td][Qc]
*** SHOW DOWN ***
101110110010 shows [6c 5h] (One pair : 2)
_SKR shows [9s Ad] (One pair : 2)
_SKR collected 710 from pot
*** SUMMARY ***
Total pot 710 | No rake
Board: [Kc 2s 2d Td Qc]
Seat 1: 101110110010 (small blind) (button) showed [6c 5h] and lost with One pair : 2
Seat 2: _SKR (big blind) showed [9s Ad] and won 710 with One pair : 2


Winamax Poker - Tournament "Expresso Nitro" buyIn: 1.86€ + 0.14€ level: 2 - HandId: #2694766346704519169-5-1674955624 - Holdem no limit (15/30) - 2023/01/29 01:27:04 UTC
Table: 'Expresso Nitro(627424183)#0' 3-max (real money) Seat #2 is the button
Seat 1: 101110110010 (190)
Seat 2: _SKR (710)
*** ANTE/BLINDS ***
_SKR posts small blind 15
101110110010 posts big blind 30
Dealt to _SKR [8h 2c]
*** PRE-FLOP *** 
_SKR folds
101110110010 collected 45 from pot
*** SUMMARY ***
Total pot 45 | No rake
Seat 1: 101110110010 (big blind) won 45


Winamax Poker - Tournament "Expresso Nitro" buyIn: 1.86€ + 0.14€ level: 2 - HandId: #2694766346704519169-6-1674955629 - Holdem no limit (15/30) - 2023/01/29 01:27:09 UTC
Table: 'Expresso Nitro(627424183)#0' 3-max (real money) Seat #1 is the button
Seat 1: 101110110010 (205)
Seat 2: _SKR (695)
*** ANTE/BLINDS ***
101110110010 posts small blind 15
_SKR posts big blind 30
Dealt to _SKR [6s 5h]
*** PRE-FLOP *** 
101110110010 folds
_SKR collected 45 from pot
*** SUMMARY ***
Total pot 45 | No rake
Seat 2: _SKR (big blind) won 45


Winamax Poker - Tournament "Expresso Nitro" buyIn: 1.86€ + 0.14€ level: 3 - HandId: #2694766346704519169-7-1674955634 - Holdem no limit (20/40) - 2023/01/29 01:27:14 UTC
Table: 'Expresso Nitro(627424183)#0' 3-max (real money) Seat #2 is the button
Seat 1: 101110110010 (190)
Seat 2: _SKR (710)
*** ANTE/BLINDS ***
_SKR posts small blind 20
101110110010 posts big blind 40
Dealt to _SKR [6h 3c]
*** PRE-FLOP *** 
_SKR folds
101110110010 collected 60 from pot
*** SUMMARY ***
Total pot 60 | No rake
Seat 1: 101110110010 (big blind) won 60


Winamax Poker - Tournament "Expresso Nitro" buyIn: 1.86€ + 0.14€ level: 3 - HandId: #2694766346704519169-8-1674955642 - Holdem no limit (20/40) - 2023/01/29 01:27:22 UTC
Table: 'Expresso Nitro(627424183)#0' 3-max (real money) Seat #1 is the button
Seat 1: 101110110010 (210)
Seat 2: _SKR (690)
*** ANTE/BLINDS ***
101110110010 posts small blind 20
_SKR posts big blind 40
Dealt to _SKR [Kd 6d]
*** PRE-FLOP *** 
101110110010 raises 40 to 80
_SKR raises 610 to 690 and is all-in
101110110010 calls 130 and is all-in
*** FLOP *** [8c Js 4d]
*** TURN *** [8c Js 4d][Ah]
*** RIVER *** [8c Js 4d Ah][6c]
*** SHOW DOWN ***
101110110010 shows [7h 3h] (High card : Ace)
_SKR shows [Kd 6d] (One pair : 6)
_SKR collected 900 from pot
*** SUMMARY ***
Total pot 900 | No rake
Board: [8c Js 4d Ah 6c]
Seat 1: 101110110010 (small blind) (button) showed [7h 3h] and lost with High card : Ace
Seat 2: _SKR (big blind) showed [Kd 6d] and won 900 with One pair : 6


