Winamax Poker - Tournament "Expresso Nitro" buyIn: 0.93€ + 0.07€ level: 1 - HandId: #2717800818953682945-1-1676235788 - Holdem no limit (10/20) - 2023/02/12 21:03:08 UTC
Table: 'Expresso Nitro(632787314)#0' 3-max (real money) Seat #1 is the button
Seat 1: PapyPayTou (300)
Seat 2: EPV28T (300)
Seat 3: _SKR (300)
*** ANTE/BLINDS ***
EPV28T posts small blind 10
_SKR posts big blind 20
Dealt to _SKR [9s 3d]
*** PRE-FLOP *** 
PapyPayTou raises 50 to 70
EPV28T folds
_SKR folds
PapyPayTou collected 100 from pot
*** SUMMARY ***
Total pot 100 | No rake
Seat 1: PapyPayTou (button) won 100


Winamax Poker - Tournament "Expresso Nitro" buyIn: 0.93€ + 0.07€ level: 1 - HandId: #2717800818953682945-2-1676235802 - Holdem no limit (10/20) - 2023/02/12 21:03:22 UTC
Table: 'Expresso Nitro(632787314)#0' 3-max (real money) Seat #2 is the button
Seat 1: PapyPayTou (330)
Seat 2: EPV28T (290)
Seat 3: _SKR (280)
*** ANTE/BLINDS ***
_SKR posts small blind 10
PapyPayTou posts big blind 20
Dealt to _SKR [8h 6h]
*** PRE-FLOP *** 
EPV28T folds
_SKR calls 10
PapyPayTou checks
*** FLOP *** [Ac 5c 8c]
_SKR checks
PapyPayTou bets 40
_SKR folds
PapyPayTou collected 80 from pot
*** SUMMARY ***
Total pot 80 | No rake
Board: [Ac 5c 8c]
Seat 1: PapyPayTou (big blind) won 80


Winamax Poker - Tournament "Expresso Nitro" buyIn: 0.93€ + 0.07€ level: 1 - HandId: #2717800818953682945-3-1676235817 - Holdem no limit (10/20) - 2023/02/12 21:03:37 UTC
Table: 'Expresso Nitro(632787314)#0' 3-max (real money) Seat #3 is the button
Seat 1: PapyPayTou (350)
Seat 2: EPV28T (290)
Seat 3: _SKR (260)
*** ANTE/BLINDS ***
PapyPayTou posts small blind 10
EPV28T posts big blind 20
Dealt to _SKR [Ad 8c]
*** PRE-FLOP *** 
_SKR raises 240 to 260 and is all-in
PapyPayTou calls 250
EPV28T folds
*** FLOP *** [Th 2d Qh]
*** TURN *** [Th 2d Qh][Jd]
*** RIVER *** [Th 2d Qh Jd][8d]
*** SHOW DOWN ***
PapyPayTou shows [Ac 8h] (One pair : 8)
_SKR shows [Ad 8c] (One pair : 8)
_SKR collected 270 from pot
PapyPayTou collected 270 from pot
*** SUMMARY ***
Total pot 540 | No rake
Board: [Th 2d Qh Jd 8d]
Seat 1: PapyPayTou (small blind) showed [Ac 8h] and won 270 with One pair : 8
Seat 3: _SKR (button) showed [Ad 8c] and won 270 with One pair : 8


Winamax Poker - Tournament "Expresso Nitro" buyIn: 0.93€ + 0.07€ level: 1 - HandId: #2717800818953682945-4-1676235836 - Holdem no limit (10/20) - 2023/02/12 21:03:56 UTC
Table: 'Expresso Nitro(632787314)#0' 3-max (real money) Seat #1 is the button
Seat 1: PapyPayTou (360)
Seat 2: EPV28T (270)
Seat 3: _SKR (270)
*** ANTE/BLINDS ***
EPV28T posts small blind 10
_SKR posts big blind 20
Dealt to _SKR [Ts As]
*** PRE-FLOP *** 
PapyPayTou raises 340 to 360 and is all-in
EPV28T folds
_SKR calls 250 and is all-in
*** FLOP *** [3d 2h 2c]
*** TURN *** [3d 2h 2c][Jc]
*** RIVER *** [3d 2h 2c Jc][2s]
*** SHOW DOWN ***
PapyPayTou shows [9d Ad] (Trips of 2)
_SKR shows [Ts As] (Trips of 2)
_SKR collected 275 from main pot
PapyPayTou collected 365 from side pot 1
*** SUMMARY ***
Total pot 640 | No rake
Board: [3d 2h 2c Jc 2s]
Seat 1: PapyPayTou (button) showed [9d Ad] and won 365 with Trips of 2
Seat 3: _SKR (big blind) showed [Ts As] and won 275 with Trips of 2


Winamax Poker - Tournament "Expresso Nitro" buyIn: 0.93€ + 0.07€ level: 2 - HandId: #2717800818953682945-5-1676235852 - Holdem no limit (15/30) - 2023/02/12 21:04:12 UTC
Table: 'Expresso Nitro(632787314)#0' 3-max (real money) Seat #2 is the button
Seat 1: PapyPayTou (365)
Seat 2: EPV28T (260)
Seat 3: _SKR (275)
*** ANTE/BLINDS ***
_SKR posts small blind 15
PapyPayTou posts big blind 30
Dealt to _SKR [6h Th]
*** PRE-FLOP *** 
EPV28T folds
_SKR calls 15
PapyPayTou raises 335 to 365 and is all-in
_SKR folds
PapyPayTou collected 395 from pot
*** SUMMARY ***
Total pot 395 | No rake
Seat 1: PapyPayTou (big blind) won 395


Winamax Poker - Tournament "Expresso Nitro" buyIn: 0.93€ + 0.07€ level: 2 - HandId: #2717800818953682945-6-1676235875 - Holdem no limit (15/30) - 2023/02/12 21:04:35 UTC
Table: 'Expresso Nitro(632787314)#0' 3-max (real money) Seat #3 is the button
Seat 1: PapyPayTou (395)
Seat 2: EPV28T (260)
Seat 3: _SKR (245)
*** ANTE/BLINDS ***
PapyPayTou posts small blind 15
EPV28T posts big blind 30
Dealt to _SKR [4s 7d]
*** PRE-FLOP *** 
_SKR folds
PapyPayTou folds
EPV28T collected 45 from pot
*** SUMMARY ***
Total pot 45 | No rake
Seat 2: EPV28T (big blind) won 45


Winamax Poker - Tournament "Expresso Nitro" buyIn: 0.93€ + 0.07€ level: 2 - HandId: #2717800818953682945-7-1676235882 - Holdem no limit (15/30) - 2023/02/12 21:04:42 UTC
Table: 'Expresso Nitro(632787314)#0' 3-max (real money) Seat #1 is the button
Seat 1: PapyPayTou (380)
Seat 2: EPV28T (275)
Seat 3: _SKR (245)
*** ANTE/BLINDS ***
EPV28T posts small blind 15
_SKR posts big blind 30
Dealt to _SKR [5c 2s]
*** PRE-FLOP *** 
PapyPayTou raises 350 to 380 and is all-in
EPV28T calls 260 and is all-in
_SKR folds
*** FLOP *** [8h 2c 9h]
*** TURN *** [8h 2c 9h][Kh]
*** RIVER *** [8h 2c 9h Kh][7c]
*** SHOW DOWN ***
EPV28T shows [Ad 4d] (High card : Ace)
PapyPayTou shows [Tc Ts] (One pair : Tens)
PapyPayTou collected 685 from pot
*** SUMMARY ***
Total pot 685 | No rake
Board: [8h 2c 9h Kh 7c]
Seat 1: PapyPayTou (button) showed [Tc Ts] and won 685 with One pair : Tens
Seat 2: EPV28T (small blind) showed [Ad 4d] and lost with High card : Ace


Winamax Poker - Tournament "Expresso Nitro" buyIn: 0.93€ + 0.07€ level: 2 - HandId: #2717800818953682945-8-1676235899 - Holdem no limit (15/30) - 2023/02/12 21:04:59 UTC
Table: 'Expresso Nitro(632787314)#0' 3-max (real money) Seat #3 is the button
Seat 1: PapyPayTou (685)
Seat 3: _SKR (215)
*** ANTE/BLINDS ***
_SKR posts small blind 15
PapyPayTou posts big blind 30
Dealt to _SKR [Js 3s]
*** PRE-FLOP *** 
_SKR folds
PapyPayTou collected 45 from pot
*** SUMMARY ***
Total pot 45 | No rake
Seat 1: PapyPayTou (big blind) won 45


Winamax Poker - Tournament "Expresso Nitro" buyIn: 0.93€ + 0.07€ level: 3 - HandId: #2717800818953682945-9-1676235909 - Holdem no limit (20/40) - 2023/02/12 21:05:09 UTC
Table: 'Expresso Nitro(632787314)#0' 3-max (real money) Seat #1 is the button
Seat 1: PapyPayTou (700)
Seat 3: _SKR (200)
*** ANTE/BLINDS ***
PapyPayTou posts small blind 20
_SKR posts big blind 40
Dealt to _SKR [Qh 2s]
*** PRE-FLOP *** 
PapyPayTou calls 20
_SKR checks
*** FLOP *** [Qc 2d Ad]
_SKR checks
PapyPayTou checks
*** TURN *** [Qc 2d Ad][7h]
_SKR bets 52
PapyPayTou calls 52
*** RIVER *** [Qc 2d Ad 7h][Tc]
_SKR bets 108 and is all-in
PapyPayTou calls 108
*** SHOW DOWN ***
PapyPayTou shows [7d Jd] (One pair : 7)
_SKR shows [Qh 2s] (Two pairs : Queens and 2)
_SKR collected 400 from pot
*** SUMMARY ***
Total pot 400 | No rake
Board: [Qc 2d Ad 7h Tc]
Seat 1: PapyPayTou (small blind) (button) showed [7d Jd] and lost with One pair : 7
Seat 3: _SKR (big blind) showed [Qh 2s] and won 400 with Two pairs : Queens and 2


Winamax Poker - Tournament "Expresso Nitro" buyIn: 0.93€ + 0.07€ level: 3 - HandId: #2717800818953682945-10-1676235947 - Holdem no limit (20/40) - 2023/02/12 21:05:47 UTC
Table: 'Expresso Nitro(632787314)#0' 3-max (real money) Seat #3 is the button
Seat 1: PapyPayTou (500)
Seat 3: _SKR (400)
*** ANTE/BLINDS ***
_SKR posts small blind 20
PapyPayTou posts big blind 40
Dealt to _SKR [Jd 4h]
*** PRE-FLOP *** 
_SKR folds
PapyPayTou collected 60 from pot
*** SUMMARY ***
Total pot 60 | No rake
Seat 1: PapyPayTou (big blind) won 60


Winamax Poker - Tournament "Expresso Nitro" buyIn: 0.93€ + 0.07€ level: 3 - HandId: #2717800818953682945-11-1676235951 - Holdem no limit (20/40) - 2023/02/12 21:05:51 UTC
Table: 'Expresso Nitro(632787314)#0' 3-max (real money) Seat #1 is the button
Seat 1: PapyPayTou (520)
Seat 3: _SKR (380)
*** ANTE/BLINDS ***
PapyPayTou posts small blind 20
_SKR posts big blind 40
Dealt to _SKR [Jh Kd]
*** PRE-FLOP *** 
PapyPayTou folds
_SKR collected 60 from pot
*** SUMMARY ***
Total pot 60 | No rake
Seat 3: _SKR (big blind) won 60


Winamax Poker - Tournament "Expresso Nitro" buyIn: 0.93€ + 0.07€ level: 3 - HandId: #2717800818953682945-12-1676235955 - Holdem no limit (20/40) - 2023/02/12 21:05:55 UTC
Table: 'Expresso Nitro(632787314)#0' 3-max (real money) Seat #3 is the button
Seat 1: PapyPayTou (500)
Seat 3: _SKR (400)
*** ANTE/BLINDS ***
_SKR posts small blind 20
PapyPayTou posts big blind 40
Dealt to _SKR [2h 6c]
*** PRE-FLOP *** 
_SKR folds
PapyPayTou collected 60 from pot
*** SUMMARY ***
Total pot 60 | No rake
Seat 1: PapyPayTou (big blind) won 60


Winamax Poker - Tournament "Expresso Nitro" buyIn: 0.93€ + 0.07€ level: 3 - HandId: #2717800818953682945-13-1676235958 - Holdem no limit (20/40) - 2023/02/12 21:05:58 UTC
Table: 'Expresso Nitro(632787314)#0' 3-max (real money) Seat #1 is the button
Seat 1: PapyPayTou (520)
Seat 3: _SKR (380)
*** ANTE/BLINDS ***
PapyPayTou posts small blind 20
_SKR posts big blind 40
Dealt to _SKR [7d 3d]
*** PRE-FLOP *** 
PapyPayTou calls 20
_SKR checks
*** FLOP *** [Tc Td 5d]
_SKR checks
PapyPayTou bets 80
_SKR raises 260 to 340 and is all-in
PapyPayTou folds
_SKR collected 500 from pot
*** SUMMARY ***
Total pot 500 | No rake
Board: [Tc Td 5d]
Seat 3: _SKR (big blind) won 500


Winamax Poker - Tournament "Expresso Nitro" buyIn: 0.93€ + 0.07€ level: 4 - HandId: #2717800818953682945-14-1676235989 - Holdem no limit (30/60) - 2023/02/12 21:06:29 UTC
Table: 'Expresso Nitro(632787314)#0' 3-max (real money) Seat #3 is the button
Seat 1: PapyPayTou (400)
Seat 3: _SKR (500)
*** ANTE/BLINDS ***
_SKR posts small blind 30
PapyPayTou posts big blind 60
Dealt to _SKR [Tc Js]
*** PRE-FLOP *** 
_SKR raises 440 to 500 and is all-in
PapyPayTou calls 340 and is all-in
*** FLOP *** [9c 6s Qs]
*** TURN *** [9c 6s Qs][Ks]
*** RIVER *** [9c 6s Qs Ks][6d]
*** SHOW DOWN ***
PapyPayTou shows [6h Kc] (Full of 6 and Kings)
_SKR shows [Tc Js] (Straight King high)
_SKR collected 100 from side pot 1
PapyPayTou collected 800 from main pot
*** SUMMARY ***
Total pot 900 | No rake
Board: [9c 6s Qs Ks 6d]
Seat 1: PapyPayTou (big blind) showed [6h Kc] and won 800 with Full of 6 and Kings
Seat 3: _SKR (small blind) (button) showed [Tc Js] and won 100 with Straight King high


Winamax Poker - Tournament "Expresso Nitro" buyIn: 0.93€ + 0.07€ level: 4 - HandId: #2717800818953682945-15-1676236000 - Holdem no limit (30/60) - 2023/02/12 21:06:40 UTC
Table: 'Expresso Nitro(632787314)#0' 3-max (real money) Seat #1 is the button
Seat 1: PapyPayTou (800)
Seat 3: _SKR (100)
*** ANTE/BLINDS ***
PapyPayTou posts small blind 30
_SKR posts big blind 60
Dealt to _SKR [3h 6h]
*** PRE-FLOP *** 
PapyPayTou calls 30
_SKR raises 40 to 100 and is all-in
PapyPayTou calls 40
*** FLOP *** [Ks Td Jc]
*** TURN *** [Ks Td Jc][3s]
*** RIVER *** [Ks Td Jc 3s][7s]
*** SHOW DOWN ***
_SKR shows [3h 6h] (One pair : 3)
PapyPayTou shows [Tc 8h] (One pair : Tens)
PapyPayTou collected 200 from pot
*** SUMMARY ***
Total pot 200 | No rake
Board: [Ks Td Jc 3s 7s]
Seat 1: PapyPayTou (small blind) (button) showed [Tc 8h] and won 200 with One pair : Tens
Seat 3: _SKR (big blind) showed [3h 6h] and lost with One pair : 3


