Winamax Poker - Tournament "Expresso Nitro" buyIn: 0.93€ + 0.07€ level: 1 - HandId: #2692530086082510849-1-1674829069 - Holdem no limit (10/20) - 2023/01/27 14:17:49 UTC
Table: 'Expresso Nitro(626903513)#0' 3-max (real money) Seat #2 is the button
Seat 1: _SKR (300)
Seat 2: Largentccher (300)
Seat 3: hugolin13 (300)
*** ANTE/BLINDS ***
hugolin13 posts small blind 10
_SKR posts big blind 20
Dealt to _SKR [5d Ah]
*** PRE-FLOP *** 
Largentccher folds
hugolin13 calls 10
_SKR raises 30 to 50
hugolin13 calls 30
*** FLOP *** [9s As 2c]
hugolin13 bets 65
_SKR calls 65
*** TURN *** [9s As 2c][Kh]
hugolin13 bets 185 and is all-in
_SKR calls 185 and is all-in
*** RIVER *** [9s As 2c Kh][Kd]
*** SHOW DOWN ***
hugolin13 shows [9h Th] (Two pairs : Kings and 9)
_SKR shows [5d Ah] (Two pairs : Aces and Kings)
_SKR collected 600 from pot
*** SUMMARY ***
Total pot 600 | No rake
Board: [9s As 2c Kh Kd]
Seat 1: _SKR (big blind) showed [5d Ah] and won 600 with Two pairs : Aces and Kings
Seat 3: hugolin13 (small blind) showed [9h Th] and lost with Two pairs : Kings and 9


Winamax Poker - Tournament "Expresso Nitro" buyIn: 0.93€ + 0.07€ level: 1 - HandId: #2692530086082510849-2-1674829093 - Holdem no limit (10/20) - 2023/01/27 14:18:13 UTC
Table: 'Expresso Nitro(626903513)#0' 3-max (real money) Seat #1 is the button
Seat 1: _SKR (600)
Seat 2: Largentccher (300)
*** ANTE/BLINDS ***
_SKR posts small blind 10
Largentccher posts big blind 20
Dealt to _SKR [Qd Kh]
*** PRE-FLOP *** 
_SKR raises 20 to 40
Largentccher calls 20
*** FLOP *** [8c 7s 9c]
Largentccher checks
_SKR checks
*** TURN *** [8c 7s 9c][2s]
Largentccher bets 80
_SKR folds
Largentccher collected 160 from pot
*** SUMMARY ***
Total pot 160 | No rake
Board: [8c 7s 9c 2s]
Seat 2: Largentccher (big blind) won 160


Winamax Poker - Tournament "Expresso Nitro" buyIn: 0.93€ + 0.07€ level: 1 - HandId: #2692530086082510849-3-1674829121 - Holdem no limit (10/20) - 2023/01/27 14:18:41 UTC
Table: 'Expresso Nitro(626903513)#0' 3-max (real money) Seat #2 is the button
Seat 1: _SKR (560)
Seat 2: Largentccher (340)
*** ANTE/BLINDS ***
Largentccher posts small blind 10
_SKR posts big blind 20
Dealt to _SKR [Qh 2c]
*** PRE-FLOP *** 
Largentccher calls 10
_SKR checks
*** FLOP *** [8h Ks Qd]
_SKR checks
Largentccher checks
*** TURN *** [8h Ks Qd][4c]
_SKR bets 20
Largentccher calls 20
*** RIVER *** [8h Ks Qd 4c][As]
_SKR checks
Largentccher checks
*** SHOW DOWN ***
Largentccher shows [Tc 8c] (One pair : 8)
_SKR shows [Qh 2c] (One pair : Queens)
_SKR collected 80 from pot
*** SUMMARY ***
Total pot 80 | No rake
Board: [8h Ks Qd 4c As]
Seat 1: _SKR (big blind) showed [Qh 2c] and won 80 with One pair : Queens
Seat 2: Largentccher (small blind) (button) showed [Tc 8c] and lost with One pair : 8


Winamax Poker - Tournament "Expresso Nitro" buyIn: 0.93€ + 0.07€ level: 2 - HandId: #2692530086082510849-4-1674829164 - Holdem no limit (15/30) - 2023/01/27 14:19:24 UTC
Table: 'Expresso Nitro(626903513)#0' 3-max (real money) Seat #1 is the button
Seat 1: _SKR (600)
Seat 2: Largentccher (300)
*** ANTE/BLINDS ***
_SKR posts small blind 15
Largentccher posts big blind 30
Dealt to _SKR [Qc 9c]
*** PRE-FLOP *** 
_SKR calls 15
Largentccher checks
*** FLOP *** [Kh 2s Ac]
Largentccher checks
_SKR checks
*** TURN *** [Kh 2s Ac][Qh]
Largentccher checks
_SKR checks
*** RIVER *** [Kh 2s Ac Qh][6c]
Largentccher checks
_SKR bets 30
Largentccher folds
_SKR collected 90 from pot
*** SUMMARY ***
Total pot 90 | No rake
Board: [Kh 2s Ac Qh 6c]
Seat 1: _SKR (small blind) (button) won 90


Winamax Poker - Tournament "Expresso Nitro" buyIn: 0.93€ + 0.07€ level: 3 - HandId: #2692530086082510849-5-1674829199 - Holdem no limit (20/40) - 2023/01/27 14:19:59 UTC
Table: 'Expresso Nitro(626903513)#0' 3-max (real money) Seat #2 is the button
Seat 1: _SKR (630)
Seat 2: Largentccher (270)
*** ANTE/BLINDS ***
Largentccher posts small blind 20
_SKR posts big blind 40
Dealt to _SKR [2s Ts]
*** PRE-FLOP *** 
Largentccher folds
_SKR collected 60 from pot
*** SUMMARY ***
Total pot 60 | No rake
Seat 1: _SKR (big blind) won 60


Winamax Poker - Tournament "Expresso Nitro" buyIn: 0.93€ + 0.07€ level: 3 - HandId: #2692530086082510849-6-1674829204 - Holdem no limit (20/40) - 2023/01/27 14:20:04 UTC
Table: 'Expresso Nitro(626903513)#0' 3-max (real money) Seat #1 is the button
Seat 1: _SKR (650)
Seat 2: Largentccher (250)
*** ANTE/BLINDS ***
_SKR posts small blind 20
Largentccher posts big blind 40
Dealt to _SKR [4s Ac]
*** PRE-FLOP *** 
_SKR raises 610 to 650 and is all-in
Largentccher folds
_SKR collected 690 from pot
*** SUMMARY ***
Total pot 690 | No rake
Seat 1: _SKR (small blind) (button) won 690


Winamax Poker - Tournament "Expresso Nitro" buyIn: 0.93€ + 0.07€ level: 3 - HandId: #2692530086082510849-7-1674829210 - Holdem no limit (20/40) - 2023/01/27 14:20:10 UTC
Table: 'Expresso Nitro(626903513)#0' 3-max (real money) Seat #2 is the button
Seat 1: _SKR (690)
Seat 2: Largentccher (210)
*** ANTE/BLINDS ***
Largentccher posts small blind 20
_SKR posts big blind 40
Dealt to _SKR [7s Ad]
*** PRE-FLOP *** 
Largentccher raises 170 to 210 and is all-in
_SKR calls 170
*** FLOP *** [Ks 6d 7h]
*** TURN *** [Ks 6d 7h][9d]
*** RIVER *** [Ks 6d 7h 9d][Ts]
*** SHOW DOWN ***
_SKR shows [7s Ad] (One pair : 7)
Largentccher shows [9c As] (One pair : 9)
Largentccher collected 420 from pot
*** SUMMARY ***
Total pot 420 | No rake
Board: [Ks 6d 7h 9d Ts]
Seat 1: _SKR (big blind) showed [7s Ad] and lost with One pair : 7
Seat 2: Largentccher (small blind) (button) showed [9c As] and won 420 with One pair : 9


Winamax Poker - Tournament "Expresso Nitro" buyIn: 0.93€ + 0.07€ level: 3 - HandId: #2692530086082510849-8-1674829224 - Holdem no limit (20/40) - 2023/01/27 14:20:24 UTC
Table: 'Expresso Nitro(626903513)#0' 3-max (real money) Seat #1 is the button
Seat 1: _SKR (480)
Seat 2: Largentccher (420)
*** ANTE/BLINDS ***
_SKR posts small blind 20
Largentccher posts big blind 40
Dealt to _SKR [Th 9d]
*** PRE-FLOP *** 
_SKR calls 20
Largentccher raises 380 to 420 and is all-in
_SKR folds
Largentccher collected 460 from pot
*** SUMMARY ***
Total pot 460 | No rake
Seat 2: Largentccher (big blind) won 460


Winamax Poker - Tournament "Expresso Nitro" buyIn: 0.93€ + 0.07€ level: 3 - HandId: #2692530086082510849-9-1674829233 - Holdem no limit (20/40) - 2023/01/27 14:20:33 UTC
Table: 'Expresso Nitro(626903513)#0' 3-max (real money) Seat #2 is the button
Seat 1: _SKR (440)
Seat 2: Largentccher (460)
*** ANTE/BLINDS ***
Largentccher posts small blind 20
_SKR posts big blind 40
Dealt to _SKR [6c 4c]
*** PRE-FLOP *** 
Largentccher calls 20
_SKR checks
*** FLOP *** [5d 8c 3s]
_SKR checks
Largentccher checks
*** TURN *** [5d 8c 3s][Ks]
_SKR checks
Largentccher bets 52
_SKR calls 52
*** RIVER *** [5d 8c 3s Ks][5s]
_SKR checks
Largentccher bets 184
_SKR folds
Largentccher collected 368 from pot
*** SUMMARY ***
Total pot 368 | No rake
Board: [5d 8c 3s Ks 5s]
Seat 2: Largentccher (small blind) (button) won 368


Winamax Poker - Tournament "Expresso Nitro" buyIn: 0.93€ + 0.07€ level: 4 - HandId: #2692530086082510849-10-1674829274 - Holdem no limit (30/60) - 2023/01/27 14:21:14 UTC
Table: 'Expresso Nitro(626903513)#0' 3-max (real money) Seat #1 is the button
Seat 1: _SKR (348)
Seat 2: Largentccher (552)
*** ANTE/BLINDS ***
_SKR posts small blind 30
Largentccher posts big blind 60
Dealt to _SKR [8h Jc]
*** PRE-FLOP *** 
_SKR raises 288 to 348 and is all-in
Largentccher calls 288
*** FLOP *** [4s Js 5c]
*** TURN *** [4s Js 5c][3h]
*** RIVER *** [4s Js 5c 3h][Ks]
*** SHOW DOWN ***
Largentccher shows [7c 7s] (One pair : 7)
_SKR shows [8h Jc] (One pair : Jacks)
_SKR collected 696 from pot
*** SUMMARY ***
Total pot 696 | No rake
Board: [4s Js 5c 3h Ks]
Seat 1: _SKR (small blind) (button) showed [8h Jc] and won 696 with One pair : Jacks
Seat 2: Largentccher (big blind) showed [7c 7s] and lost with One pair : 7


Winamax Poker - Tournament "Expresso Nitro" buyIn: 0.93€ + 0.07€ level: 4 - HandId: #2692530086082510849-11-1674829288 - Holdem no limit (30/60) - 2023/01/27 14:21:28 UTC
Table: 'Expresso Nitro(626903513)#0' 3-max (real money) Seat #2 is the button
Seat 1: _SKR (696)
Seat 2: Largentccher (204)
*** ANTE/BLINDS ***
Largentccher posts small blind 30
_SKR posts big blind 60
Dealt to _SKR [6c 4h]
*** PRE-FLOP *** 
Largentccher calls 30
_SKR checks
*** FLOP *** [Jc Jh 8s]
_SKR checks
Largentccher bets 120
_SKR folds
Largentccher collected 240 from pot
*** SUMMARY ***
Total pot 240 | No rake
Board: [Jc Jh 8s]
Seat 2: Largentccher (small blind) (button) won 240


Winamax Poker - Tournament "Expresso Nitro" buyIn: 0.93€ + 0.07€ level: 5 - HandId: #2692530086082510849-12-1674829305 - Holdem no limit (40/80) - 2023/01/27 14:21:45 UTC
Table: 'Expresso Nitro(626903513)#0' 3-max (real money) Seat #1 is the button
Seat 1: _SKR (636)
Seat 2: Largentccher (264)
*** ANTE/BLINDS ***
_SKR posts small blind 40
Largentccher posts big blind 80
Dealt to _SKR [6d Tc]
*** PRE-FLOP *** 
_SKR folds
Largentccher collected 120 from pot
*** SUMMARY ***
Total pot 120 | No rake
Seat 2: Largentccher (big blind) won 120


Winamax Poker - Tournament "Expresso Nitro" buyIn: 0.93€ + 0.07€ level: 5 - HandId: #2692530086082510849-13-1674829311 - Holdem no limit (40/80) - 2023/01/27 14:21:51 UTC
Table: 'Expresso Nitro(626903513)#0' 3-max (real money) Seat #2 is the button
Seat 1: _SKR (596)
Seat 2: Largentccher (304)
*** ANTE/BLINDS ***
Largentccher posts small blind 40
_SKR posts big blind 80
Dealt to _SKR [Td 6h]
*** PRE-FLOP *** 
Largentccher raises 224 to 304 and is all-in
_SKR folds
Largentccher collected 384 from pot
*** SUMMARY ***
Total pot 384 | No rake
Seat 2: Largentccher (small blind) (button) won 384


Winamax Poker - Tournament "Expresso Nitro" buyIn: 0.93€ + 0.07€ level: 5 - HandId: #2692530086082510849-14-1674829322 - Holdem no limit (40/80) - 2023/01/27 14:22:02 UTC
Table: 'Expresso Nitro(626903513)#0' 3-max (real money) Seat #1 is the button
Seat 1: _SKR (516)
Seat 2: Largentccher (384)
*** ANTE/BLINDS ***
_SKR posts small blind 40
Largentccher posts big blind 80
Dealt to _SKR [8c Ts]
*** PRE-FLOP *** 
_SKR raises 436 to 516 and is all-in
Largentccher calls 304 and is all-in
*** FLOP *** [4d Qd 6s]
*** TURN *** [4d Qd 6s][5c]
*** RIVER *** [4d Qd 6s 5c][As]
*** SHOW DOWN ***
_SKR shows [8c Ts] (High card : Ace)
Largentccher shows [4h 4s] (Trips of 4)
Largentccher collected 768 from main pot
_SKR collected 132 from side pot 1
*** SUMMARY ***
Total pot 900 | No rake
Board: [4d Qd 6s 5c As]
Seat 1: _SKR (small blind) (button) showed [8c Ts] and won 132 with High card : Ace
Seat 2: Largentccher (big blind) showed [4h 4s] and won 768 with Trips of 4


Winamax Poker - Tournament "Expresso Nitro" buyIn: 0.93€ + 0.07€ level: 5 - HandId: #2692530086082510849-15-1674829340 - Holdem no limit (40/80) - 2023/01/27 14:22:20 UTC
Table: 'Expresso Nitro(626903513)#0' 3-max (real money) Seat #2 is the button
Seat 1: _SKR (132)
Seat 2: Largentccher (768)
*** ANTE/BLINDS ***
Largentccher posts small blind 40
_SKR posts big blind 80
Dealt to _SKR [Tc Kh]
*** PRE-FLOP *** 
Largentccher folds
_SKR collected 120 from pot
*** SUMMARY ***
Total pot 120 | No rake
Seat 1: _SKR (big blind) won 120


Winamax Poker - Tournament "Expresso Nitro" buyIn: 0.93€ + 0.07€ level: 5 - HandId: #2692530086082510849-16-1674829344 - Holdem no limit (40/80) - 2023/01/27 14:22:24 UTC
Table: 'Expresso Nitro(626903513)#0' 3-max (real money) Seat #1 is the button
Seat 1: _SKR (172)
Seat 2: Largentccher (728)
*** ANTE/BLINDS ***
_SKR posts small blind 40
Largentccher posts big blind 80
Dealt to _SKR [3s Jc]
*** PRE-FLOP *** 
_SKR raises 92 to 172 and is all-in
Largentccher calls 92
*** FLOP *** [As 5h 4h]
*** TURN *** [As 5h 4h][Kd]
*** RIVER *** [As 5h 4h Kd][3c]
*** SHOW DOWN ***
_SKR shows [3s Jc] (One pair : 3)
Largentccher shows [Ah 9c] (One pair : Aces)
Largentccher collected 344 from pot
*** SUMMARY ***
Total pot 344 | No rake
Board: [As 5h 4h Kd 3c]
Seat 1: _SKR (small blind) (button) showed [3s Jc] and lost with One pair : 3
Seat 2: Largentccher (big blind) showed [Ah 9c] and won 344 with One pair : Aces


