Winamax Poker - Tournament "Expresso Nitro" buyIn: 0.93€ + 0.07€ level: 1 - HandId: #2666591369832693761-1-1673284178 - Holdem no limit (10/20) - 2023/01/09 17:09:38 UTC
Table: 'Expresso Nitro(620864185)#0' 3-max (real money) Seat #3 is the button
Seat 1: Alpha52x (300)
Seat 2: AlexisLandi (300)
Seat 3: _SKR (300)
*** ANTE/BLINDS ***
Alpha52x posts small blind 10
AlexisLandi posts big blind 20
Dealt to _SKR [Jd Kh]
*** PRE-FLOP *** 
_SKR raises 20 to 40
Alpha52x calls 30
AlexisLandi calls 20
*** FLOP *** [Ah 6c 3d]
Alpha52x checks
AlexisLandi checks
_SKR bets 52
Alpha52x calls 52
AlexisLandi calls 52
*** TURN *** [Ah 6c 3d][Ks]
Alpha52x checks
AlexisLandi checks
_SKR checks
*** RIVER *** [Ah 6c 3d Ks][9s]
Alpha52x bets 208 and is all-in
AlexisLandi folds
_SKR calls 208 and is all-in
*** SHOW DOWN ***
_SKR shows [Jd Kh] (One pair : Kings)
Alpha52x shows [Ac 8d] (One pair : Aces)
Alpha52x collected 692 from pot
*** SUMMARY ***
Total pot 692 | No rake
Board: [Ah 6c 3d Ks 9s]
Seat 1: Alpha52x (small blind) showed [Ac 8d] and won 692 with One pair : Aces
Seat 3: _SKR (button) showed [Jd Kh] and lost with One pair : Kings


