Winamax Poker - Tournament "Expresso Nitro" buyIn: 1.86€ + 0.14€ level: 1 - HandId: #2696835962595442689-1-1675099990 - Holdem no limit (10/20) - 2023/01/30 17:33:10 UTC
Table: 'Expresso Nitro(627906053)#0' 3-max (real money) Seat #1 is the button
Seat 1: goldorak2013 (300)
Seat 2: guyuragain (300)
Seat 3: _SKR (300)
*** ANTE/BLINDS ***
guyuragain posts small blind 10
_SKR posts big blind 20
Dealt to _SKR [7h 3d]
*** PRE-FLOP *** 
goldorak2013 raises 280 to 300 and is all-in
guyuragain folds
_SKR folds
goldorak2013 collected 330 from pot
*** SUMMARY ***
Total pot 330 | No rake
Seat 1: goldorak2013 (button) won 330


Winamax Poker - Tournament "Expresso Nitro" buyIn: 1.86€ + 0.14€ level: 1 - HandId: #2696835962595442689-2-1675099997 - Holdem no limit (10/20) - 2023/01/30 17:33:17 UTC
Table: 'Expresso Nitro(627906053)#0' 3-max (real money) Seat #2 is the button
Seat 1: goldorak2013 (330)
Seat 2: guyuragain (290)
Seat 3: _SKR (280)
*** ANTE/BLINDS ***
_SKR posts small blind 10
goldorak2013 posts big blind 20
Dealt to _SKR [Jh Qd]
*** PRE-FLOP *** 
guyuragain raises 20 to 40
_SKR folds
goldorak2013 calls 20
*** FLOP *** [2s 5h 9d]
goldorak2013 checks
guyuragain checks
*** TURN *** [2s 5h 9d][Kd]
goldorak2013 checks
guyuragain bets 40
goldorak2013 folds
guyuragain collected 130 from pot
*** SUMMARY ***
Total pot 130 | No rake
Board: [2s 5h 9d Kd]
Seat 2: guyuragain (button) won 130


Winamax Poker - Tournament "Expresso Nitro" buyIn: 1.86€ + 0.14€ level: 1 - HandId: #2696835962595442689-3-1675100020 - Holdem no limit (10/20) - 2023/01/30 17:33:40 UTC
Table: 'Expresso Nitro(627906053)#0' 3-max (real money) Seat #3 is the button
Seat 1: goldorak2013 (290)
Seat 2: guyuragain (340)
Seat 3: _SKR (270)
*** ANTE/BLINDS ***
goldorak2013 posts small blind 10
guyuragain posts big blind 20
Dealt to _SKR [Jh 5h]
*** PRE-FLOP *** 
_SKR folds
goldorak2013 raises 270 to 290 and is all-in
guyuragain folds
goldorak2013 collected 310 from pot
*** SUMMARY ***
Total pot 310 | No rake
Seat 1: goldorak2013 (small blind) won 310


Winamax Poker - Tournament "Expresso Nitro" buyIn: 1.86€ + 0.14€ level: 1 - HandId: #2696835962595442689-4-1675100027 - Holdem no limit (10/20) - 2023/01/30 17:33:47 UTC
Table: 'Expresso Nitro(627906053)#0' 3-max (real money) Seat #1 is the button
Seat 1: goldorak2013 (310)
Seat 2: guyuragain (320)
Seat 3: _SKR (270)
*** ANTE/BLINDS ***
guyuragain posts small blind 10
_SKR posts big blind 20
Dealt to _SKR [8s 3h]
*** PRE-FLOP *** 
goldorak2013 calls 20
guyuragain raises 300 to 320 and is all-in
_SKR folds
goldorak2013 folds
guyuragain collected 360 from pot
*** SUMMARY ***
Total pot 360 | No rake
Seat 2: guyuragain (small blind) won 360


Winamax Poker - Tournament "Expresso Nitro" buyIn: 1.86€ + 0.14€ level: 1 - HandId: #2696835962595442689-5-1675100037 - Holdem no limit (10/20) - 2023/01/30 17:33:57 UTC
Table: 'Expresso Nitro(627906053)#0' 3-max (real money) Seat #2 is the button
Seat 1: goldorak2013 (290)
Seat 2: guyuragain (360)
Seat 3: _SKR (250)
*** ANTE/BLINDS ***
_SKR posts small blind 10
goldorak2013 posts big blind 20
Dealt to _SKR [7c 2s]
*** PRE-FLOP *** 
guyuragain raises 20 to 40
_SKR folds
goldorak2013 calls 20
*** FLOP *** [2h Jd 9h]
goldorak2013 checks
guyuragain bets 20
goldorak2013 raises 230 to 250 and is all-in
guyuragain calls 230
*** TURN *** [2h Jd 9h][3d]
*** RIVER *** [2h Jd 9h 3d][Ac]
*** SHOW DOWN ***
goldorak2013 shows [9c Qh] (One pair : 9)
guyuragain shows [Tc Js] (One pair : Jacks)
guyuragain collected 590 from pot
*** SUMMARY ***
Total pot 590 | No rake
Board: [2h Jd 9h 3d Ac]
Seat 1: goldorak2013 (big blind) showed [9c Qh] and lost with One pair : 9
Seat 2: guyuragain (button) showed [Tc Js] and won 590 with One pair : Jacks


Winamax Poker - Tournament "Expresso Nitro" buyIn: 1.86€ + 0.14€ level: 2 - HandId: #2696835962595442689-6-1675100056 - Holdem no limit (15/30) - 2023/01/30 17:34:16 UTC
Table: 'Expresso Nitro(627906053)#0' 3-max (real money) Seat #2 is the button
Seat 2: guyuragain (660)
Seat 3: _SKR (240)
*** ANTE/BLINDS ***
guyuragain posts small blind 15
_SKR posts big blind 30
Dealt to _SKR [9d 2d]
*** PRE-FLOP *** 
guyuragain calls 15
_SKR checks
*** FLOP *** [8c 8h 3h]
_SKR checks
guyuragain bets 30
_SKR folds
guyuragain collected 90 from pot
*** SUMMARY ***
Total pot 90 | No rake
Board: [8c 8h 3h]
Seat 2: guyuragain (small blind) (button) won 90


Winamax Poker - Tournament "Expresso Nitro" buyIn: 1.86€ + 0.14€ level: 2 - HandId: #2696835962595442689-7-1675100068 - Holdem no limit (15/30) - 2023/01/30 17:34:28 UTC
Table: 'Expresso Nitro(627906053)#0' 3-max (real money) Seat #3 is the button
Seat 2: guyuragain (690)
Seat 3: _SKR (210)
*** ANTE/BLINDS ***
_SKR posts small blind 15
guyuragain posts big blind 30
Dealt to _SKR [Kc Js]
*** PRE-FLOP *** 
_SKR raises 180 to 210 and is all-in
guyuragain folds
_SKR collected 240 from pot
*** SUMMARY ***
Total pot 240 | No rake
Seat 3: _SKR (small blind) (button) won 240


Winamax Poker - Tournament "Expresso Nitro" buyIn: 1.86€ + 0.14€ level: 2 - HandId: #2696835962595442689-8-1675100073 - Holdem no limit (15/30) - 2023/01/30 17:34:33 UTC
Table: 'Expresso Nitro(627906053)#0' 3-max (real money) Seat #2 is the button
Seat 2: guyuragain (660)
Seat 3: _SKR (240)
*** ANTE/BLINDS ***
guyuragain posts small blind 15
_SKR posts big blind 30
Dealt to _SKR [2s Qc]
*** PRE-FLOP *** 
guyuragain calls 15
_SKR checks
*** FLOP *** [5h 7h Jd]
_SKR checks
guyuragain checks
*** TURN *** [5h 7h Jd][7s]
_SKR checks
guyuragain checks
*** RIVER *** [5h 7h Jd 7s][Qh]
_SKR bets 39
guyuragain folds
_SKR collected 99 from pot
*** SUMMARY ***
Total pot 99 | No rake
Board: [5h 7h Jd 7s Qh]
Seat 3: _SKR (big blind) won 99


Winamax Poker - Tournament "Expresso Nitro" buyIn: 1.86€ + 0.14€ level: 3 - HandId: #2696835962595442689-9-1675100111 - Holdem no limit (20/40) - 2023/01/30 17:35:11 UTC
Table: 'Expresso Nitro(627906053)#0' 3-max (real money) Seat #3 is the button
Seat 2: guyuragain (630)
Seat 3: _SKR (270)
*** ANTE/BLINDS ***
_SKR posts small blind 20
guyuragain posts big blind 40
Dealt to _SKR [4d 8c]
*** PRE-FLOP *** 
_SKR folds
guyuragain collected 60 from pot
*** SUMMARY ***
Total pot 60 | No rake
Seat 2: guyuragain (big blind) won 60


Winamax Poker - Tournament "Expresso Nitro" buyIn: 1.86€ + 0.14€ level: 3 - HandId: #2696835962595442689-10-1675100115 - Holdem no limit (20/40) - 2023/01/30 17:35:15 UTC
Table: 'Expresso Nitro(627906053)#0' 3-max (real money) Seat #2 is the button
Seat 2: guyuragain (650)
Seat 3: _SKR (250)
*** ANTE/BLINDS ***
guyuragain posts small blind 20
_SKR posts big blind 40
Dealt to _SKR [6c Qc]
*** PRE-FLOP *** 
guyuragain raises 610 to 650 and is all-in
_SKR calls 210 and is all-in
*** FLOP *** [2h 8d 7s]
*** TURN *** [2h 8d 7s][Ts]
*** RIVER *** [2h 8d 7s Ts][9c]
*** SHOW DOWN ***
guyuragain shows [8h Qs] (One pair : 8)
_SKR shows [6c Qc] (Straight Ten high)
_SKR collected 500 from main pot
guyuragain collected 400 from side pot 1
*** SUMMARY ***
Total pot 900 | No rake
Board: [2h 8d 7s Ts 9c]
Seat 2: guyuragain (small blind) (button) showed [8h Qs] and won 400 with One pair : 8
Seat 3: _SKR (big blind) showed [6c Qc] and won 500 with Straight Ten high


Winamax Poker - Tournament "Expresso Nitro" buyIn: 1.86€ + 0.14€ level: 3 - HandId: #2696835962595442689-11-1675100128 - Holdem no limit (20/40) - 2023/01/30 17:35:28 UTC
Table: 'Expresso Nitro(627906053)#0' 3-max (real money) Seat #3 is the button
Seat 2: guyuragain (400)
Seat 3: _SKR (500)
*** ANTE/BLINDS ***
_SKR posts small blind 20
guyuragain posts big blind 40
Dealt to _SKR [9d Ks]
*** PRE-FLOP *** 
_SKR raises 460 to 500 and is all-in
guyuragain folds
_SKR collected 540 from pot
*** SUMMARY ***
Total pot 540 | No rake
Seat 3: _SKR (small blind) (button) won 540


Winamax Poker - Tournament "Expresso Nitro" buyIn: 1.86€ + 0.14€ level: 3 - HandId: #2696835962595442689-12-1675100138 - Holdem no limit (20/40) - 2023/01/30 17:35:38 UTC
Table: 'Expresso Nitro(627906053)#0' 3-max (real money) Seat #2 is the button
Seat 2: guyuragain (360)
Seat 3: _SKR (540)
*** ANTE/BLINDS ***
guyuragain posts small blind 20
_SKR posts big blind 40
Dealt to _SKR [8s 8c]
*** PRE-FLOP *** 
guyuragain folds
_SKR collected 60 from pot
*** SUMMARY ***
Total pot 60 | No rake
Seat 3: _SKR (big blind) won 60


Winamax Poker - Tournament "Expresso Nitro" buyIn: 1.86€ + 0.14€ level: 3 - HandId: #2696835962595442689-13-1675100142 - Holdem no limit (20/40) - 2023/01/30 17:35:42 UTC
Table: 'Expresso Nitro(627906053)#0' 3-max (real money) Seat #3 is the button
Seat 2: guyuragain (340)
Seat 3: _SKR (560)
*** ANTE/BLINDS ***
_SKR posts small blind 20
guyuragain posts big blind 40
Dealt to _SKR [Kh 9h]
*** PRE-FLOP *** 
_SKR raises 520 to 560 and is all-in
guyuragain calls 300 and is all-in
*** FLOP *** [8c As 6c]
*** TURN *** [8c As 6c][3d]
*** RIVER *** [8c As 6c 3d][5c]
*** SHOW DOWN ***
guyuragain shows [Tc 8d] (One pair : 8)
_SKR shows [Kh 9h] (High card : Ace)
_SKR collected 220 from side pot 1
guyuragain collected 680 from main pot
*** SUMMARY ***
Total pot 900 | No rake
Board: [8c As 6c 3d 5c]
Seat 2: guyuragain (big blind) showed [Tc 8d] and won 680 with One pair : 8
Seat 3: _SKR (small blind) (button) showed [Kh 9h] and won 220 with High card : Ace


Winamax Poker - Tournament "Expresso Nitro" buyIn: 1.86€ + 0.14€ level: 3 - HandId: #2696835962595442689-14-1675100152 - Holdem no limit (20/40) - 2023/01/30 17:35:52 UTC
Table: 'Expresso Nitro(627906053)#0' 3-max (real money) Seat #2 is the button
Seat 2: guyuragain (680)
Seat 3: _SKR (220)
*** ANTE/BLINDS ***
guyuragain posts small blind 20
_SKR posts big blind 40
Dealt to _SKR [Jd Th]
*** PRE-FLOP *** 
guyuragain raises 640 to 680 and is all-in
_SKR calls 180 and is all-in
*** FLOP *** [9d Tc 7h]
*** TURN *** [9d Tc 7h][7c]
*** RIVER *** [9d Tc 7h 7c][6s]
*** SHOW DOWN ***
guyuragain shows [5d As] (One pair : 7)
_SKR shows [Jd Th] (Two pairs : Tens and 7)
_SKR collected 440 from main pot
guyuragain collected 460 from side pot 1
*** SUMMARY ***
Total pot 900 | No rake
Board: [9d Tc 7h 7c 6s]
Seat 2: guyuragain (small blind) (button) showed [5d As] and won 460 with One pair : 7
Seat 3: _SKR (big blind) showed [Jd Th] and won 440 with Two pairs : Tens and 7


Winamax Poker - Tournament "Expresso Nitro" buyIn: 1.86€ + 0.14€ level: 4 - HandId: #2696835962595442689-15-1675100166 - Holdem no limit (30/60) - 2023/01/30 17:36:06 UTC
Table: 'Expresso Nitro(627906053)#0' 3-max (real money) Seat #3 is the button
Seat 2: guyuragain (460)
Seat 3: _SKR (440)
*** ANTE/BLINDS ***
_SKR posts small blind 30
guyuragain posts big blind 60
Dealt to _SKR [9h Ad]
*** PRE-FLOP *** 
_SKR raises 380 to 440 and is all-in
guyuragain folds
_SKR collected 500 from pot
*** SUMMARY ***
Total pot 500 | No rake
Seat 3: _SKR (small blind) (button) won 500


Winamax Poker - Tournament "Expresso Nitro" buyIn: 1.86€ + 0.14€ level: 4 - HandId: #2696835962595442689-16-1675100171 - Holdem no limit (30/60) - 2023/01/30 17:36:11 UTC
Table: 'Expresso Nitro(627906053)#0' 3-max (real money) Seat #2 is the button
Seat 2: guyuragain (400)
Seat 3: _SKR (500)
*** ANTE/BLINDS ***
guyuragain posts small blind 30
_SKR posts big blind 60
Dealt to _SKR [2h Ad]
*** PRE-FLOP *** 
guyuragain raises 340 to 400 and is all-in
_SKR raises 100 to 500 and is all-in
*** FLOP *** [8h Qh 7s]
*** TURN *** [8h Qh 7s][Ts]
*** RIVER *** [8h Qh 7s Ts][Ks]
*** SHOW DOWN ***
guyuragain shows [Jh 4h] (High card : King)
_SKR shows [2h Ad] (High card : Ace)
_SKR collected 900 from pot
*** SUMMARY ***
Total pot 900 | No rake
Board: [8h Qh 7s Ts Ks]
Seat 2: guyuragain (small blind) (button) showed [Jh 4h] and lost with High card : King
Seat 3: _SKR (big blind) showed [2h Ad] and won 900 with High card : Ace


