Winamax Poker - Tournament "Expresso Nitro" buyIn: 0.93€ + 0.07€ level: 1 - HandId: #2717610281319530497-1-1676228789 - Holdem no limit (10/20) - 2023/02/12 19:06:29 UTC
Table: 'Expresso Nitro(632742951)#0' 3-max (real money) Seat #3 is the button
Seat 1: SL-GOAT28863 (300)
Seat 2: _SKR (300)
Seat 3: Unos&Zeros (300)
*** ANTE/BLINDS ***
SL-GOAT28863 posts small blind 10
_SKR posts big blind 20
Dealt to _SKR [Qh 5s]
*** PRE-FLOP *** 
Unos&Zeros folds
SL-GOAT28863 raises 40 to 60
_SKR folds
SL-GOAT28863 collected 80 from pot
*** SUMMARY ***
Total pot 80 | No rake
Seat 1: SL-GOAT28863 (small blind) won 80


Winamax Poker - Tournament "Expresso Nitro" buyIn: 0.93€ + 0.07€ level: 1 - HandId: #2717610281319530497-2-1676228797 - Holdem no limit (10/20) - 2023/02/12 19:06:37 UTC
Table: 'Expresso Nitro(632742951)#0' 3-max (real money) Seat #1 is the button
Seat 1: SL-GOAT28863 (320)
Seat 2: _SKR (280)
Seat 3: Unos&Zeros (300)
*** ANTE/BLINDS ***
_SKR posts small blind 10
Unos&Zeros posts big blind 20
Dealt to _SKR [7s Js]
*** PRE-FLOP *** 
SL-GOAT28863 raises 50 to 70
_SKR folds
Unos&Zeros calls 50
*** FLOP *** [Th 9h Qh]
Unos&Zeros bets 230 and is all-in
SL-GOAT28863 raises 20 to 250 and is all-in
*** TURN *** [Th 9h Qh][7h]
*** RIVER *** [Th 9h Qh 7h][3h]
*** SHOW DOWN ***
SL-GOAT28863 shows [9d Kd] (Flush Queen high)
Unos&Zeros shows [As 2h] (Flush Queen high)
Unos&Zeros collected 305 from main pot
SL-GOAT28863 collected 325 from side pot 1
*** SUMMARY ***
Total pot 630 | No rake
Board: [Th 9h Qh 7h 3h]
Seat 1: SL-GOAT28863 (button) showed [9d Kd] and won 325 with Flush Queen high
Seat 3: Unos&Zeros (big blind) showed [As 2h] and won 305 with Flush Queen high


Winamax Poker - Tournament "Expresso Nitro" buyIn: 0.93€ + 0.07€ level: 1 - HandId: #2717610281319530497-3-1676228817 - Holdem no limit (10/20) - 2023/02/12 19:06:57 UTC
Table: 'Expresso Nitro(632742951)#0' 3-max (real money) Seat #2 is the button
Seat 1: SL-GOAT28863 (325)
Seat 2: _SKR (270)
Seat 3: Unos&Zeros (305)
*** ANTE/BLINDS ***
Unos&Zeros posts small blind 10
SL-GOAT28863 posts big blind 20
Dealt to _SKR [7s 9s]
*** PRE-FLOP *** 
_SKR folds
Unos&Zeros raises 20 to 40
SL-GOAT28863 folds
Unos&Zeros collected 60 from pot
*** SUMMARY ***
Total pot 60 | No rake
Seat 3: Unos&Zeros (small blind) won 60


Winamax Poker - Tournament "Expresso Nitro" buyIn: 0.93€ + 0.07€ level: 1 - HandId: #2717610281319530497-4-1676228844 - Holdem no limit (10/20) - 2023/02/12 19:07:24 UTC
Table: 'Expresso Nitro(632742951)#0' 3-max (real money) Seat #3 is the button
Seat 1: SL-GOAT28863 (305)
Seat 2: _SKR (270)
Seat 3: Unos&Zeros (325)
*** ANTE/BLINDS ***
SL-GOAT28863 posts small blind 10
_SKR posts big blind 20
Dealt to _SKR [2c 6d]
*** PRE-FLOP *** 
Unos&Zeros calls 20
SL-GOAT28863 raises 285 to 305 and is all-in
_SKR folds
Unos&Zeros folds
SL-GOAT28863 collected 345 from pot
*** SUMMARY ***
Total pot 345 | No rake
Seat 1: SL-GOAT28863 (small blind) won 345


Winamax Poker - Tournament "Expresso Nitro" buyIn: 0.93€ + 0.07€ level: 2 - HandId: #2717610281319530497-5-1676228864 - Holdem no limit (15/30) - 2023/02/12 19:07:44 UTC
Table: 'Expresso Nitro(632742951)#0' 3-max (real money) Seat #1 is the button
Seat 1: SL-GOAT28863 (345)
Seat 2: _SKR (250)
Seat 3: Unos&Zeros (305)
*** ANTE/BLINDS ***
_SKR posts small blind 15
Unos&Zeros posts big blind 30
Dealt to _SKR [8d 7d]
*** PRE-FLOP *** 
SL-GOAT28863 folds
_SKR raises 220 to 250 and is all-in
Unos&Zeros folds
_SKR collected 280 from pot
*** SUMMARY ***
Total pot 280 | No rake
Seat 2: _SKR (small blind) won 280


Winamax Poker - Tournament "Expresso Nitro" buyIn: 0.93€ + 0.07€ level: 3 - HandId: #2717610281319530497-6-1676228917 - Holdem no limit (20/40) - 2023/02/12 19:08:37 UTC
Table: 'Expresso Nitro(632742951)#0' 3-max (real money) Seat #2 is the button
Seat 1: SL-GOAT28863 (345)
Seat 2: _SKR (280)
Seat 3: Unos&Zeros (275)
*** ANTE/BLINDS ***
Unos&Zeros posts small blind 20
SL-GOAT28863 posts big blind 40
Dealt to _SKR [3s Kh]
*** PRE-FLOP *** 
_SKR folds
Unos&Zeros folds
SL-GOAT28863 collected 60 from pot
*** SUMMARY ***
Total pot 60 | No rake
Seat 1: SL-GOAT28863 (big blind) won 60


Winamax Poker - Tournament "Expresso Nitro" buyIn: 0.93€ + 0.07€ level: 3 - HandId: #2717610281319530497-7-1676228923 - Holdem no limit (20/40) - 2023/02/12 19:08:43 UTC
Table: 'Expresso Nitro(632742951)#0' 3-max (real money) Seat #3 is the button
Seat 1: SL-GOAT28863 (365)
Seat 2: _SKR (280)
Seat 3: Unos&Zeros (255)
*** ANTE/BLINDS ***
SL-GOAT28863 posts small blind 20
_SKR posts big blind 40
Dealt to _SKR [9d Jc]
*** PRE-FLOP *** 
Unos&Zeros folds
SL-GOAT28863 raises 80 to 120
_SKR folds
SL-GOAT28863 collected 160 from pot
*** SUMMARY ***
Total pot 160 | No rake
Seat 1: SL-GOAT28863 (small blind) won 160


Winamax Poker - Tournament "Expresso Nitro" buyIn: 0.93€ + 0.07€ level: 3 - HandId: #2717610281319530497-8-1676228942 - Holdem no limit (20/40) - 2023/02/12 19:09:02 UTC
Table: 'Expresso Nitro(632742951)#0' 3-max (real money) Seat #1 is the button
Seat 1: SL-GOAT28863 (405)
Seat 2: _SKR (240)
Seat 3: Unos&Zeros (255)
*** ANTE/BLINDS ***
_SKR posts small blind 20
Unos&Zeros posts big blind 40
Dealt to _SKR [3d 5c]
*** PRE-FLOP *** 
SL-GOAT28863 folds
_SKR folds
Unos&Zeros collected 60 from pot
*** SUMMARY ***
Total pot 60 | No rake
Seat 3: Unos&Zeros (big blind) won 60


Winamax Poker - Tournament "Expresso Nitro" buyIn: 0.93€ + 0.07€ level: 3 - HandId: #2717610281319530497-9-1676228949 - Holdem no limit (20/40) - 2023/02/12 19:09:09 UTC
Table: 'Expresso Nitro(632742951)#0' 3-max (real money) Seat #2 is the button
Seat 1: SL-GOAT28863 (405)
Seat 2: _SKR (220)
Seat 3: Unos&Zeros (275)
*** ANTE/BLINDS ***
Unos&Zeros posts small blind 20
SL-GOAT28863 posts big blind 40
Dealt to _SKR [3h 9h]
*** PRE-FLOP *** 
_SKR folds
Unos&Zeros raises 40 to 80
SL-GOAT28863 folds
Unos&Zeros collected 120 from pot
*** SUMMARY ***
Total pot 120 | No rake
Seat 3: Unos&Zeros (small blind) won 120


Winamax Poker - Tournament "Expresso Nitro" buyIn: 0.93€ + 0.07€ level: 3 - HandId: #2717610281319530497-10-1676228963 - Holdem no limit (20/40) - 2023/02/12 19:09:23 UTC
Table: 'Expresso Nitro(632742951)#0' 3-max (real money) Seat #3 is the button
Seat 1: SL-GOAT28863 (365)
Seat 2: _SKR (220)
Seat 3: Unos&Zeros (315)
*** ANTE/BLINDS ***
SL-GOAT28863 posts small blind 20
_SKR posts big blind 40
Dealt to _SKR [Td Qc]
*** PRE-FLOP *** 
Unos&Zeros raises 40 to 80
SL-GOAT28863 raises 285 to 365 and is all-in
_SKR folds
Unos&Zeros calls 235 and is all-in
*** FLOP *** [6s Jd Kd]
*** TURN *** [6s Jd Kd][5h]
*** RIVER *** [6s Jd Kd 5h][6c]
*** SHOW DOWN ***
Unos&Zeros shows [9c 7c] (One pair : 6)
SL-GOAT28863 shows [Ks 4c] (Two pairs : Kings and 6)
SL-GOAT28863 collected 720 from pot
*** SUMMARY ***
Total pot 720 | No rake
Board: [6s Jd Kd 5h 6c]
Seat 1: SL-GOAT28863 (small blind) showed [Ks 4c] and won 720 with Two pairs : Kings and 6
Seat 3: Unos&Zeros (button) showed [9c 7c] and lost with One pair : 6


Winamax Poker - Tournament "Expresso Nitro" buyIn: 0.93€ + 0.07€ level: 4 - HandId: #2717610281319530497-11-1676228983 - Holdem no limit (30/60) - 2023/02/12 19:09:43 UTC
Table: 'Expresso Nitro(632742951)#0' 3-max (real money) Seat #2 is the button
Seat 1: SL-GOAT28863 (720)
Seat 2: _SKR (180)
*** ANTE/BLINDS ***
_SKR posts small blind 30
SL-GOAT28863 posts big blind 60
Dealt to _SKR [6c Kh]
*** PRE-FLOP *** 
_SKR raises 120 to 180 and is all-in
SL-GOAT28863 calls 120
*** FLOP *** [As 9d 6h]
*** TURN *** [As 9d 6h][8c]
*** RIVER *** [As 9d 6h 8c][5c]
*** SHOW DOWN ***
SL-GOAT28863 shows [Js Td] (High card : Ace)
_SKR shows [6c Kh] (One pair : 6)
_SKR collected 360 from pot
*** SUMMARY ***
Total pot 360 | No rake
Board: [As 9d 6h 8c 5c]
Seat 1: SL-GOAT28863 (big blind) showed [Js Td] and lost with High card : Ace
Seat 2: _SKR (small blind) (button) showed [6c Kh] and won 360 with One pair : 6


Winamax Poker - Tournament "Expresso Nitro" buyIn: 0.93€ + 0.07€ level: 4 - HandId: #2717610281319530497-12-1676229006 - Holdem no limit (30/60) - 2023/02/12 19:10:06 UTC
Table: 'Expresso Nitro(632742951)#0' 3-max (real money) Seat #1 is the button
Seat 1: SL-GOAT28863 (540)
Seat 2: _SKR (360)
*** ANTE/BLINDS ***
SL-GOAT28863 posts small blind 30
_SKR posts big blind 60
Dealt to _SKR [8s Jd]
*** PRE-FLOP *** 
SL-GOAT28863 folds
_SKR collected 90 from pot
*** SUMMARY ***
Total pot 90 | No rake
Seat 2: _SKR (big blind) won 90


Winamax Poker - Tournament "Expresso Nitro" buyIn: 0.93€ + 0.07€ level: 4 - HandId: #2717610281319530497-13-1676229010 - Holdem no limit (30/60) - 2023/02/12 19:10:10 UTC
Table: 'Expresso Nitro(632742951)#0' 3-max (real money) Seat #2 is the button
Seat 1: SL-GOAT28863 (510)
Seat 2: _SKR (390)
*** ANTE/BLINDS ***
_SKR posts small blind 30
SL-GOAT28863 posts big blind 60
Dealt to _SKR [9c 5s]
*** PRE-FLOP *** 
_SKR folds
SL-GOAT28863 collected 90 from pot
*** SUMMARY ***
Total pot 90 | No rake
Seat 1: SL-GOAT28863 (big blind) won 90


Winamax Poker - Tournament "Expresso Nitro" buyIn: 0.93€ + 0.07€ level: 4 - HandId: #2717610281319530497-14-1676229013 - Holdem no limit (30/60) - 2023/02/12 19:10:13 UTC
Table: 'Expresso Nitro(632742951)#0' 3-max (real money) Seat #1 is the button
Seat 1: SL-GOAT28863 (540)
Seat 2: _SKR (360)
*** ANTE/BLINDS ***
SL-GOAT28863 posts small blind 30
_SKR posts big blind 60
Dealt to _SKR [4s 6d]
*** PRE-FLOP *** 
SL-GOAT28863 calls 30
_SKR checks
*** FLOP *** [Td 2h 3d]
_SKR checks
SL-GOAT28863 bets 120
_SKR folds
SL-GOAT28863 collected 240 from pot
*** SUMMARY ***
Total pot 240 | No rake
Board: [Td 2h 3d]
Seat 1: SL-GOAT28863 (small blind) (button) won 240


Winamax Poker - Tournament "Expresso Nitro" buyIn: 0.93€ + 0.07€ level: 5 - HandId: #2717610281319530497-15-1676229030 - Holdem no limit (40/80) - 2023/02/12 19:10:30 UTC
Table: 'Expresso Nitro(632742951)#0' 3-max (real money) Seat #2 is the button
Seat 1: SL-GOAT28863 (600)
Seat 2: _SKR (300)
*** ANTE/BLINDS ***
_SKR posts small blind 40
SL-GOAT28863 posts big blind 80
Dealt to _SKR [Ad As]
*** PRE-FLOP *** 
_SKR raises 220 to 300 and is all-in
SL-GOAT28863 folds
_SKR collected 380 from pot
*** SUMMARY ***
Total pot 380 | No rake
Seat 2: _SKR (small blind) (button) won 380


Winamax Poker - Tournament "Expresso Nitro" buyIn: 0.93€ + 0.07€ level: 5 - HandId: #2717610281319530497-16-1676229037 - Holdem no limit (40/80) - 2023/02/12 19:10:37 UTC
Table: 'Expresso Nitro(632742951)#0' 3-max (real money) Seat #1 is the button
Seat 1: SL-GOAT28863 (520)
Seat 2: _SKR (380)
*** ANTE/BLINDS ***
SL-GOAT28863 posts small blind 40
_SKR posts big blind 80
Dealt to _SKR [3d 6h]
*** PRE-FLOP *** 
SL-GOAT28863 folds
_SKR collected 120 from pot
*** SUMMARY ***
Total pot 120 | No rake
Seat 2: _SKR (big blind) won 120


Winamax Poker - Tournament "Expresso Nitro" buyIn: 0.93€ + 0.07€ level: 5 - HandId: #2717610281319530497-17-1676229041 - Holdem no limit (40/80) - 2023/02/12 19:10:41 UTC
Table: 'Expresso Nitro(632742951)#0' 3-max (real money) Seat #2 is the button
Seat 1: SL-GOAT28863 (480)
Seat 2: _SKR (420)
*** ANTE/BLINDS ***
_SKR posts small blind 40
SL-GOAT28863 posts big blind 80
Dealt to _SKR [4s 6s]
*** PRE-FLOP *** 
_SKR raises 340 to 420 and is all-in
SL-GOAT28863 raises 60 to 480 and is all-in
*** FLOP *** [6h 4c Tc]
*** TURN *** [6h 4c Tc][9d]
*** RIVER *** [6h 4c Tc 9d][4h]
*** SHOW DOWN ***
SL-GOAT28863 shows [Ks 9s] (Two pairs : 9 and 4)
_SKR shows [4s 6s] (Full of 4 and 6)
_SKR collected 840 from main pot
SL-GOAT28863 collected 60 from side pot 1
*** SUMMARY ***
Total pot 900 | No rake
Board: [6h 4c Tc 9d 4h]
Seat 1: SL-GOAT28863 (big blind) showed [Ks 9s] and won 60 with Two pairs : 9 and 4
Seat 2: _SKR (small blind) (button) showed [4s 6s] and won 840 with Full of 4 and 6


Winamax Poker - Tournament "Expresso Nitro" buyIn: 0.93€ + 0.07€ level: 5 - HandId: #2717610281319530497-18-1676229057 - Holdem no limit (40/80) - 2023/02/12 19:10:57 UTC
Table: 'Expresso Nitro(632742951)#0' 3-max (real money) Seat #1 is the button
Seat 1: SL-GOAT28863 (60)
Seat 2: _SKR (840)
*** ANTE/BLINDS ***
SL-GOAT28863 posts small blind 40
_SKR posts big blind 80
Dealt to _SKR [3d 7s]
*** PRE-FLOP *** 
SL-GOAT28863 calls 20 and is all-in
*** FLOP *** [Jh Qh 5h]
*** TURN *** [Jh Qh 5h][Ks]
*** RIVER *** [Jh Qh 5h Ks][9d]
*** SHOW DOWN ***
SL-GOAT28863 shows [3h 4h] (Flush Queen high)
_SKR shows [3d 7s] (High card : King)
_SKR collected 20 from side pot 1
SL-GOAT28863 collected 120 from main pot
*** SUMMARY ***
Total pot 140 | No rake
Board: [Jh Qh 5h Ks 9d]
Seat 1: SL-GOAT28863 (small blind) (button) showed [3h 4h] and won 120 with Flush Queen high
Seat 2: _SKR (big blind) showed [3d 7s] and won 20 with High card : King


Winamax Poker - Tournament "Expresso Nitro" buyIn: 0.93€ + 0.07€ level: 5 - HandId: #2717610281319530497-19-1676229068 - Holdem no limit (40/80) - 2023/02/12 19:11:08 UTC
Table: 'Expresso Nitro(632742951)#0' 3-max (real money) Seat #2 is the button
Seat 1: SL-GOAT28863 (120)
Seat 2: _SKR (780)
*** ANTE/BLINDS ***
_SKR posts small blind 40
SL-GOAT28863 posts big blind 80
Dealt to _SKR [3s 9h]
*** PRE-FLOP *** 
_SKR folds
SL-GOAT28863 collected 120 from pot
*** SUMMARY ***
Total pot 120 | No rake
Seat 1: SL-GOAT28863 (big blind) won 120


Winamax Poker - Tournament "Expresso Nitro" buyIn: 0.93€ + 0.07€ level: 5 - HandId: #2717610281319530497-20-1676229072 - Holdem no limit (40/80) - 2023/02/12 19:11:12 UTC
Table: 'Expresso Nitro(632742951)#0' 3-max (real money) Seat #1 is the button
Seat 1: SL-GOAT28863 (160)
Seat 2: _SKR (740)
*** ANTE/BLINDS ***
SL-GOAT28863 posts small blind 40
_SKR posts big blind 80
Dealt to _SKR [4h 3h]
*** PRE-FLOP *** 
SL-GOAT28863 raises 80 to 160 and is all-in
_SKR calls 80
*** FLOP *** [7s Tc 9c]
*** TURN *** [7s Tc 9c][Ah]
*** RIVER *** [7s Tc 9c Ah][Th]
*** SHOW DOWN ***
_SKR shows [4h 3h] (One pair : Tens)
SL-GOAT28863 shows [Ts 5s] (Trips of Tens)
SL-GOAT28863 collected 320 from pot
*** SUMMARY ***
Total pot 320 | No rake
Board: [7s Tc 9c Ah Th]
Seat 1: SL-GOAT28863 (small blind) (button) showed [Ts 5s] and won 320 with Trips of Tens
Seat 2: _SKR (big blind) showed [4h 3h] and lost with One pair : Tens


Winamax Poker - Tournament "Expresso Nitro" buyIn: 0.93€ + 0.07€ level: 5 - HandId: #2717610281319530497-21-1676229084 - Holdem no limit (40/80) - 2023/02/12 19:11:24 UTC
Table: 'Expresso Nitro(632742951)#0' 3-max (real money) Seat #2 is the button
Seat 1: SL-GOAT28863 (320)
Seat 2: _SKR (580)
*** ANTE/BLINDS ***
_SKR posts small blind 40
SL-GOAT28863 posts big blind 80
Dealt to _SKR [Qs Jc]
*** PRE-FLOP *** 
_SKR raises 500 to 580 and is all-in
SL-GOAT28863 folds
_SKR collected 660 from pot
*** SUMMARY ***
Total pot 660 | No rake
Seat 2: _SKR (small blind) (button) won 660


Winamax Poker - Tournament "Expresso Nitro" buyIn: 0.93€ + 0.07€ level: 6 - HandId: #2717610281319530497-22-1676229091 - Holdem no limit (50/100) - 2023/02/12 19:11:31 UTC
Table: 'Expresso Nitro(632742951)#0' 3-max (real money) Seat #1 is the button
Seat 1: SL-GOAT28863 (240)
Seat 2: _SKR (660)
*** ANTE/BLINDS ***
SL-GOAT28863 posts small blind 50
_SKR posts big blind 100
Dealt to _SKR [7h 5s]
*** PRE-FLOP *** 
SL-GOAT28863 folds
_SKR collected 150 from pot
*** SUMMARY ***
Total pot 150 | No rake
Seat 2: _SKR (big blind) won 150


Winamax Poker - Tournament "Expresso Nitro" buyIn: 0.93€ + 0.07€ level: 6 - HandId: #2717610281319530497-23-1676229094 - Holdem no limit (50/100) - 2023/02/12 19:11:34 UTC
Table: 'Expresso Nitro(632742951)#0' 3-max (real money) Seat #2 is the button
Seat 1: SL-GOAT28863 (190)
Seat 2: _SKR (710)
*** ANTE/BLINDS ***
_SKR posts small blind 50
SL-GOAT28863 posts big blind 100
Dealt to _SKR [8h Ts]
*** PRE-FLOP *** 
_SKR raises 100 to 200
SL-GOAT28863 folds
_SKR collected 300 from pot
*** SUMMARY ***
Total pot 300 | No rake
Seat 2: _SKR (small blind) (button) won 300


Winamax Poker - Tournament "Expresso Nitro" buyIn: 0.93€ + 0.07€ level: 6 - HandId: #2717610281319530497-24-1676229101 - Holdem no limit (50/100) - 2023/02/12 19:11:41 UTC
Table: 'Expresso Nitro(632742951)#0' 3-max (real money) Seat #1 is the button
Seat 1: SL-GOAT28863 (90)
Seat 2: _SKR (810)
*** ANTE/BLINDS ***
SL-GOAT28863 posts small blind 50
_SKR posts big blind 100
Dealt to _SKR [Kc 3d]
*** PRE-FLOP *** 
SL-GOAT28863 calls 40 and is all-in
*** FLOP *** [4s 7d 5d]
*** TURN *** [4s 7d 5d][Jd]
*** RIVER *** [4s 7d 5d Jd][Th]
*** SHOW DOWN ***
SL-GOAT28863 shows [2d 5h] (One pair : 5)
_SKR shows [Kc 3d] (High card : King)
_SKR collected 10 from side pot 1
SL-GOAT28863 collected 180 from main pot
*** SUMMARY ***
Total pot 190 | No rake
Board: [4s 7d 5d Jd Th]
Seat 1: SL-GOAT28863 (small blind) (button) showed [2d 5h] and won 180 with One pair : 5
Seat 2: _SKR (big blind) showed [Kc 3d] and won 10 with High card : King


Winamax Poker - Tournament "Expresso Nitro" buyIn: 0.93€ + 0.07€ level: 6 - HandId: #2717610281319530497-25-1676229110 - Holdem no limit (50/100) - 2023/02/12 19:11:50 UTC
Table: 'Expresso Nitro(632742951)#0' 3-max (real money) Seat #2 is the button
Seat 1: SL-GOAT28863 (180)
Seat 2: _SKR (720)
*** ANTE/BLINDS ***
_SKR posts small blind 50
SL-GOAT28863 posts big blind 100
Dealt to _SKR [4d Ad]
*** PRE-FLOP *** 
_SKR raises 620 to 720 and is all-in
SL-GOAT28863 calls 80 and is all-in
*** FLOP *** [6s Td 3h]
*** TURN *** [6s Td 3h][3c]
*** RIVER *** [6s Td 3h 3c][4h]
*** SHOW DOWN ***
SL-GOAT28863 shows [9d 2h] (One pair : 3)
_SKR shows [4d Ad] (Two pairs : 4 and 3)
_SKR collected 900 from pot
*** SUMMARY ***
Total pot 900 | No rake
Board: [6s Td 3h 3c 4h]
Seat 1: SL-GOAT28863 (big blind) showed [9d 2h] and lost with One pair : 3
Seat 2: _SKR (small blind) (button) showed [4d Ad] and won 900 with Two pairs : 4 and 3


