Winamax Poker - Tournament "Expresso Nitro" buyIn: 0.93€ + 0.07€ level: 1 - HandId: #2676393460159741953-1-1673822496 - Holdem no limit (10/20) - 2023/01/15 22:41:36 UTC
Table: 'Expresso Nitro(623146412)#0' 3-max (real money) Seat #1 is the button
Seat 1: xGeeK-MaGiK (300)
Seat 2: _SKR (300)
Seat 3: kaki50130 (300)
*** ANTE/BLINDS ***
_SKR posts small blind 10
kaki50130 posts big blind 20
Dealt to _SKR [Js 3c]
*** PRE-FLOP *** 
xGeeK-MaGiK folds
_SKR folds
kaki50130 collected 30 from pot
*** SUMMARY ***
Total pot 30 | No rake
Seat 3: kaki50130 (big blind) won 30


Winamax Poker - Tournament "Expresso Nitro" buyIn: 0.93€ + 0.07€ level: 1 - HandId: #2676393460159741953-2-1673822504 - Holdem no limit (10/20) - 2023/01/15 22:41:44 UTC
Table: 'Expresso Nitro(623146412)#0' 3-max (real money) Seat #2 is the button
Seat 1: xGeeK-MaGiK (300)
Seat 2: _SKR (290)
Seat 3: kaki50130 (310)
*** ANTE/BLINDS ***
kaki50130 posts small blind 10
xGeeK-MaGiK posts big blind 20
Dealt to _SKR [Kh Ac]
*** PRE-FLOP *** 
_SKR raises 20 to 40
kaki50130 calls 30
xGeeK-MaGiK calls 20
*** FLOP *** [Th 3h As]
kaki50130 checks
xGeeK-MaGiK checks
_SKR bets 42
kaki50130 folds
xGeeK-MaGiK folds
_SKR collected 162 from pot
*** SUMMARY ***
Total pot 162 | No rake
Board: [Th 3h As]
Seat 2: _SKR (button) won 162


Winamax Poker - Tournament "Expresso Nitro" buyIn: 0.93€ + 0.07€ level: 1 - HandId: #2676393460159741953-3-1673822542 - Holdem no limit (10/20) - 2023/01/15 22:42:22 UTC
Table: 'Expresso Nitro(623146412)#0' 3-max (real money) Seat #3 is the button
Seat 1: xGeeK-MaGiK (260)
Seat 2: _SKR (370)
Seat 3: kaki50130 (270)
*** ANTE/BLINDS ***
xGeeK-MaGiK posts small blind 10
_SKR posts big blind 20
Dealt to _SKR [5d 8c]
*** PRE-FLOP *** 
kaki50130 folds
xGeeK-MaGiK calls 10
_SKR checks
*** FLOP *** [Qh Ts 2c]
xGeeK-MaGiK checks
_SKR checks
*** TURN *** [Qh Ts 2c][2d]
xGeeK-MaGiK checks
_SKR checks
*** RIVER *** [Qh Ts 2c 2d][Kc]
xGeeK-MaGiK checks
_SKR checks
*** SHOW DOWN ***
_SKR shows [5d 8c] (One pair : 2)
xGeeK-MaGiK shows [3h Kh] (Two pairs : Kings and 2)
xGeeK-MaGiK collected 40 from pot
*** SUMMARY ***
Total pot 40 | No rake
Board: [Qh Ts 2c 2d Kc]
Seat 1: xGeeK-MaGiK (small blind) showed [3h Kh] and won 40 with Two pairs : Kings and 2
Seat 2: _SKR (big blind) showed [5d 8c] and lost with One pair : 2


Winamax Poker - Tournament "Expresso Nitro" buyIn: 0.93€ + 0.07€ level: 2 - HandId: #2676393460159741953-4-1673822587 - Holdem no limit (15/30) - 2023/01/15 22:43:07 UTC
Table: 'Expresso Nitro(623146412)#0' 3-max (real money) Seat #1 is the button
Seat 1: xGeeK-MaGiK (280)
Seat 2: _SKR (350)
Seat 3: kaki50130 (270)
*** ANTE/BLINDS ***
_SKR posts small blind 15
kaki50130 posts big blind 30
Dealt to _SKR [6c 5h]
*** PRE-FLOP *** 
xGeeK-MaGiK folds
_SKR folds
kaki50130 collected 45 from pot
*** SUMMARY ***
Total pot 45 | No rake
Seat 3: kaki50130 (big blind) won 45


Winamax Poker - Tournament "Expresso Nitro" buyIn: 0.93€ + 0.07€ level: 2 - HandId: #2676393460159741953-5-1673822595 - Holdem no limit (15/30) - 2023/01/15 22:43:15 UTC
Table: 'Expresso Nitro(623146412)#0' 3-max (real money) Seat #2 is the button
Seat 1: xGeeK-MaGiK (280)
Seat 2: _SKR (335)
Seat 3: kaki50130 (285)
*** ANTE/BLINDS ***
kaki50130 posts small blind 15
xGeeK-MaGiK posts big blind 30
Dealt to _SKR [9c 4s]
*** PRE-FLOP *** 
_SKR folds
kaki50130 raises 60 to 90
xGeeK-MaGiK calls 60
*** FLOP *** [4c 6d 7d]
kaki50130 checks
xGeeK-MaGiK checks
*** TURN *** [4c 6d 7d][2c]
kaki50130 bets 180
xGeeK-MaGiK folds
kaki50130 collected 360 from pot
*** SUMMARY ***
Total pot 360 | No rake
Board: [4c 6d 7d 2c]
Seat 3: kaki50130 (small blind) won 360


Winamax Poker - Tournament "Expresso Nitro" buyIn: 0.93€ + 0.07€ level: 2 - HandId: #2676393460159741953-6-1673822611 - Holdem no limit (15/30) - 2023/01/15 22:43:31 UTC
Table: 'Expresso Nitro(623146412)#0' 3-max (real money) Seat #3 is the button
Seat 1: xGeeK-MaGiK (190)
Seat 2: _SKR (335)
Seat 3: kaki50130 (375)
*** ANTE/BLINDS ***
xGeeK-MaGiK posts small blind 15
_SKR posts big blind 30
Dealt to _SKR [Ks 3c]
*** PRE-FLOP *** 
kaki50130 raises 75 to 105
xGeeK-MaGiK folds
_SKR folds
kaki50130 collected 150 from pot
*** SUMMARY ***
Total pot 150 | No rake
Seat 3: kaki50130 (button) won 150


Winamax Poker - Tournament "Expresso Nitro" buyIn: 0.93€ + 0.07€ level: 3 - HandId: #2676393460159741953-7-1673822626 - Holdem no limit (20/40) - 2023/01/15 22:43:46 UTC
Table: 'Expresso Nitro(623146412)#0' 3-max (real money) Seat #1 is the button
Seat 1: xGeeK-MaGiK (175)
Seat 2: _SKR (305)
Seat 3: kaki50130 (420)
*** ANTE/BLINDS ***
_SKR posts small blind 20
kaki50130 posts big blind 40
Dealt to _SKR [Kc Ts]
*** PRE-FLOP *** 
xGeeK-MaGiK folds
_SKR raises 40 to 80
kaki50130 folds
_SKR collected 120 from pot
*** SUMMARY ***
Total pot 120 | No rake
Seat 2: _SKR (small blind) won 120


Winamax Poker - Tournament "Expresso Nitro" buyIn: 0.93€ + 0.07€ level: 3 - HandId: #2676393460159741953-8-1673822635 - Holdem no limit (20/40) - 2023/01/15 22:43:55 UTC
Table: 'Expresso Nitro(623146412)#0' 3-max (real money) Seat #2 is the button
Seat 1: xGeeK-MaGiK (175)
Seat 2: _SKR (345)
Seat 3: kaki50130 (380)
*** ANTE/BLINDS ***
kaki50130 posts small blind 20
xGeeK-MaGiK posts big blind 40
Dealt to _SKR [6h Ks]
*** PRE-FLOP *** 
_SKR folds
kaki50130 raises 80 to 120
xGeeK-MaGiK raises 55 to 175 and is all-in
kaki50130 calls 55
*** FLOP *** [8d 4h 9h]
*** TURN *** [8d 4h 9h][4s]
*** RIVER *** [8d 4h 9h 4s][Jd]
*** SHOW DOWN ***
kaki50130 shows [3s As] (One pair : 4)
xGeeK-MaGiK shows [3c 9c] (Two pairs : 9 and 4)
xGeeK-MaGiK collected 350 from pot
*** SUMMARY ***
Total pot 350 | No rake
Board: [8d 4h 9h 4s Jd]
Seat 1: xGeeK-MaGiK (big blind) showed [3c 9c] and won 350 with Two pairs : 9 and 4
Seat 3: kaki50130 (small blind) showed [3s As] and lost with One pair : 4


Winamax Poker - Tournament "Expresso Nitro" buyIn: 0.93€ + 0.07€ level: 3 - HandId: #2676393460159741953-9-1673822663 - Holdem no limit (20/40) - 2023/01/15 22:44:23 UTC
Table: 'Expresso Nitro(623146412)#0' 3-max (real money) Seat #3 is the button
Seat 1: xGeeK-MaGiK (350)
Seat 2: _SKR (345)
Seat 3: kaki50130 (205)
*** ANTE/BLINDS ***
xGeeK-MaGiK posts small blind 20
_SKR posts big blind 40
Dealt to _SKR [5s 9d]
*** PRE-FLOP *** 
kaki50130 raises 165 to 205 and is all-in
xGeeK-MaGiK folds
_SKR folds
kaki50130 collected 265 from pot
*** SUMMARY ***
Total pot 265 | No rake
Seat 3: kaki50130 (button) won 265


Winamax Poker - Tournament "Expresso Nitro" buyIn: 0.93€ + 0.07€ level: 4 - HandId: #2676393460159741953-10-1673822673 - Holdem no limit (30/60) - 2023/01/15 22:44:33 UTC
Table: 'Expresso Nitro(623146412)#0' 3-max (real money) Seat #1 is the button
Seat 1: xGeeK-MaGiK (330)
Seat 2: _SKR (305)
Seat 3: kaki50130 (265)
*** ANTE/BLINDS ***
_SKR posts small blind 30
kaki50130 posts big blind 60
Dealt to _SKR [Qh 3h]
*** PRE-FLOP *** 
xGeeK-MaGiK folds
_SKR raises 245 to 305 and is all-in
kaki50130 folds
_SKR collected 365 from pot
*** SUMMARY ***
Total pot 365 | No rake
Seat 2: _SKR (small blind) won 365


Winamax Poker - Tournament "Expresso Nitro" buyIn: 0.93€ + 0.07€ level: 4 - HandId: #2676393460159741953-11-1673822684 - Holdem no limit (30/60) - 2023/01/15 22:44:44 UTC
Table: 'Expresso Nitro(623146412)#0' 3-max (real money) Seat #2 is the button
Seat 1: xGeeK-MaGiK (330)
Seat 2: _SKR (365)
Seat 3: kaki50130 (205)
*** ANTE/BLINDS ***
kaki50130 posts small blind 30
xGeeK-MaGiK posts big blind 60
Dealt to _SKR [Jc 2c]
*** PRE-FLOP *** 
_SKR folds
kaki50130 raises 145 to 205 and is all-in
xGeeK-MaGiK folds
kaki50130 collected 265 from pot
*** SUMMARY ***
Total pot 265 | No rake
Seat 3: kaki50130 (small blind) won 265


Winamax Poker - Tournament "Expresso Nitro" buyIn: 0.93€ + 0.07€ level: 4 - HandId: #2676393460159741953-12-1673822697 - Holdem no limit (30/60) - 2023/01/15 22:44:57 UTC
Table: 'Expresso Nitro(623146412)#0' 3-max (real money) Seat #3 is the button
Seat 1: xGeeK-MaGiK (270)
Seat 2: _SKR (365)
Seat 3: kaki50130 (265)
*** ANTE/BLINDS ***
xGeeK-MaGiK posts small blind 30
_SKR posts big blind 60
Dealt to _SKR [7h 6s]
*** PRE-FLOP *** 
kaki50130 calls 60
xGeeK-MaGiK raises 210 to 270 and is all-in
_SKR folds
kaki50130 calls 205 and is all-in
*** FLOP *** [Jc 4h 2d]
*** TURN *** [Jc 4h 2d][Tc]
*** RIVER *** [Jc 4h 2d Tc][Ks]
*** SHOW DOWN ***
xGeeK-MaGiK shows [As 3s] (High card : Ace)
kaki50130 shows [Kd 5d] (One pair : Kings)
kaki50130 collected 590 from main pot
xGeeK-MaGiK collected 5 from side pot 1
*** SUMMARY ***
Total pot 595 | No rake
Board: [Jc 4h 2d Tc Ks]
Seat 1: xGeeK-MaGiK (small blind) showed [As 3s] and won 5 with High card : Ace
Seat 3: kaki50130 (button) showed [Kd 5d] and won 590 with One pair : Kings


Winamax Poker - Tournament "Expresso Nitro" buyIn: 0.93€ + 0.07€ level: 4 - HandId: #2676393460159741953-13-1673822711 - Holdem no limit (30/60) - 2023/01/15 22:45:11 UTC
Table: 'Expresso Nitro(623146412)#0' 3-max (real money) Seat #1 is the button
Seat 1: xGeeK-MaGiK (5)
Seat 2: _SKR (305)
Seat 3: kaki50130 (590)
*** ANTE/BLINDS ***
_SKR posts small blind 30
kaki50130 posts big blind 60
Dealt to _SKR [Qh Tc]
*** PRE-FLOP *** 
xGeeK-MaGiK calls 5 and is all-in
_SKR folds
*** FLOP *** [Ts 9c 5c]
*** TURN *** [Ts 9c 5c][4c]
*** RIVER *** [Ts 9c 5c 4c][Ks]
*** SHOW DOWN ***
xGeeK-MaGiK shows [3d 3c] (One pair : 3)
kaki50130 shows [Th 6h] (One pair : Tens)
kaki50130 collected 95 from pot
*** SUMMARY ***
Total pot 95 | No rake
Board: [Ts 9c 5c 4c Ks]
Seat 1: xGeeK-MaGiK (button) showed [3d 3c] and lost with One pair : 3
Seat 3: kaki50130 (big blind) showed [Th 6h] and won 95 with One pair : Tens


Winamax Poker - Tournament "Expresso Nitro" buyIn: 0.93€ + 0.07€ level: 4 - HandId: #2676393460159741953-14-1673822725 - Holdem no limit (30/60) - 2023/01/15 22:45:25 UTC
Table: 'Expresso Nitro(623146412)#0' 3-max (real money) Seat #3 is the button
Seat 2: _SKR (275)
Seat 3: kaki50130 (625)
*** ANTE/BLINDS ***
kaki50130 posts small blind 30
_SKR posts big blind 60
Dealt to _SKR [6c 7d]
*** PRE-FLOP *** 
kaki50130 raises 565 to 625 and is all-in
_SKR folds
kaki50130 collected 685 from pot
*** SUMMARY ***
Total pot 685 | No rake
Seat 3: kaki50130 (small blind) (button) won 685


Winamax Poker - Tournament "Expresso Nitro" buyIn: 0.93€ + 0.07€ level: 5 - HandId: #2676393460159741953-15-1673822735 - Holdem no limit (40/80) - 2023/01/15 22:45:35 UTC
Table: 'Expresso Nitro(623146412)#0' 3-max (real money) Seat #2 is the button
Seat 2: _SKR (215)
Seat 3: kaki50130 (685)
*** ANTE/BLINDS ***
_SKR posts small blind 40
kaki50130 posts big blind 80
Dealt to _SKR [Th Td]
*** PRE-FLOP *** 
_SKR raises 135 to 215 and is all-in
kaki50130 folds
_SKR collected 295 from pot
*** SUMMARY ***
Total pot 295 | No rake
Seat 2: _SKR (small blind) (button) won 295


Winamax Poker - Tournament "Expresso Nitro" buyIn: 0.93€ + 0.07€ level: 5 - HandId: #2676393460159741953-16-1673822741 - Holdem no limit (40/80) - 2023/01/15 22:45:41 UTC
Table: 'Expresso Nitro(623146412)#0' 3-max (real money) Seat #3 is the button
Seat 2: _SKR (295)
Seat 3: kaki50130 (605)
*** ANTE/BLINDS ***
kaki50130 posts small blind 40
_SKR posts big blind 80
Dealt to _SKR [4s 9d]
*** PRE-FLOP *** 
kaki50130 raises 525 to 605 and is all-in
_SKR folds
kaki50130 collected 685 from pot
*** SUMMARY ***
Total pot 685 | No rake
Seat 3: kaki50130 (small blind) (button) won 685


Winamax Poker - Tournament "Expresso Nitro" buyIn: 0.93€ + 0.07€ level: 5 - HandId: #2676393460159741953-17-1673822753 - Holdem no limit (40/80) - 2023/01/15 22:45:53 UTC
Table: 'Expresso Nitro(623146412)#0' 3-max (real money) Seat #2 is the button
Seat 2: _SKR (215)
Seat 3: kaki50130 (685)
*** ANTE/BLINDS ***
_SKR posts small blind 40
kaki50130 posts big blind 80
Dealt to _SKR [Jh Td]
*** PRE-FLOP *** 
_SKR raises 135 to 215 and is all-in
kaki50130 calls 135
*** FLOP *** [6s 9s Jd]
*** TURN *** [6s 9s Jd][Jc]
*** RIVER *** [6s 9s Jd Jc][4h]
*** SHOW DOWN ***
kaki50130 shows [Ts Ks] (One pair : Jacks)
_SKR shows [Jh Td] (Trips of Jacks)
_SKR collected 430 from pot
*** SUMMARY ***
Total pot 430 | No rake
Board: [6s 9s Jd Jc 4h]
Seat 2: _SKR (small blind) (button) showed [Jh Td] and won 430 with Trips of Jacks
Seat 3: kaki50130 (big blind) showed [Ts Ks] and lost with One pair : Jacks


Winamax Poker - Tournament "Expresso Nitro" buyIn: 0.93€ + 0.07€ level: 5 - HandId: #2676393460159741953-18-1673822766 - Holdem no limit (40/80) - 2023/01/15 22:46:06 UTC
Table: 'Expresso Nitro(623146412)#0' 3-max (real money) Seat #3 is the button
Seat 2: _SKR (430)
Seat 3: kaki50130 (470)
*** ANTE/BLINDS ***
kaki50130 posts small blind 40
_SKR posts big blind 80
Dealt to _SKR [2s 8s]
*** PRE-FLOP *** 
kaki50130 calls 40
_SKR checks
*** FLOP *** [6c As 2c]
_SKR checks
kaki50130 bets 390 and is all-in
_SKR folds
kaki50130 collected 550 from pot
*** SUMMARY ***
Total pot 550 | No rake
Board: [6c As 2c]
Seat 3: kaki50130 (small blind) (button) won 550


Winamax Poker - Tournament "Expresso Nitro" buyIn: 0.93€ + 0.07€ level: 5 - HandId: #2676393460159741953-19-1673822776 - Holdem no limit (40/80) - 2023/01/15 22:46:16 UTC
Table: 'Expresso Nitro(623146412)#0' 3-max (real money) Seat #2 is the button
Seat 2: _SKR (350)
Seat 3: kaki50130 (550)
*** ANTE/BLINDS ***
_SKR posts small blind 40
kaki50130 posts big blind 80
Dealt to _SKR [6d Kc]
*** PRE-FLOP *** 
_SKR raises 270 to 350 and is all-in
kaki50130 calls 270
*** FLOP *** [6c 2c 7c]
*** TURN *** [6c 2c 7c][2d]
*** RIVER *** [6c 2c 7c 2d][Jh]
*** SHOW DOWN ***
_SKR shows [6d Kc] (Two pairs : 6 and 2)
kaki50130 shows [Jc Ts] (Two pairs : Jacks and 2)
kaki50130 collected 700 from pot
*** SUMMARY ***
Total pot 700 | No rake
Board: [6c 2c 7c 2d Jh]
Seat 2: _SKR (small blind) (button) showed [6d Kc] and lost with Two pairs : 6 and 2
Seat 3: kaki50130 (big blind) showed [Jc Ts] and won 700 with Two pairs : Jacks and 2


