Winamax Poker - Tournament "Expresso Nitro" buyIn: 0.93€ + 0.07€ level: 1 - HandId: #2734186179317465089-1-1677187311 - Holdem no limit (10/20) - 2023/02/23 21:21:51 UTC
Table: 'Expresso Nitro(636602328)#0' 3-max (real money) Seat #3 is the button
Seat 1: _SKR (300)
Seat 2: Sony77260 (300)
Seat 3: Zombies54 (300)
*** ANTE/BLINDS ***
_SKR posts small blind 10
Sony77260 posts big blind 20
Dealt to _SKR [5s 4s]
*** PRE-FLOP *** 
Zombies54 folds
_SKR folds
Sony77260 collected 30 from pot
*** SUMMARY ***
Total pot 30 | No rake
Seat 2: Sony77260 (big blind) won 30


Winamax Poker - Tournament "Expresso Nitro" buyIn: 0.93€ + 0.07€ level: 1 - HandId: #2734186179317465089-2-1677187325 - Holdem no limit (10/20) - 2023/02/23 21:22:05 UTC
Table: 'Expresso Nitro(636602328)#0' 3-max (real money) Seat #1 is the button
Seat 1: _SKR (290)
Seat 2: Sony77260 (310)
Seat 3: Zombies54 (300)
*** ANTE/BLINDS ***
Sony77260 posts small blind 10
Zombies54 posts big blind 20
Dealt to _SKR [4c 5d]
*** PRE-FLOP *** 
_SKR folds
Sony77260 calls 10
Zombies54 raises 280 to 300 and is all-in
Sony77260 folds
Zombies54 collected 320 from pot
*** SUMMARY ***
Total pot 320 | No rake
Seat 3: Zombies54 (big blind) won 320


Winamax Poker - Tournament "Expresso Nitro" buyIn: 0.93€ + 0.07€ level: 1 - HandId: #2734186179317465089-3-1677187339 - Holdem no limit (10/20) - 2023/02/23 21:22:19 UTC
Table: 'Expresso Nitro(636602328)#0' 3-max (real money) Seat #2 is the button
Seat 1: _SKR (290)
Seat 2: Sony77260 (290)
Seat 3: Zombies54 (320)
*** ANTE/BLINDS ***
Zombies54 posts small blind 10
_SKR posts big blind 20
Dealt to _SKR [Qs As]
*** PRE-FLOP *** 
Sony77260 calls 20
Zombies54 calls 10
_SKR raises 270 to 290 and is all-in
Sony77260 folds
Zombies54 calls 270
*** FLOP *** [7h Qh 6h]
*** TURN *** [7h Qh 6h][9d]
*** RIVER *** [7h Qh 6h 9d][9c]
*** SHOW DOWN ***
Zombies54 shows [Jh Ks] (One pair : 9)
_SKR shows [Qs As] (Two pairs : Queens and 9)
_SKR collected 600 from pot
*** SUMMARY ***
Total pot 600 | No rake
Board: [7h Qh 6h 9d 9c]
Seat 1: _SKR (big blind) showed [Qs As] and won 600 with Two pairs : Queens and 9
Seat 3: Zombies54 (small blind) showed [Jh Ks] and lost with One pair : 9


Winamax Poker - Tournament "Expresso Nitro" buyIn: 0.93€ + 0.07€ level: 2 - HandId: #2734186179317465089-4-1677187367 - Holdem no limit (15/30) - 2023/02/23 21:22:47 UTC
Table: 'Expresso Nitro(636602328)#0' 3-max (real money) Seat #3 is the button
Seat 1: _SKR (600)
Seat 2: Sony77260 (270)
Seat 3: Zombies54 (30)
*** ANTE/BLINDS ***
_SKR posts small blind 15
Sony77260 posts big blind 30
Dealt to _SKR [8s 5c]
*** PRE-FLOP *** 
Zombies54 calls 30 and is all-in
_SKR folds
*** FLOP *** [3h Jc 7d]
*** TURN *** [3h Jc 7d][7s]
*** RIVER *** [3h Jc 7d 7s][2d]
*** SHOW DOWN ***
Sony77260 shows [4d Kc] (One pair : 7)
Zombies54 shows [9h Ks] (One pair : 7)
Zombies54 collected 75 from pot
*** SUMMARY ***
Total pot 75 | No rake
Board: [3h Jc 7d 7s 2d]
Seat 2: Sony77260 (big blind) showed [4d Kc] and lost with One pair : 7
Seat 3: Zombies54 (button) showed [9h Ks] and won 75 with One pair : 7


Winamax Poker - Tournament "Expresso Nitro" buyIn: 0.93€ + 0.07€ level: 2 - HandId: #2734186179317465089-5-1677187381 - Holdem no limit (15/30) - 2023/02/23 21:23:01 UTC
Table: 'Expresso Nitro(636602328)#0' 3-max (real money) Seat #1 is the button
Seat 1: _SKR (585)
Seat 2: Sony77260 (240)
Seat 3: Zombies54 (75)
*** ANTE/BLINDS ***
Sony77260 posts small blind 15
Zombies54 posts big blind 30
Dealt to _SKR [Qs 7s]
*** PRE-FLOP *** 
_SKR raises 30 to 60
Sony77260 folds
Zombies54 raises 15 to 75 and is all-in
_SKR calls 15
*** FLOP *** [5h 2h 2c]
*** TURN *** [5h 2h 2c][Ad]
*** RIVER *** [5h 2h 2c Ad][3h]
*** SHOW DOWN ***
_SKR shows [Qs 7s] (One pair : 2)
Zombies54 shows [5s 7c] (Two pairs : 5 and 2)
Zombies54 collected 165 from pot
*** SUMMARY ***
Total pot 165 | No rake
Board: [5h 2h 2c Ad 3h]
Seat 1: _SKR (button) showed [Qs 7s] and lost with One pair : 2
Seat 3: Zombies54 (big blind) showed [5s 7c] and won 165 with Two pairs : 5 and 2


Winamax Poker - Tournament "Expresso Nitro" buyIn: 0.93€ + 0.07€ level: 2 - HandId: #2734186179317465089-6-1677187402 - Holdem no limit (15/30) - 2023/02/23 21:23:22 UTC
Table: 'Expresso Nitro(636602328)#0' 3-max (real money) Seat #2 is the button
Seat 1: _SKR (510)
Seat 2: Sony77260 (225)
Seat 3: Zombies54 (165)
*** ANTE/BLINDS ***
Zombies54 posts small blind 15
_SKR posts big blind 30
Dealt to _SKR [2c 3s]
*** PRE-FLOP *** 
Sony77260 calls 30
Zombies54 raises 135 to 165 and is all-in
_SKR folds
Sony77260 calls 135
*** FLOP *** [Ks Td 9d]
*** TURN *** [Ks Td 9d][5h]
*** RIVER *** [Ks Td 9d 5h][Jd]
*** SHOW DOWN ***
Sony77260 shows [4c Ad] (High card : Ace)
Zombies54 shows [7h 9h] (One pair : 9)
Zombies54 collected 360 from pot
*** SUMMARY ***
Total pot 360 | No rake
Board: [Ks Td 9d 5h Jd]
Seat 2: Sony77260 (button) showed [4c Ad] and lost with High card : Ace
Seat 3: Zombies54 (small blind) showed [7h 9h] and won 360 with One pair : 9


Winamax Poker - Tournament "Expresso Nitro" buyIn: 0.93€ + 0.07€ level: 3 - HandId: #2734186179317465089-7-1677187429 - Holdem no limit (20/40) - 2023/02/23 21:23:49 UTC
Table: 'Expresso Nitro(636602328)#0' 3-max (real money) Seat #3 is the button
Seat 1: _SKR (480)
Seat 2: Sony77260 (60)
Seat 3: Zombies54 (360)
*** ANTE/BLINDS ***
_SKR posts small blind 20
Sony77260 posts big blind 40
Dealt to _SKR [8h 9h]
*** PRE-FLOP *** 
Zombies54 calls 40
_SKR folds
Sony77260 checks
*** FLOP *** [3h 5c Ah]
Sony77260 bets 20 and is all-in
Zombies54 calls 20
*** TURN *** [3h 5c Ah][Th]
*** RIVER *** [3h 5c Ah Th][Qh]
*** SHOW DOWN ***
Zombies54 shows [8s Jd] (High card : Ace)
Sony77260 shows [3c 5s] (Two pairs : 5 and 3)
Sony77260 collected 140 from pot
*** SUMMARY ***
Total pot 140 | No rake
Board: [3h 5c Ah Th Qh]
Seat 2: Sony77260 (big blind) showed [3c 5s] and won 140 with Two pairs : 5 and 3
Seat 3: Zombies54 (button) showed [8s Jd] and lost with High card : Ace


Winamax Poker - Tournament "Expresso Nitro" buyIn: 0.93€ + 0.07€ level: 3 - HandId: #2734186179317465089-8-1677187451 - Holdem no limit (20/40) - 2023/02/23 21:24:11 UTC
Table: 'Expresso Nitro(636602328)#0' 3-max (real money) Seat #1 is the button
Seat 1: _SKR (460)
Seat 2: Sony77260 (140)
Seat 3: Zombies54 (300)
*** ANTE/BLINDS ***
Sony77260 posts small blind 20
Zombies54 posts big blind 40
Dealt to _SKR [Qh Kh]
*** PRE-FLOP *** 
_SKR raises 420 to 460 and is all-in
Sony77260 calls 120 and is all-in
Zombies54 folds
*** FLOP *** [2d 6s 6c]
*** TURN *** [2d 6s 6c][Js]
*** RIVER *** [2d 6s 6c Js][8s]
*** SHOW DOWN ***
_SKR shows [Qh Kh] (One pair : 6)
Sony77260 shows [Kd 6d] (Trips of 6)
Sony77260 collected 320 from main pot
_SKR collected 320 from side pot 1
*** SUMMARY ***
Total pot 640 | No rake
Board: [2d 6s 6c Js 8s]
Seat 1: _SKR (button) showed [Qh Kh] and won 320 with One pair : 6
Seat 2: Sony77260 (small blind) showed [Kd 6d] and won 320 with Trips of 6


Winamax Poker - Tournament "Expresso Nitro" buyIn: 0.93€ + 0.07€ level: 3 - HandId: #2734186179317465089-9-1677187468 - Holdem no limit (20/40) - 2023/02/23 21:24:28 UTC
Table: 'Expresso Nitro(636602328)#0' 3-max (real money) Seat #2 is the button
Seat 1: _SKR (320)
Seat 2: Sony77260 (320)
Seat 3: Zombies54 (260)
*** ANTE/BLINDS ***
Zombies54 posts small blind 20
_SKR posts big blind 40
Dealt to _SKR [8d 5s]
*** PRE-FLOP *** 
Sony77260 raises 40 to 80
Zombies54 raises 180 to 260 and is all-in
_SKR folds
Sony77260 calls 180
*** FLOP *** [6h 2c 6c]
*** TURN *** [6h 2c 6c][7s]
*** RIVER *** [6h 2c 6c 7s][4c]
*** SHOW DOWN ***
Zombies54 shows [3d Qd] (One pair : 6)
Sony77260 shows [2h As] (Two pairs : 6 and 2)
Sony77260 collected 560 from pot
*** SUMMARY ***
Total pot 560 | No rake
Board: [6h 2c 6c 7s 4c]
Seat 2: Sony77260 (button) showed [2h As] and won 560 with Two pairs : 6 and 2
Seat 3: Zombies54 (small blind) showed [3d Qd] and lost with One pair : 6


Winamax Poker - Tournament "Expresso Nitro" buyIn: 0.93€ + 0.07€ level: 3 - HandId: #2734186179317465089-10-1677187485 - Holdem no limit (20/40) - 2023/02/23 21:24:45 UTC
Table: 'Expresso Nitro(636602328)#0' 3-max (real money) Seat #1 is the button
Seat 1: _SKR (280)
Seat 2: Sony77260 (620)
*** ANTE/BLINDS ***
_SKR posts small blind 20
Sony77260 posts big blind 40
Dealt to _SKR [Kh 4c]
*** PRE-FLOP *** 
_SKR raises 240 to 280 and is all-in
Sony77260 calls 240
*** FLOP *** [3s 2c Qd]
*** TURN *** [3s 2c Qd][8d]
*** RIVER *** [3s 2c Qd 8d][Qc]
*** SHOW DOWN ***
_SKR shows [Kh 4c] (One pair : Queens)
Sony77260 shows [Qh Js] (Trips of Queens)
Sony77260 collected 560 from pot
*** SUMMARY ***
Total pot 560 | No rake
Board: [3s 2c Qd 8d Qc]
Seat 1: _SKR (small blind) (button) showed [Kh 4c] and lost with One pair : Queens
Seat 2: Sony77260 (big blind) showed [Qh Js] and won 560 with Trips of Queens


