Winamax Poker - Tournament "Expresso Nitro" buyIn: 1.86€ + 0.14€ level: 1 - HandId: #2698206070047768577-1-1675185492 - Holdem no limit (10/20) - 2023/01/31 17:18:12 UTC
Table: 'Expresso Nitro(628225056)#0' 3-max (real money) Seat #3 is the button
Seat 1: _SKR (300)
Seat 2: LuCastagne7 (300)
Seat 3: OSKARR88 (300)
*** ANTE/BLINDS ***
_SKR posts small blind 10
LuCastagne7 posts big blind 20
Dealt to _SKR [7d Th]
*** PRE-FLOP *** 
OSKARR88 folds
_SKR folds
LuCastagne7 collected 30 from pot
*** SUMMARY ***
Total pot 30 | No rake
Seat 2: LuCastagne7 (big blind) won 30


Winamax Poker - Tournament "Expresso Nitro" buyIn: 1.86€ + 0.14€ level: 1 - HandId: #2698206070047768577-2-1675185498 - Holdem no limit (10/20) - 2023/01/31 17:18:18 UTC
Table: 'Expresso Nitro(628225056)#0' 3-max (real money) Seat #1 is the button
Seat 1: _SKR (290)
Seat 2: LuCastagne7 (310)
Seat 3: OSKARR88 (300)
*** ANTE/BLINDS ***
LuCastagne7 posts small blind 10
OSKARR88 posts big blind 20
Dealt to _SKR [Ac 4h]
*** PRE-FLOP *** 
_SKR raises 270 to 290 and is all-in
LuCastagne7 folds
OSKARR88 folds
_SKR collected 320 from pot
*** SUMMARY ***
Total pot 320 | No rake
Seat 1: _SKR (button) won 320


Winamax Poker - Tournament "Expresso Nitro" buyIn: 1.86€ + 0.14€ level: 1 - HandId: #2698206070047768577-3-1675185505 - Holdem no limit (10/20) - 2023/01/31 17:18:25 UTC
Table: 'Expresso Nitro(628225056)#0' 3-max (real money) Seat #2 is the button
Seat 1: _SKR (320)
Seat 2: LuCastagne7 (300)
Seat 3: OSKARR88 (280)
*** ANTE/BLINDS ***
OSKARR88 posts small blind 10
_SKR posts big blind 20
Dealt to _SKR [3h 4d]
*** PRE-FLOP *** 
LuCastagne7 folds
OSKARR88 folds
_SKR collected 30 from pot
*** SUMMARY ***
Total pot 30 | No rake
Seat 1: _SKR (big blind) won 30


Winamax Poker - Tournament "Expresso Nitro" buyIn: 1.86€ + 0.14€ level: 1 - HandId: #2698206070047768577-4-1675185522 - Holdem no limit (10/20) - 2023/01/31 17:18:42 UTC
Table: 'Expresso Nitro(628225056)#0' 3-max (real money) Seat #3 is the button
Seat 1: _SKR (330)
Seat 2: LuCastagne7 (300)
Seat 3: OSKARR88 (270)
*** ANTE/BLINDS ***
_SKR posts small blind 10
LuCastagne7 posts big blind 20
Dealt to _SKR [5s 2h]
*** PRE-FLOP *** 
OSKARR88 folds
_SKR folds
LuCastagne7 collected 30 from pot
*** SUMMARY ***
Total pot 30 | No rake
Seat 2: LuCastagne7 (big blind) won 30


Winamax Poker - Tournament "Expresso Nitro" buyIn: 1.86€ + 0.14€ level: 1 - HandId: #2698206070047768577-5-1675185536 - Holdem no limit (10/20) - 2023/01/31 17:18:56 UTC
Table: 'Expresso Nitro(628225056)#0' 3-max (real money) Seat #1 is the button
Seat 1: _SKR (320)
Seat 2: LuCastagne7 (310)
Seat 3: OSKARR88 (270)
*** ANTE/BLINDS ***
LuCastagne7 posts small blind 10
OSKARR88 posts big blind 20
Dealt to _SKR [5d 3s]
*** PRE-FLOP *** 
_SKR folds
LuCastagne7 calls 10
OSKARR88 checks
*** FLOP *** [9c 3d Qs]
LuCastagne7 checks
OSKARR88 checks
*** TURN *** [9c 3d Qs][2s]
LuCastagne7 checks
OSKARR88 checks
*** RIVER *** [9c 3d Qs 2s][Kh]
LuCastagne7 bets 40
OSKARR88 folds
LuCastagne7 collected 80 from pot
*** SUMMARY ***
Total pot 80 | No rake
Board: [9c 3d Qs 2s Kh]
Seat 2: LuCastagne7 (small blind) won 80


Winamax Poker - Tournament "Expresso Nitro" buyIn: 1.86€ + 0.14€ level: 2 - HandId: #2698206070047768577-6-1675185565 - Holdem no limit (15/30) - 2023/01/31 17:19:25 UTC
Table: 'Expresso Nitro(628225056)#0' 3-max (real money) Seat #2 is the button
Seat 1: _SKR (320)
Seat 2: LuCastagne7 (330)
Seat 3: OSKARR88 (250)
*** ANTE/BLINDS ***
OSKARR88 posts small blind 15
_SKR posts big blind 30
Dealt to _SKR [7d Kd]
*** PRE-FLOP *** 
LuCastagne7 folds
OSKARR88 calls 15
_SKR raises 290 to 320 and is all-in
OSKARR88 folds
_SKR collected 350 from pot
*** SUMMARY ***
Total pot 350 | No rake
Seat 1: _SKR (big blind) won 350


Winamax Poker - Tournament "Expresso Nitro" buyIn: 1.86€ + 0.14€ level: 2 - HandId: #2698206070047768577-7-1675185600 - Holdem no limit (15/30) - 2023/01/31 17:20:00 UTC
Table: 'Expresso Nitro(628225056)#0' 3-max (real money) Seat #3 is the button
Seat 1: _SKR (350)
Seat 2: LuCastagne7 (330)
Seat 3: OSKARR88 (220)
*** ANTE/BLINDS ***
_SKR posts small blind 15
LuCastagne7 posts big blind 30
Dealt to _SKR [3d 4h]
*** PRE-FLOP *** 
OSKARR88 folds
_SKR folds
LuCastagne7 collected 45 from pot
*** SUMMARY ***
Total pot 45 | No rake
Seat 2: LuCastagne7 (big blind) won 45


Winamax Poker - Tournament "Expresso Nitro" buyIn: 1.86€ + 0.14€ level: 2 - HandId: #2698206070047768577-8-1675185606 - Holdem no limit (15/30) - 2023/01/31 17:20:06 UTC
Table: 'Expresso Nitro(628225056)#0' 3-max (real money) Seat #1 is the button
Seat 1: _SKR (335)
Seat 2: LuCastagne7 (345)
Seat 3: OSKARR88 (220)
*** ANTE/BLINDS ***
LuCastagne7 posts small blind 15
OSKARR88 posts big blind 30
Dealt to _SKR [5c 6d]
*** PRE-FLOP *** 
_SKR folds
LuCastagne7 calls 15
OSKARR88 checks
*** FLOP *** [Ah 9c Qh]
LuCastagne7 checks
OSKARR88 checks
*** TURN *** [Ah 9c Qh][2d]
LuCastagne7 checks
OSKARR88 checks
*** RIVER *** [Ah 9c Qh 2d][Ts]
LuCastagne7 bets 60
OSKARR88 folds
LuCastagne7 collected 120 from pot
*** SUMMARY ***
Total pot 120 | No rake
Board: [Ah 9c Qh 2d Ts]
Seat 2: LuCastagne7 (small blind) won 120


Winamax Poker - Tournament "Expresso Nitro" buyIn: 1.86€ + 0.14€ level: 3 - HandId: #2698206070047768577-9-1675185629 - Holdem no limit (20/40) - 2023/01/31 17:20:29 UTC
Table: 'Expresso Nitro(628225056)#0' 3-max (real money) Seat #2 is the button
Seat 1: _SKR (335)
Seat 2: LuCastagne7 (375)
Seat 3: OSKARR88 (190)
*** ANTE/BLINDS ***
OSKARR88 posts small blind 20
_SKR posts big blind 40
Dealt to _SKR [5c Kc]
*** PRE-FLOP *** 
LuCastagne7 raises 335 to 375 and is all-in
OSKARR88 folds
_SKR folds
LuCastagne7 collected 435 from pot
*** SUMMARY ***
Total pot 435 | No rake
Seat 2: LuCastagne7 (button) won 435


Winamax Poker - Tournament "Expresso Nitro" buyIn: 1.86€ + 0.14€ level: 3 - HandId: #2698206070047768577-10-1675185648 - Holdem no limit (20/40) - 2023/01/31 17:20:48 UTC
Table: 'Expresso Nitro(628225056)#0' 3-max (real money) Seat #3 is the button
Seat 1: _SKR (295)
Seat 2: LuCastagne7 (435)
Seat 3: OSKARR88 (170)
*** ANTE/BLINDS ***
_SKR posts small blind 20
LuCastagne7 posts big blind 40
Dealt to _SKR [8h 5d]
*** PRE-FLOP *** 
OSKARR88 raises 130 to 170 and is all-in
_SKR folds
LuCastagne7 calls 130
*** FLOP *** [2s 3h 3s]
*** TURN *** [2s 3h 3s][2d]
*** RIVER *** [2s 3h 3s 2d][6d]
*** SHOW DOWN ***
OSKARR88 shows [Jd Kc] (Two pairs : 3 and 2)
LuCastagne7 shows [Ts Ah] (Two pairs : 3 and 2)
LuCastagne7 collected 360 from pot
*** SUMMARY ***
Total pot 360 | No rake
Board: [2s 3h 3s 2d 6d]
Seat 2: LuCastagne7 (big blind) showed [Ts Ah] and won 360 with Two pairs : 3 and 2
Seat 3: OSKARR88 (button) showed [Jd Kc] and lost with Two pairs : 3 and 2


Winamax Poker - Tournament "Expresso Nitro" buyIn: 1.86€ + 0.14€ level: 4 - HandId: #2698206070047768577-11-1675185669 - Holdem no limit (30/60) - 2023/01/31 17:21:09 UTC
Table: 'Expresso Nitro(628225056)#0' 3-max (real money) Seat #2 is the button
Seat 1: _SKR (275)
Seat 2: LuCastagne7 (625)
*** ANTE/BLINDS ***
LuCastagne7 posts small blind 30
_SKR posts big blind 60
Dealt to _SKR [4d 6s]
*** PRE-FLOP *** 
LuCastagne7 calls 30
_SKR checks
*** FLOP *** [5s 9c 8d]
_SKR checks
LuCastagne7 checks
*** TURN *** [5s 9c 8d][8s]
_SKR checks
LuCastagne7 checks
*** RIVER *** [5s 9c 8d 8s][6d]
_SKR checks
LuCastagne7 bets 60
_SKR folds
LuCastagne7 collected 180 from pot
*** SUMMARY ***
Total pot 180 | No rake
Board: [5s 9c 8d 8s 6d]
Seat 2: LuCastagne7 (small blind) (button) won 180


Winamax Poker - Tournament "Expresso Nitro" buyIn: 1.86€ + 0.14€ level: 4 - HandId: #2698206070047768577-12-1675185701 - Holdem no limit (30/60) - 2023/01/31 17:21:41 UTC
Table: 'Expresso Nitro(628225056)#0' 3-max (real money) Seat #1 is the button
Seat 1: _SKR (215)
Seat 2: LuCastagne7 (685)
*** ANTE/BLINDS ***
_SKR posts small blind 30
LuCastagne7 posts big blind 60
Dealt to _SKR [7c Jd]
*** PRE-FLOP *** 
_SKR raises 155 to 215 and is all-in
LuCastagne7 folds
_SKR collected 275 from pot
*** SUMMARY ***
Total pot 275 | No rake
Seat 1: _SKR (small blind) (button) won 275


Winamax Poker - Tournament "Expresso Nitro" buyIn: 1.86€ + 0.14€ level: 4 - HandId: #2698206070047768577-13-1675185707 - Holdem no limit (30/60) - 2023/01/31 17:21:47 UTC
Table: 'Expresso Nitro(628225056)#0' 3-max (real money) Seat #2 is the button
Seat 1: _SKR (275)
Seat 2: LuCastagne7 (625)
*** ANTE/BLINDS ***
LuCastagne7 posts small blind 30
_SKR posts big blind 60
Dealt to _SKR [Th 4s]
*** PRE-FLOP *** 
LuCastagne7 folds
_SKR collected 90 from pot
*** SUMMARY ***
Total pot 90 | No rake
Seat 1: _SKR (big blind) won 90


Winamax Poker - Tournament "Expresso Nitro" buyIn: 1.86€ + 0.14€ level: 4 - HandId: #2698206070047768577-14-1675185720 - Holdem no limit (30/60) - 2023/01/31 17:22:00 UTC
Table: 'Expresso Nitro(628225056)#0' 3-max (real money) Seat #1 is the button
Seat 1: _SKR (305)
Seat 2: LuCastagne7 (595)
*** ANTE/BLINDS ***
_SKR posts small blind 30
LuCastagne7 posts big blind 60
Dealt to _SKR [Qh Tc]
*** PRE-FLOP *** 
_SKR raises 245 to 305 and is all-in
LuCastagne7 folds
_SKR collected 365 from pot
*** SUMMARY ***
Total pot 365 | No rake
Seat 1: _SKR (small blind) (button) won 365


Winamax Poker - Tournament "Expresso Nitro" buyIn: 1.86€ + 0.14€ level: 4 - HandId: #2698206070047768577-15-1675185725 - Holdem no limit (30/60) - 2023/01/31 17:22:05 UTC
Table: 'Expresso Nitro(628225056)#0' 3-max (real money) Seat #2 is the button
Seat 1: _SKR (365)
Seat 2: LuCastagne7 (535)
*** ANTE/BLINDS ***
LuCastagne7 posts small blind 30
_SKR posts big blind 60
Dealt to _SKR [As 5s]
*** PRE-FLOP *** 
LuCastagne7 calls 30
_SKR raises 305 to 365 and is all-in
LuCastagne7 calls 305
*** FLOP *** [3s Tc 8s]
*** TURN *** [3s Tc 8s][3h]
*** RIVER *** [3s Tc 8s 3h][5h]
*** SHOW DOWN ***
LuCastagne7 shows [Js Qh] (One pair : 3)
_SKR shows [As 5s] (Two pairs : 5 and 3)
_SKR collected 730 from pot
*** SUMMARY ***
Total pot 730 | No rake
Board: [3s Tc 8s 3h 5h]
Seat 1: _SKR (big blind) showed [As 5s] and won 730 with Two pairs : 5 and 3
Seat 2: LuCastagne7 (small blind) (button) showed [Js Qh] and lost with One pair : 3


Winamax Poker - Tournament "Expresso Nitro" buyIn: 1.86€ + 0.14€ level: 5 - HandId: #2698206070047768577-16-1675185739 - Holdem no limit (40/80) - 2023/01/31 17:22:19 UTC
Table: 'Expresso Nitro(628225056)#0' 3-max (real money) Seat #1 is the button
Seat 1: _SKR (730)
Seat 2: LuCastagne7 (170)
*** ANTE/BLINDS ***
_SKR posts small blind 40
LuCastagne7 posts big blind 80
Dealt to _SKR [8s 4h]
*** PRE-FLOP *** 
_SKR folds
LuCastagne7 collected 120 from pot
*** SUMMARY ***
Total pot 120 | No rake
Seat 2: LuCastagne7 (big blind) won 120


Winamax Poker - Tournament "Expresso Nitro" buyIn: 1.86€ + 0.14€ level: 5 - HandId: #2698206070047768577-17-1675185743 - Holdem no limit (40/80) - 2023/01/31 17:22:23 UTC
Table: 'Expresso Nitro(628225056)#0' 3-max (real money) Seat #2 is the button
Seat 1: _SKR (690)
Seat 2: LuCastagne7 (210)
*** ANTE/BLINDS ***
LuCastagne7 posts small blind 40
_SKR posts big blind 80
Dealt to _SKR [9s Tc]
*** PRE-FLOP *** 
LuCastagne7 folds
_SKR collected 120 from pot
*** SUMMARY ***
Total pot 120 | No rake
Seat 1: _SKR (big blind) won 120


Winamax Poker - Tournament "Expresso Nitro" buyIn: 1.86€ + 0.14€ level: 5 - HandId: #2698206070047768577-18-1675185747 - Holdem no limit (40/80) - 2023/01/31 17:22:27 UTC
Table: 'Expresso Nitro(628225056)#0' 3-max (real money) Seat #1 is the button
Seat 1: _SKR (730)
Seat 2: LuCastagne7 (170)
*** ANTE/BLINDS ***
_SKR posts small blind 40
LuCastagne7 posts big blind 80
Dealt to _SKR [8d 9d]
*** PRE-FLOP *** 
_SKR raises 80 to 160
LuCastagne7 raises 10 to 170 and is all-in
_SKR calls 10
*** FLOP *** [Td 2d 7d]
*** TURN *** [Td 2d 7d][Kh]
*** RIVER *** [Td 2d 7d Kh][As]
*** SHOW DOWN ***
LuCastagne7 shows [Qc 9c] (High card : Ace)
_SKR shows [8d 9d] (Flush Ten high)
_SKR collected 340 from pot
*** SUMMARY ***
Total pot 340 | No rake
Board: [Td 2d 7d Kh As]
Seat 1: _SKR (small blind) (button) showed [8d 9d] and won 340 with Flush Ten high
Seat 2: LuCastagne7 (big blind) showed [Qc 9c] and lost with High card : Ace


