Winamax Poker - Tournament "Expresso Nitro" buyIn: 1.86€ + 0.14€ level: 1 - HandId: #2696666942747443201-1-1675092466 - Holdem no limit (10/20) - 2023/01/30 15:27:46 UTC
Table: 'Expresso Nitro(627866700)#0' 3-max (real money) Seat #3 is the button
Seat 1: _SKR (300)
Seat 2: Jerhug27 (300)
Seat 3: Elegance06 (300)
*** ANTE/BLINDS ***
_SKR posts small blind 10
Jerhug27 posts big blind 20
Dealt to _SKR [3s Js]
*** PRE-FLOP *** 
Elegance06 folds
_SKR calls 10
Jerhug27 raises 30 to 50
_SKR folds
Jerhug27 collected 70 from pot
*** SUMMARY ***
Total pot 70 | No rake
Seat 2: Jerhug27 (big blind) won 70


Winamax Poker - Tournament "Expresso Nitro" buyIn: 1.86€ + 0.14€ level: 1 - HandId: #2696666942747443201-2-1675092480 - Holdem no limit (10/20) - 2023/01/30 15:28:00 UTC
Table: 'Expresso Nitro(627866700)#0' 3-max (real money) Seat #1 is the button
Seat 1: _SKR (280)
Seat 2: Jerhug27 (320)
Seat 3: Elegance06 (300)
*** ANTE/BLINDS ***
Jerhug27 posts small blind 10
Elegance06 posts big blind 20
Dealt to _SKR [Ts Qd]
*** PRE-FLOP *** 
_SKR folds
Jerhug27 raises 20 to 40
Elegance06 calls 20
*** FLOP *** [5d 8d 6h]
Jerhug27 checks
Elegance06 bets 20
Jerhug27 calls 20
*** TURN *** [5d 8d 6h][Qc]
Jerhug27 checks
Elegance06 bets 240 and is all-in
Jerhug27 folds
Elegance06 collected 360 from pot
*** SUMMARY ***
Total pot 360 | No rake
Board: [5d 8d 6h Qc]
Seat 3: Elegance06 (big blind) won 360


Winamax Poker - Tournament "Expresso Nitro" buyIn: 1.86€ + 0.14€ level: 1 - HandId: #2696666942747443201-3-1675092520 - Holdem no limit (10/20) - 2023/01/30 15:28:40 UTC
Table: 'Expresso Nitro(627866700)#0' 3-max (real money) Seat #2 is the button
Seat 1: _SKR (280)
Seat 2: Jerhug27 (260)
Seat 3: Elegance06 (360)
*** ANTE/BLINDS ***
Elegance06 posts small blind 10
_SKR posts big blind 20
Dealt to _SKR [Ah Qs]
*** PRE-FLOP *** 
Jerhug27 folds
Elegance06 calls 10
_SKR raises 260 to 280 and is all-in
Elegance06 folds
_SKR collected 300 from pot
*** SUMMARY ***
Total pot 300 | No rake
Seat 1: _SKR (big blind) won 300


Winamax Poker - Tournament "Expresso Nitro" buyIn: 1.86€ + 0.14€ level: 2 - HandId: #2696666942747443201-4-1675092529 - Holdem no limit (15/30) - 2023/01/30 15:28:49 UTC
Table: 'Expresso Nitro(627866700)#0' 3-max (real money) Seat #3 is the button
Seat 1: _SKR (300)
Seat 2: Jerhug27 (260)
Seat 3: Elegance06 (340)
*** ANTE/BLINDS ***
_SKR posts small blind 15
Jerhug27 posts big blind 30
Dealt to _SKR [9s 4s]
*** PRE-FLOP *** 
Elegance06 calls 30
_SKR folds
Jerhug27 raises 230 to 260 and is all-in
Elegance06 folds
Jerhug27 collected 305 from pot
*** SUMMARY ***
Total pot 305 | No rake
Seat 2: Jerhug27 (big blind) won 305


Winamax Poker - Tournament "Expresso Nitro" buyIn: 1.86€ + 0.14€ level: 2 - HandId: #2696666942747443201-5-1675092539 - Holdem no limit (15/30) - 2023/01/30 15:28:59 UTC
Table: 'Expresso Nitro(627866700)#0' 3-max (real money) Seat #1 is the button
Seat 1: _SKR (285)
Seat 2: Jerhug27 (305)
Seat 3: Elegance06 (310)
*** ANTE/BLINDS ***
Jerhug27 posts small blind 15
Elegance06 posts big blind 30
Dealt to _SKR [6s 6c]
*** PRE-FLOP *** 
_SKR raises 255 to 285 and is all-in
Jerhug27 folds
Elegance06 folds
_SKR collected 330 from pot
*** SUMMARY ***
Total pot 330 | No rake
Seat 1: _SKR (button) won 330


Winamax Poker - Tournament "Expresso Nitro" buyIn: 1.86€ + 0.14€ level: 2 - HandId: #2696666942747443201-6-1675092545 - Holdem no limit (15/30) - 2023/01/30 15:29:05 UTC
Table: 'Expresso Nitro(627866700)#0' 3-max (real money) Seat #2 is the button
Seat 1: _SKR (330)
Seat 2: Jerhug27 (290)
Seat 3: Elegance06 (280)
*** ANTE/BLINDS ***
Elegance06 posts small blind 15
_SKR posts big blind 30
Dealt to _SKR [8s 8h]
*** PRE-FLOP *** 
Jerhug27 folds
Elegance06 folds
_SKR collected 45 from pot
*** SUMMARY ***
Total pot 45 | No rake
Seat 1: _SKR (big blind) won 45


Winamax Poker - Tournament "Expresso Nitro" buyIn: 1.86€ + 0.14€ level: 2 - HandId: #2696666942747443201-7-1675092550 - Holdem no limit (15/30) - 2023/01/30 15:29:10 UTC
Table: 'Expresso Nitro(627866700)#0' 3-max (real money) Seat #3 is the button
Seat 1: _SKR (345)
Seat 2: Jerhug27 (290)
Seat 3: Elegance06 (265)
*** ANTE/BLINDS ***
_SKR posts small blind 15
Jerhug27 posts big blind 30
Dealt to _SKR [6d Kd]
*** PRE-FLOP *** 
Elegance06 folds
_SKR raises 315 to 345 and is all-in
Jerhug27 folds
_SKR collected 375 from pot
*** SUMMARY ***
Total pot 375 | No rake
Seat 1: _SKR (small blind) won 375


Winamax Poker - Tournament "Expresso Nitro" buyIn: 1.86€ + 0.14€ level: 2 - HandId: #2696666942747443201-8-1675092570 - Holdem no limit (15/30) - 2023/01/30 15:29:30 UTC
Table: 'Expresso Nitro(627866700)#0' 3-max (real money) Seat #1 is the button
Seat 1: _SKR (375)
Seat 2: Jerhug27 (260)
Seat 3: Elegance06 (265)
*** ANTE/BLINDS ***
Jerhug27 posts small blind 15
Elegance06 posts big blind 30
Dealt to _SKR [4h Th]
*** PRE-FLOP *** 
_SKR folds
Jerhug27 raises 30 to 60
Elegance06 raises 205 to 265 and is all-in
Jerhug27 folds
Elegance06 collected 325 from pot
*** SUMMARY ***
Total pot 325 | No rake
Seat 3: Elegance06 (big blind) won 325


Winamax Poker - Tournament "Expresso Nitro" buyIn: 1.86€ + 0.14€ level: 2 - HandId: #2696666942747443201-9-1675092580 - Holdem no limit (15/30) - 2023/01/30 15:29:40 UTC
Table: 'Expresso Nitro(627866700)#0' 3-max (real money) Seat #2 is the button
Seat 1: _SKR (375)
Seat 2: Jerhug27 (200)
Seat 3: Elegance06 (325)
*** ANTE/BLINDS ***
Elegance06 posts small blind 15
_SKR posts big blind 30
Dealt to _SKR [8h 3h]
*** PRE-FLOP *** 
Jerhug27 raises 30 to 60
Elegance06 raises 265 to 325 and is all-in
_SKR folds
Jerhug27 calls 140 and is all-in
*** FLOP *** [2h 2s 4s]
*** TURN *** [2h 2s 4s][7h]
*** RIVER *** [2h 2s 4s 7h][6c]
*** SHOW DOWN ***
Jerhug27 shows [4h As] (Two pairs : 4 and 2)
Elegance06 shows [6s Ah] (Two pairs : 6 and 2)
Elegance06 collected 555 from pot
*** SUMMARY ***
Total pot 555 | No rake
Board: [2h 2s 4s 7h 6c]
Seat 2: Jerhug27 (button) showed [4h As] and lost with Two pairs : 4 and 2
Seat 3: Elegance06 (small blind) showed [6s Ah] and won 555 with Two pairs : 6 and 2


Winamax Poker - Tournament "Expresso Nitro" buyIn: 1.86€ + 0.14€ level: 3 - HandId: #2696666942747443201-10-1675092598 - Holdem no limit (20/40) - 2023/01/30 15:29:58 UTC
Table: 'Expresso Nitro(627866700)#0' 3-max (real money) Seat #1 is the button
Seat 1: _SKR (345)
Seat 3: Elegance06 (555)
*** ANTE/BLINDS ***
_SKR posts small blind 20
Elegance06 posts big blind 40
Dealt to _SKR [2d Qd]
*** PRE-FLOP *** 
_SKR folds
Elegance06 collected 60 from pot
*** SUMMARY ***
Total pot 60 | No rake
Seat 3: Elegance06 (big blind) won 60


Winamax Poker - Tournament "Expresso Nitro" buyIn: 1.86€ + 0.14€ level: 3 - HandId: #2696666942747443201-11-1675092604 - Holdem no limit (20/40) - 2023/01/30 15:30:04 UTC
Table: 'Expresso Nitro(627866700)#0' 3-max (real money) Seat #3 is the button
Seat 1: _SKR (325)
Seat 3: Elegance06 (575)
*** ANTE/BLINDS ***
Elegance06 posts small blind 20
_SKR posts big blind 40
Dealt to _SKR [Qc Kh]
*** PRE-FLOP *** 
Elegance06 folds
_SKR collected 60 from pot
*** SUMMARY ***
Total pot 60 | No rake
Seat 1: _SKR (big blind) won 60


Winamax Poker - Tournament "Expresso Nitro" buyIn: 1.86€ + 0.14€ level: 3 - HandId: #2696666942747443201-12-1675092607 - Holdem no limit (20/40) - 2023/01/30 15:30:07 UTC
Table: 'Expresso Nitro(627866700)#0' 3-max (real money) Seat #1 is the button
Seat 1: _SKR (345)
Seat 3: Elegance06 (555)
*** ANTE/BLINDS ***
_SKR posts small blind 20
Elegance06 posts big blind 40
Dealt to _SKR [6s Tc]
*** PRE-FLOP *** 
_SKR folds
Elegance06 collected 60 from pot
*** SUMMARY ***
Total pot 60 | No rake
Seat 3: Elegance06 (big blind) won 60


Winamax Poker - Tournament "Expresso Nitro" buyIn: 1.86€ + 0.14€ level: 3 - HandId: #2696666942747443201-13-1675092611 - Holdem no limit (20/40) - 2023/01/30 15:30:11 UTC
Table: 'Expresso Nitro(627866700)#0' 3-max (real money) Seat #3 is the button
Seat 1: _SKR (325)
Seat 3: Elegance06 (575)
*** ANTE/BLINDS ***
Elegance06 posts small blind 20
_SKR posts big blind 40
Dealt to _SKR [9d 2c]
*** PRE-FLOP *** 
Elegance06 calls 20
_SKR checks
*** FLOP *** [Qs Th 4h]
_SKR checks
Elegance06 checks
*** TURN *** [Qs Th 4h][8s]
_SKR checks
Elegance06 checks
*** RIVER *** [Qs Th 4h 8s][3s]
_SKR checks
Elegance06 checks
*** SHOW DOWN ***
_SKR shows [9d 2c] (High card : Queen)
Elegance06 shows [5h Kc] (High card : King)
Elegance06 collected 80 from pot
*** SUMMARY ***
Total pot 80 | No rake
Board: [Qs Th 4h 8s 3s]
Seat 1: _SKR (big blind) showed [9d 2c] and lost with High card : Queen
Seat 3: Elegance06 (small blind) (button) showed [5h Kc] and won 80 with High card : King


Winamax Poker - Tournament "Expresso Nitro" buyIn: 1.86€ + 0.14€ level: 3 - HandId: #2696666942747443201-14-1675092637 - Holdem no limit (20/40) - 2023/01/30 15:30:37 UTC
Table: 'Expresso Nitro(627866700)#0' 3-max (real money) Seat #1 is the button
Seat 1: _SKR (285)
Seat 3: Elegance06 (615)
*** ANTE/BLINDS ***
_SKR posts small blind 20
Elegance06 posts big blind 40
Dealt to _SKR [7d 8h]
*** PRE-FLOP *** 
_SKR folds
Elegance06 collected 60 from pot
*** SUMMARY ***
Total pot 60 | No rake
Seat 3: Elegance06 (big blind) won 60


Winamax Poker - Tournament "Expresso Nitro" buyIn: 1.86€ + 0.14€ level: 4 - HandId: #2696666942747443201-15-1675092642 - Holdem no limit (30/60) - 2023/01/30 15:30:42 UTC
Table: 'Expresso Nitro(627866700)#0' 3-max (real money) Seat #3 is the button
Seat 1: _SKR (265)
Seat 3: Elegance06 (635)
*** ANTE/BLINDS ***
Elegance06 posts small blind 30
_SKR posts big blind 60
Dealt to _SKR [6s As]
*** PRE-FLOP *** 
Elegance06 raises 575 to 635 and is all-in
_SKR calls 205 and is all-in
*** FLOP *** [Jc Kc Jh]
*** TURN *** [Jc Kc Jh][Kd]
*** RIVER *** [Jc Kc Jh Kd][9h]
*** SHOW DOWN ***
_SKR shows [6s As] (Two pairs : Kings and Jacks)
Elegance06 shows [Th Kh] (Full of Kings and Jacks)
Elegance06 collected 900 from pot
*** SUMMARY ***
Total pot 900 | No rake
Board: [Jc Kc Jh Kd 9h]
Seat 1: _SKR (big blind) showed [6s As] and lost with Two pairs : Kings and Jacks
Seat 3: Elegance06 (small blind) (button) showed [Th Kh] and won 900 with Full of Kings and Jacks


