Winamax Poker - Tournament "Expresso Nitro" buyIn: 1.86€ + 0.14€ level: 1 - HandId: #2698263412156137473-1-1675187962 - Holdem no limit (10/20) - 2023/01/31 17:59:22 UTC
Table: 'Expresso Nitro(628238407)#0' 3-max (real money) Seat #1 is the button
Seat 1: _SKR (300)
Seat 2: RDKolomuani (300)
Seat 3: Vnik (300)
*** ANTE/BLINDS ***
RDKolomuani posts small blind 10
Vnik posts big blind 20
Dealt to _SKR [Kc 4s]
*** PRE-FLOP *** 
_SKR folds
RDKolomuani folds
Vnik collected 30 from pot
*** SUMMARY ***
Total pot 30 | No rake
Seat 3: Vnik (big blind) won 30


Winamax Poker - Tournament "Expresso Nitro" buyIn: 1.86€ + 0.14€ level: 1 - HandId: #2698263412156137473-2-1675187968 - Holdem no limit (10/20) - 2023/01/31 17:59:28 UTC
Table: 'Expresso Nitro(628238407)#0' 3-max (real money) Seat #2 is the button
Seat 1: _SKR (300)
Seat 2: RDKolomuani (290)
Seat 3: Vnik (310)
*** ANTE/BLINDS ***
Vnik posts small blind 10
_SKR posts big blind 20
Dealt to _SKR [7s 9h]
*** PRE-FLOP *** 
RDKolomuani raises 30 to 50
Vnik folds
_SKR folds
RDKolomuani collected 80 from pot
*** SUMMARY ***
Total pot 80 | No rake
Seat 2: RDKolomuani (button) won 80


Winamax Poker - Tournament "Expresso Nitro" buyIn: 1.86€ + 0.14€ level: 1 - HandId: #2698263412156137473-3-1675187975 - Holdem no limit (10/20) - 2023/01/31 17:59:35 UTC
Table: 'Expresso Nitro(628238407)#0' 3-max (real money) Seat #3 is the button
Seat 1: _SKR (280)
Seat 2: RDKolomuani (320)
Seat 3: Vnik (300)
*** ANTE/BLINDS ***
_SKR posts small blind 10
RDKolomuani posts big blind 20
Dealt to _SKR [Jh 4h]
*** PRE-FLOP *** 
Vnik raises 20 to 40
_SKR folds
RDKolomuani calls 20
*** FLOP *** [As Th Qh]
RDKolomuani checks
Vnik bets 30
RDKolomuani calls 30
*** TURN *** [As Th Qh][8h]
RDKolomuani checks
Vnik bets 60
RDKolomuani raises 190 to 250 and is all-in
Vnik calls 170 and is all-in
*** RIVER *** [As Th Qh 8h][5d]
*** SHOW DOWN ***
RDKolomuani shows [Kd 7c] (High card : Ace)
Vnik shows [9h Js] (Straight Queen high)
Vnik collected 610 from main pot
RDKolomuani collected 20 from side pot 1
*** SUMMARY ***
Total pot 630 | No rake
Board: [As Th Qh 8h 5d]
Seat 2: RDKolomuani (big blind) showed [Kd 7c] and won 20 with High card : Ace
Seat 3: Vnik (button) showed [9h Js] and won 610 with Straight Queen high


Winamax Poker - Tournament "Expresso Nitro" buyIn: 1.86€ + 0.14€ level: 2 - HandId: #2698263412156137473-4-1675188019 - Holdem no limit (15/30) - 2023/01/31 18:00:19 UTC
Table: 'Expresso Nitro(628238407)#0' 3-max (real money) Seat #1 is the button
Seat 1: _SKR (270)
Seat 2: RDKolomuani (20)
Seat 3: Vnik (610)
*** ANTE/BLINDS ***
RDKolomuani posts small blind 15
Vnik posts big blind 30
Dealt to _SKR [2s Js]
*** PRE-FLOP *** 
_SKR folds
RDKolomuani calls 5 and is all-in
*** FLOP *** [Qh 9h 4s]
*** TURN *** [Qh 9h 4s][Qc]
*** RIVER *** [Qh 9h 4s Qc][Jd]
*** SHOW DOWN ***
RDKolomuani shows [Jc Kc] (Two pairs : Queens and Jacks)
Vnik shows [8h Kd] (One pair : Queens)
Vnik collected 10 from side pot 1
RDKolomuani collected 40 from main pot
*** SUMMARY ***
Total pot 50 | No rake
Board: [Qh 9h 4s Qc Jd]
Seat 2: RDKolomuani (small blind) showed [Jc Kc] and won 40 with Two pairs : Queens and Jacks
Seat 3: Vnik (big blind) showed [8h Kd] and won 10 with One pair : Queens


Winamax Poker - Tournament "Expresso Nitro" buyIn: 1.86€ + 0.14€ level: 2 - HandId: #2698263412156137473-5-1675188029 - Holdem no limit (15/30) - 2023/01/31 18:00:29 UTC
Table: 'Expresso Nitro(628238407)#0' 3-max (real money) Seat #2 is the button
Seat 1: _SKR (270)
Seat 2: RDKolomuani (40)
Seat 3: Vnik (590)
*** ANTE/BLINDS ***
Vnik posts small blind 15
_SKR posts big blind 30
Dealt to _SKR [Js Td]
*** PRE-FLOP *** 
RDKolomuani raises 10 to 40 and is all-in
Vnik folds
_SKR calls 10
*** FLOP *** [Jh 2s 3d]
*** TURN *** [Jh 2s 3d][4h]
*** RIVER *** [Jh 2s 3d 4h][Th]
*** SHOW DOWN ***
RDKolomuani shows [Qc 9c] (High card : Queen)
_SKR shows [Js Td] (Two pairs : Jacks and Tens)
_SKR collected 95 from pot
*** SUMMARY ***
Total pot 95 | No rake
Board: [Jh 2s 3d 4h Th]
Seat 1: _SKR (big blind) showed [Js Td] and won 95 with Two pairs : Jacks and Tens
Seat 2: RDKolomuani (button) showed [Qc 9c] and lost with High card : Queen


Winamax Poker - Tournament "Expresso Nitro" buyIn: 1.86€ + 0.14€ level: 2 - HandId: #2698263412156137473-6-1675188045 - Holdem no limit (15/30) - 2023/01/31 18:00:45 UTC
Table: 'Expresso Nitro(628238407)#0' 3-max (real money) Seat #1 is the button
Seat 1: _SKR (325)
Seat 3: Vnik (575)
*** ANTE/BLINDS ***
_SKR posts small blind 15
Vnik posts big blind 30
Dealt to _SKR [5s 2h]
*** PRE-FLOP *** 
_SKR folds
Vnik collected 45 from pot
*** SUMMARY ***
Total pot 45 | No rake
Seat 3: Vnik (big blind) won 45


Winamax Poker - Tournament "Expresso Nitro" buyIn: 1.86€ + 0.14€ level: 2 - HandId: #2698263412156137473-7-1675188049 - Holdem no limit (15/30) - 2023/01/31 18:00:49 UTC
Table: 'Expresso Nitro(628238407)#0' 3-max (real money) Seat #3 is the button
Seat 1: _SKR (310)
Seat 3: Vnik (590)
*** ANTE/BLINDS ***
Vnik posts small blind 15
_SKR posts big blind 30
Dealt to _SKR [Ts Tc]
*** PRE-FLOP *** 
Vnik calls 15
_SKR raises 280 to 310 and is all-in
Vnik folds
_SKR collected 340 from pot
*** SUMMARY ***
Total pot 340 | No rake
Seat 1: _SKR (big blind) won 340


Winamax Poker - Tournament "Expresso Nitro" buyIn: 1.86€ + 0.14€ level: 2 - HandId: #2698263412156137473-8-1675188061 - Holdem no limit (15/30) - 2023/01/31 18:01:01 UTC
Table: 'Expresso Nitro(628238407)#0' 3-max (real money) Seat #1 is the button
Seat 1: _SKR (340)
Seat 3: Vnik (560)
*** ANTE/BLINDS ***
_SKR posts small blind 15
Vnik posts big blind 30
Dealt to _SKR [7h 8c]
*** PRE-FLOP *** 
_SKR folds
Vnik collected 45 from pot
*** SUMMARY ***
Total pot 45 | No rake
Seat 3: Vnik (big blind) won 45


Winamax Poker - Tournament "Expresso Nitro" buyIn: 1.86€ + 0.14€ level: 2 - HandId: #2698263412156137473-9-1675188069 - Holdem no limit (15/30) - 2023/01/31 18:01:09 UTC
Table: 'Expresso Nitro(628238407)#0' 3-max (real money) Seat #3 is the button
Seat 1: _SKR (325)
Seat 3: Vnik (575)
*** ANTE/BLINDS ***
Vnik posts small blind 15
_SKR posts big blind 30
Dealt to _SKR [9h 8s]
*** PRE-FLOP *** 
Vnik raises 545 to 575 and is all-in
_SKR folds
Vnik collected 605 from pot
*** SUMMARY ***
Total pot 605 | No rake
Seat 3: Vnik (small blind) (button) won 605


Winamax Poker - Tournament "Expresso Nitro" buyIn: 1.86€ + 0.14€ level: 2 - HandId: #2698263412156137473-10-1675188077 - Holdem no limit (15/30) - 2023/01/31 18:01:17 UTC
Table: 'Expresso Nitro(628238407)#0' 3-max (real money) Seat #1 is the button
Seat 1: _SKR (295)
Seat 3: Vnik (605)
*** ANTE/BLINDS ***
_SKR posts small blind 15
Vnik posts big blind 30
Dealt to _SKR [Jc Kc]
*** PRE-FLOP *** 
_SKR raises 265 to 295 and is all-in
Vnik folds
_SKR collected 325 from pot
*** SUMMARY ***
Total pot 325 | No rake
Seat 1: _SKR (small blind) (button) won 325


Winamax Poker - Tournament "Expresso Nitro" buyIn: 1.86€ + 0.14€ level: 3 - HandId: #2698263412156137473-11-1675188083 - Holdem no limit (20/40) - 2023/01/31 18:01:23 UTC
Table: 'Expresso Nitro(628238407)#0' 3-max (real money) Seat #3 is the button
Seat 1: _SKR (325)
Seat 3: Vnik (575)
*** ANTE/BLINDS ***
Vnik posts small blind 20
_SKR posts big blind 40
Dealt to _SKR [2h 4s]
*** PRE-FLOP *** 
Vnik calls 20
_SKR checks
*** FLOP *** [2s Qc Kd]
_SKR checks
Vnik checks
*** TURN *** [2s Qc Kd][6c]
_SKR checks
Vnik checks
*** RIVER *** [2s Qc Kd 6c][8h]
_SKR checks
Vnik checks
*** SHOW DOWN ***
Vnik shows [5s Th] (High card : King)
_SKR shows [2h 4s] (One pair : 2)
_SKR collected 80 from pot
*** SUMMARY ***
Total pot 80 | No rake
Board: [2s Qc Kd 6c 8h]
Seat 1: _SKR (big blind) showed [2h 4s] and won 80 with One pair : 2
Seat 3: Vnik (small blind) (button) showed [5s Th] and lost with High card : King


Winamax Poker - Tournament "Expresso Nitro" buyIn: 1.86€ + 0.14€ level: 4 - HandId: #2698263412156137473-12-1675188141 - Holdem no limit (30/60) - 2023/01/31 18:02:21 UTC
Table: 'Expresso Nitro(628238407)#0' 3-max (real money) Seat #1 is the button
Seat 1: _SKR (365)
Seat 3: Vnik (535)
*** ANTE/BLINDS ***
_SKR posts small blind 30
Vnik posts big blind 60
Dealt to _SKR [8s 5d]
*** PRE-FLOP *** 
_SKR folds
Vnik collected 90 from pot
*** SUMMARY ***
Total pot 90 | No rake
Seat 3: Vnik (big blind) won 90


Winamax Poker - Tournament "Expresso Nitro" buyIn: 1.86€ + 0.14€ level: 4 - HandId: #2698263412156137473-13-1675188145 - Holdem no limit (30/60) - 2023/01/31 18:02:25 UTC
Table: 'Expresso Nitro(628238407)#0' 3-max (real money) Seat #3 is the button
Seat 1: _SKR (335)
Seat 3: Vnik (565)
*** ANTE/BLINDS ***
Vnik posts small blind 30
_SKR posts big blind 60
Dealt to _SKR [9h Th]
*** PRE-FLOP *** 
Vnik folds
_SKR collected 90 from pot
*** SUMMARY ***
Total pot 90 | No rake
Seat 1: _SKR (big blind) won 90


Winamax Poker - Tournament "Expresso Nitro" buyIn: 1.86€ + 0.14€ level: 4 - HandId: #2698263412156137473-14-1675188154 - Holdem no limit (30/60) - 2023/01/31 18:02:34 UTC
Table: 'Expresso Nitro(628238407)#0' 3-max (real money) Seat #1 is the button
Seat 1: _SKR (365)
Seat 3: Vnik (535)
*** ANTE/BLINDS ***
_SKR posts small blind 30
Vnik posts big blind 60
Dealt to _SKR [Jc 6s]
*** PRE-FLOP *** 
_SKR raises 305 to 365 and is all-in
Vnik raises 170 to 535 and is all-in
*** FLOP *** [Ts Kd 6d]
*** TURN *** [Ts Kd 6d][Th]
*** RIVER *** [Ts Kd 6d Th][Tc]
*** SHOW DOWN ***
_SKR shows [Jc 6s] (Full of Tens and 6)
Vnik shows [8c 9c] (Trips of Tens)
Vnik collected 170 from side pot 1
_SKR collected 730 from main pot
*** SUMMARY ***
Total pot 900 | No rake
Board: [Ts Kd 6d Th Tc]
Seat 1: _SKR (small blind) (button) showed [Jc 6s] and won 730 with Full of Tens and 6
Seat 3: Vnik (big blind) showed [8c 9c] and won 170 with Trips of Tens


Winamax Poker - Tournament "Expresso Nitro" buyIn: 1.86€ + 0.14€ level: 4 - HandId: #2698263412156137473-15-1675188168 - Holdem no limit (30/60) - 2023/01/31 18:02:48 UTC
Table: 'Expresso Nitro(628238407)#0' 3-max (real money) Seat #3 is the button
Seat 1: _SKR (730)
Seat 3: Vnik (170)
*** ANTE/BLINDS ***
Vnik posts small blind 30
_SKR posts big blind 60
Dealt to _SKR [4d 2s]
*** PRE-FLOP *** 
Vnik raises 110 to 170 and is all-in
_SKR folds
Vnik collected 230 from pot
*** SUMMARY ***
Total pot 230 | No rake
Seat 3: Vnik (small blind) (button) won 230


Winamax Poker - Tournament "Expresso Nitro" buyIn: 1.86€ + 0.14€ level: 4 - HandId: #2698263412156137473-16-1675188178 - Holdem no limit (30/60) - 2023/01/31 18:02:58 UTC
Table: 'Expresso Nitro(628238407)#0' 3-max (real money) Seat #1 is the button
Seat 1: _SKR (670)
Seat 3: Vnik (230)
*** ANTE/BLINDS ***
_SKR posts small blind 30
Vnik posts big blind 60
Dealt to _SKR [3h Js]
*** PRE-FLOP *** 
_SKR folds
Vnik collected 90 from pot
*** SUMMARY ***
Total pot 90 | No rake
Seat 3: Vnik (big blind) won 90


Winamax Poker - Tournament "Expresso Nitro" buyIn: 1.86€ + 0.14€ level: 4 - HandId: #2698263412156137473-17-1675188183 - Holdem no limit (30/60) - 2023/01/31 18:03:03 UTC
Table: 'Expresso Nitro(628238407)#0' 3-max (real money) Seat #3 is the button
Seat 1: _SKR (640)
Seat 3: Vnik (260)
*** ANTE/BLINDS ***
Vnik posts small blind 30
_SKR posts big blind 60
Dealt to _SKR [6c Td]
*** PRE-FLOP *** 
Vnik folds
_SKR collected 90 from pot
*** SUMMARY ***
Total pot 90 | No rake
Seat 1: _SKR (big blind) won 90


Winamax Poker - Tournament "Expresso Nitro" buyIn: 1.86€ + 0.14€ level: 4 - HandId: #2698263412156137473-18-1675188186 - Holdem no limit (30/60) - 2023/01/31 18:03:06 UTC
Table: 'Expresso Nitro(628238407)#0' 3-max (real money) Seat #1 is the button
Seat 1: _SKR (670)
Seat 3: Vnik (230)
*** ANTE/BLINDS ***
_SKR posts small blind 30
Vnik posts big blind 60
Dealt to _SKR [Kd 9c]
*** PRE-FLOP *** 
_SKR raises 610 to 670 and is all-in
Vnik folds
_SKR collected 730 from pot
*** SUMMARY ***
Total pot 730 | No rake
Seat 1: _SKR (small blind) (button) won 730


Winamax Poker - Tournament "Expresso Nitro" buyIn: 1.86€ + 0.14€ level: 5 - HandId: #2698263412156137473-19-1675188204 - Holdem no limit (40/80) - 2023/01/31 18:03:24 UTC
Table: 'Expresso Nitro(628238407)#0' 3-max (real money) Seat #3 is the button
Seat 1: _SKR (730)
Seat 3: Vnik (170)
*** ANTE/BLINDS ***
Vnik posts small blind 40
_SKR posts big blind 80
Dealt to _SKR [Kh Jc]
*** PRE-FLOP *** 
Vnik raises 90 to 170 and is all-in
_SKR calls 90
*** FLOP *** [7d 6s 5s]
*** TURN *** [7d 6s 5s][2h]
*** RIVER *** [7d 6s 5s 2h][2d]
*** SHOW DOWN ***
Vnik shows [9d Td] (One pair : 2)
_SKR shows [Kh Jc] (One pair : 2)
_SKR collected 340 from pot
*** SUMMARY ***
Total pot 340 | No rake
Board: [7d 6s 5s 2h 2d]
Seat 1: _SKR (big blind) showed [Kh Jc] and won 340 with One pair : 2
Seat 3: Vnik (small blind) (button) showed [9d Td] and lost with One pair : 2


