Winamax Poker - Tournament "Expresso Nitro" buyIn: 0.93€ + 0.07€ level: 1 - HandId: #2730557915499855873-1-1676985506 - Holdem no limit (10/20) - 2023/02/21 13:18:26 UTC
Table: 'Expresso Nitro(635757557)#0' 3-max (real money) Seat #1 is the button
Seat 1: Math103 (300)
Seat 2: corleone6211 (300)
Seat 3: _SKR (300)
*** ANTE/BLINDS ***
corleone6211 posts small blind 10
_SKR posts big blind 20
Dealt to _SKR [4d Ah]
*** PRE-FLOP *** 
Math103 calls 20
corleone6211 folds
_SKR raises 280 to 300 and is all-in
Math103 calls 280 and is all-in
*** FLOP *** [6h Th 8c]
*** TURN *** [6h Th 8c][6s]
*** RIVER *** [6h Th 8c 6s][Qs]
*** SHOW DOWN ***
Math103 shows [9h Kc] (One pair : 6)
_SKR shows [4d Ah] (One pair : 6)
_SKR collected 610 from pot
*** SUMMARY ***
Total pot 610 | No rake
Board: [6h Th 8c 6s Qs]
Seat 1: Math103 (button) showed [9h Kc] and lost with One pair : 6
Seat 3: _SKR (big blind) showed [4d Ah] and won 610 with One pair : 6


Winamax Poker - Tournament "Expresso Nitro" buyIn: 0.93€ + 0.07€ level: 1 - HandId: #2730557915499855873-2-1676985522 - Holdem no limit (10/20) - 2023/02/21 13:18:42 UTC
Table: 'Expresso Nitro(635757557)#0' 3-max (real money) Seat #3 is the button
Seat 2: corleone6211 (290)
Seat 3: _SKR (610)
*** ANTE/BLINDS ***
_SKR posts small blind 10
corleone6211 posts big blind 20
Dealt to _SKR [9s 8s]
*** PRE-FLOP *** 
_SKR raises 20 to 40
corleone6211 folds
_SKR collected 60 from pot
*** SUMMARY ***
Total pot 60 | No rake
Seat 3: _SKR (small blind) (button) won 60


Winamax Poker - Tournament "Expresso Nitro" buyIn: 0.93€ + 0.07€ level: 1 - HandId: #2730557915499855873-3-1676985528 - Holdem no limit (10/20) - 2023/02/21 13:18:48 UTC
Table: 'Expresso Nitro(635757557)#0' 3-max (real money) Seat #2 is the button
Seat 2: corleone6211 (270)
Seat 3: _SKR (630)
*** ANTE/BLINDS ***
corleone6211 posts small blind 10
_SKR posts big blind 20
Dealt to _SKR [4d 6h]
*** PRE-FLOP *** 
corleone6211 folds
_SKR collected 30 from pot
*** SUMMARY ***
Total pot 30 | No rake
Seat 3: _SKR (big blind) won 30


Winamax Poker - Tournament "Expresso Nitro" buyIn: 0.93€ + 0.07€ level: 1 - HandId: #2730557915499855873-4-1676985532 - Holdem no limit (10/20) - 2023/02/21 13:18:52 UTC
Table: 'Expresso Nitro(635757557)#0' 3-max (real money) Seat #3 is the button
Seat 2: corleone6211 (260)
Seat 3: _SKR (640)
*** ANTE/BLINDS ***
_SKR posts small blind 10
corleone6211 posts big blind 20
Dealt to _SKR [Ts 5c]
*** PRE-FLOP *** 
_SKR folds
corleone6211 collected 30 from pot
*** SUMMARY ***
Total pot 30 | No rake
Seat 2: corleone6211 (big blind) won 30


Winamax Poker - Tournament "Expresso Nitro" buyIn: 0.93€ + 0.07€ level: 1 - HandId: #2730557915499855873-5-1676985535 - Holdem no limit (10/20) - 2023/02/21 13:18:55 UTC
Table: 'Expresso Nitro(635757557)#0' 3-max (real money) Seat #2 is the button
Seat 2: corleone6211 (270)
Seat 3: _SKR (630)
*** ANTE/BLINDS ***
corleone6211 posts small blind 10
_SKR posts big blind 20
Dealt to _SKR [Js 5d]
*** PRE-FLOP *** 
corleone6211 calls 10
_SKR checks
*** FLOP *** [6d 8d 9h]
_SKR checks
corleone6211 checks
*** TURN *** [6d 8d 9h][3d]
_SKR checks
corleone6211 checks
*** RIVER *** [6d 8d 9h 3d][6h]
_SKR checks
corleone6211 checks
*** SHOW DOWN ***
_SKR shows [Js 5d] (One pair : 6)
corleone6211 shows [Qc Td] (One pair : 6)
corleone6211 collected 40 from pot
*** SUMMARY ***
Total pot 40 | No rake
Board: [6d 8d 9h 3d 6h]
Seat 2: corleone6211 (small blind) (button) showed [Qc Td] and won 40 with One pair : 6
Seat 3: _SKR (big blind) showed [Js 5d] and lost with One pair : 6


Winamax Poker - Tournament "Expresso Nitro" buyIn: 0.93€ + 0.07€ level: 2 - HandId: #2730557915499855873-6-1676985565 - Holdem no limit (15/30) - 2023/02/21 13:19:25 UTC
Table: 'Expresso Nitro(635757557)#0' 3-max (real money) Seat #3 is the button
Seat 2: corleone6211 (290)
Seat 3: _SKR (610)
*** ANTE/BLINDS ***
_SKR posts small blind 15
corleone6211 posts big blind 30
Dealt to _SKR [7c Js]
*** PRE-FLOP *** 
_SKR raises 580 to 610 and is all-in
corleone6211 folds
_SKR collected 640 from pot
*** SUMMARY ***
Total pot 640 | No rake
Seat 3: _SKR (small blind) (button) won 640


Winamax Poker - Tournament "Expresso Nitro" buyIn: 0.93€ + 0.07€ level: 2 - HandId: #2730557915499855873-7-1676985574 - Holdem no limit (15/30) - 2023/02/21 13:19:34 UTC
Table: 'Expresso Nitro(635757557)#0' 3-max (real money) Seat #2 is the button
Seat 2: corleone6211 (260)
Seat 3: _SKR (640)
*** ANTE/BLINDS ***
corleone6211 posts small blind 15
_SKR posts big blind 30
Dealt to _SKR [4s 8s]
*** PRE-FLOP *** 
corleone6211 raises 230 to 260 and is all-in
_SKR folds
corleone6211 collected 290 from pot
*** SUMMARY ***
Total pot 290 | No rake
Seat 2: corleone6211 (small blind) (button) won 290


Winamax Poker - Tournament "Expresso Nitro" buyIn: 0.93€ + 0.07€ level: 2 - HandId: #2730557915499855873-8-1676985582 - Holdem no limit (15/30) - 2023/02/21 13:19:42 UTC
Table: 'Expresso Nitro(635757557)#0' 3-max (real money) Seat #3 is the button
Seat 2: corleone6211 (290)
Seat 3: _SKR (610)
*** ANTE/BLINDS ***
_SKR posts small blind 15
corleone6211 posts big blind 30
Dealt to _SKR [2d 3s]
*** PRE-FLOP *** 
_SKR folds
corleone6211 collected 45 from pot
*** SUMMARY ***
Total pot 45 | No rake
Seat 2: corleone6211 (big blind) won 45


Winamax Poker - Tournament "Expresso Nitro" buyIn: 0.93€ + 0.07€ level: 2 - HandId: #2730557915499855873-9-1676985586 - Holdem no limit (15/30) - 2023/02/21 13:19:46 UTC
Table: 'Expresso Nitro(635757557)#0' 3-max (real money) Seat #2 is the button
Seat 2: corleone6211 (305)
Seat 3: _SKR (595)
*** ANTE/BLINDS ***
corleone6211 posts small blind 15
_SKR posts big blind 30
Dealt to _SKR [2s 9c]
*** PRE-FLOP *** 
corleone6211 raises 275 to 305 and is all-in
_SKR folds
corleone6211 collected 335 from pot
*** SUMMARY ***
Total pot 335 | No rake
Seat 2: corleone6211 (small blind) (button) won 335


Winamax Poker - Tournament "Expresso Nitro" buyIn: 0.93€ + 0.07€ level: 2 - HandId: #2730557915499855873-10-1676985593 - Holdem no limit (15/30) - 2023/02/21 13:19:53 UTC
Table: 'Expresso Nitro(635757557)#0' 3-max (real money) Seat #3 is the button
Seat 2: corleone6211 (335)
Seat 3: _SKR (565)
*** ANTE/BLINDS ***
_SKR posts small blind 15
corleone6211 posts big blind 30
Dealt to _SKR [5s 6d]
*** PRE-FLOP *** 
_SKR folds
corleone6211 collected 45 from pot
*** SUMMARY ***
Total pot 45 | No rake
Seat 2: corleone6211 (big blind) won 45


Winamax Poker - Tournament "Expresso Nitro" buyIn: 0.93€ + 0.07€ level: 2 - HandId: #2730557915499855873-11-1676985602 - Holdem no limit (15/30) - 2023/02/21 13:20:02 UTC
Table: 'Expresso Nitro(635757557)#0' 3-max (real money) Seat #2 is the button
Seat 2: corleone6211 (350)
Seat 3: _SKR (550)
*** ANTE/BLINDS ***
corleone6211 posts small blind 15
_SKR posts big blind 30
Dealt to _SKR [3h 9h]
*** PRE-FLOP *** 
corleone6211 raises 320 to 350 and is all-in
_SKR folds
corleone6211 collected 380 from pot
*** SUMMARY ***
Total pot 380 | No rake
Seat 2: corleone6211 (small blind) (button) won 380


Winamax Poker - Tournament "Expresso Nitro" buyIn: 0.93€ + 0.07€ level: 2 - HandId: #2730557915499855873-12-1676985608 - Holdem no limit (15/30) - 2023/02/21 13:20:08 UTC
Table: 'Expresso Nitro(635757557)#0' 3-max (real money) Seat #3 is the button
Seat 2: corleone6211 (380)
Seat 3: _SKR (520)
*** ANTE/BLINDS ***
_SKR posts small blind 15
corleone6211 posts big blind 30
Dealt to _SKR [5c Th]
*** PRE-FLOP *** 
_SKR folds
corleone6211 collected 45 from pot
*** SUMMARY ***
Total pot 45 | No rake
Seat 2: corleone6211 (big blind) won 45


Winamax Poker - Tournament "Expresso Nitro" buyIn: 0.93€ + 0.07€ level: 2 - HandId: #2730557915499855873-13-1676985611 - Holdem no limit (15/30) - 2023/02/21 13:20:11 UTC
Table: 'Expresso Nitro(635757557)#0' 3-max (real money) Seat #2 is the button
Seat 2: corleone6211 (395)
Seat 3: _SKR (505)
*** ANTE/BLINDS ***
corleone6211 posts small blind 15
_SKR posts big blind 30
Dealt to _SKR [2c Ac]
*** PRE-FLOP *** 
corleone6211 folds
_SKR collected 45 from pot
*** SUMMARY ***
Total pot 45 | No rake
Seat 3: _SKR (big blind) won 45


Winamax Poker - Tournament "Expresso Nitro" buyIn: 0.93€ + 0.07€ level: 3 - HandId: #2730557915499855873-14-1676985626 - Holdem no limit (20/40) - 2023/02/21 13:20:26 UTC
Table: 'Expresso Nitro(635757557)#0' 3-max (real money) Seat #3 is the button
Seat 2: corleone6211 (380)
Seat 3: _SKR (520)
*** ANTE/BLINDS ***
_SKR posts small blind 20
corleone6211 posts big blind 40
Dealt to _SKR [Ts 6d]
*** PRE-FLOP *** 
_SKR folds
corleone6211 collected 60 from pot
*** SUMMARY ***
Total pot 60 | No rake
Seat 2: corleone6211 (big blind) won 60


Winamax Poker - Tournament "Expresso Nitro" buyIn: 0.93€ + 0.07€ level: 3 - HandId: #2730557915499855873-15-1676985637 - Holdem no limit (20/40) - 2023/02/21 13:20:37 UTC
Table: 'Expresso Nitro(635757557)#0' 3-max (real money) Seat #2 is the button
Seat 2: corleone6211 (400)
Seat 3: _SKR (500)
*** ANTE/BLINDS ***
corleone6211 posts small blind 20
_SKR posts big blind 40
Dealt to _SKR [Jh 7h]
*** PRE-FLOP *** 
corleone6211 folds
_SKR collected 60 from pot
*** SUMMARY ***
Total pot 60 | No rake
Seat 3: _SKR (big blind) won 60


Winamax Poker - Tournament "Expresso Nitro" buyIn: 0.93€ + 0.07€ level: 3 - HandId: #2730557915499855873-16-1676985644 - Holdem no limit (20/40) - 2023/02/21 13:20:44 UTC
Table: 'Expresso Nitro(635757557)#0' 3-max (real money) Seat #3 is the button
Seat 2: corleone6211 (380)
Seat 3: _SKR (520)
*** ANTE/BLINDS ***
_SKR posts small blind 20
corleone6211 posts big blind 40
Dealt to _SKR [7c 7h]
*** PRE-FLOP *** 
_SKR raises 480 to 520 and is all-in
corleone6211 folds
_SKR collected 560 from pot
*** SUMMARY ***
Total pot 560 | No rake
Seat 3: _SKR (small blind) (button) won 560


Winamax Poker - Tournament "Expresso Nitro" buyIn: 0.93€ + 0.07€ level: 3 - HandId: #2730557915499855873-17-1676985652 - Holdem no limit (20/40) - 2023/02/21 13:20:52 UTC
Table: 'Expresso Nitro(635757557)#0' 3-max (real money) Seat #2 is the button
Seat 2: corleone6211 (340)
Seat 3: _SKR (560)
*** ANTE/BLINDS ***
corleone6211 posts small blind 20
_SKR posts big blind 40
Dealt to _SKR [2d 8h]
*** PRE-FLOP *** 
corleone6211 raises 300 to 340 and is all-in
_SKR folds
corleone6211 collected 380 from pot
*** SUMMARY ***
Total pot 380 | No rake
Seat 2: corleone6211 (small blind) (button) won 380


Winamax Poker - Tournament "Expresso Nitro" buyIn: 0.93€ + 0.07€ level: 3 - HandId: #2730557915499855873-18-1676985663 - Holdem no limit (20/40) - 2023/02/21 13:21:03 UTC
Table: 'Expresso Nitro(635757557)#0' 3-max (real money) Seat #3 is the button
Seat 2: corleone6211 (380)
Seat 3: _SKR (520)
*** ANTE/BLINDS ***
_SKR posts small blind 20
corleone6211 posts big blind 40
Dealt to _SKR [Td 4s]
*** PRE-FLOP *** 
_SKR folds
corleone6211 collected 60 from pot
*** SUMMARY ***
Total pot 60 | No rake
Seat 2: corleone6211 (big blind) won 60


Winamax Poker - Tournament "Expresso Nitro" buyIn: 0.93€ + 0.07€ level: 3 - HandId: #2730557915499855873-19-1676985667 - Holdem no limit (20/40) - 2023/02/21 13:21:07 UTC
Table: 'Expresso Nitro(635757557)#0' 3-max (real money) Seat #2 is the button
Seat 2: corleone6211 (400)
Seat 3: _SKR (500)
*** ANTE/BLINDS ***
corleone6211 posts small blind 20
_SKR posts big blind 40
Dealt to _SKR [5c 3d]
*** PRE-FLOP *** 
corleone6211 folds
_SKR collected 60 from pot
*** SUMMARY ***
Total pot 60 | No rake
Seat 3: _SKR (big blind) won 60


Winamax Poker - Tournament "Expresso Nitro" buyIn: 0.93€ + 0.07€ level: 3 - HandId: #2730557915499855873-20-1676985674 - Holdem no limit (20/40) - 2023/02/21 13:21:14 UTC
Table: 'Expresso Nitro(635757557)#0' 3-max (real money) Seat #3 is the button
Seat 2: corleone6211 (380)
Seat 3: _SKR (520)
*** ANTE/BLINDS ***
_SKR posts small blind 20
corleone6211 posts big blind 40
Dealt to _SKR [Ks 3h]
*** PRE-FLOP *** 
_SKR folds
corleone6211 collected 60 from pot
*** SUMMARY ***
Total pot 60 | No rake
Seat 2: corleone6211 (big blind) won 60


Winamax Poker - Tournament "Expresso Nitro" buyIn: 0.93€ + 0.07€ level: 3 - HandId: #2730557915499855873-21-1676985678 - Holdem no limit (20/40) - 2023/02/21 13:21:18 UTC
Table: 'Expresso Nitro(635757557)#0' 3-max (real money) Seat #2 is the button
Seat 2: corleone6211 (400)
Seat 3: _SKR (500)
*** ANTE/BLINDS ***
corleone6211 posts small blind 20
_SKR posts big blind 40
Dealt to _SKR [2s 7d]
*** PRE-FLOP *** 
corleone6211 folds
_SKR collected 60 from pot
*** SUMMARY ***
Total pot 60 | No rake
Seat 3: _SKR (big blind) won 60


Winamax Poker - Tournament "Expresso Nitro" buyIn: 0.93€ + 0.07€ level: 4 - HandId: #2730557915499855873-22-1676985683 - Holdem no limit (30/60) - 2023/02/21 13:21:23 UTC
Table: 'Expresso Nitro(635757557)#0' 3-max (real money) Seat #3 is the button
Seat 2: corleone6211 (380)
Seat 3: _SKR (520)
*** ANTE/BLINDS ***
_SKR posts small blind 30
corleone6211 posts big blind 60
Dealt to _SKR [9c 7c]
*** PRE-FLOP *** 
_SKR raises 460 to 520 and is all-in
corleone6211 folds
_SKR collected 580 from pot
*** SUMMARY ***
Total pot 580 | No rake
Seat 3: _SKR (small blind) (button) won 580


Winamax Poker - Tournament "Expresso Nitro" buyIn: 0.93€ + 0.07€ level: 4 - HandId: #2730557915499855873-23-1676985688 - Holdem no limit (30/60) - 2023/02/21 13:21:28 UTC
Table: 'Expresso Nitro(635757557)#0' 3-max (real money) Seat #2 is the button
Seat 2: corleone6211 (320)
Seat 3: _SKR (580)
*** ANTE/BLINDS ***
corleone6211 posts small blind 30
_SKR posts big blind 60
Dealt to _SKR [Jh 7h]
*** PRE-FLOP *** 
corleone6211 raises 260 to 320 and is all-in
_SKR folds
corleone6211 collected 380 from pot
*** SUMMARY ***
Total pot 380 | No rake
Seat 2: corleone6211 (small blind) (button) won 380


Winamax Poker - Tournament "Expresso Nitro" buyIn: 0.93€ + 0.07€ level: 4 - HandId: #2730557915499855873-24-1676985697 - Holdem no limit (30/60) - 2023/02/21 13:21:37 UTC
Table: 'Expresso Nitro(635757557)#0' 3-max (real money) Seat #3 is the button
Seat 2: corleone6211 (380)
Seat 3: _SKR (520)
*** ANTE/BLINDS ***
_SKR posts small blind 30
corleone6211 posts big blind 60
Dealt to _SKR [8d 8s]
*** PRE-FLOP *** 
_SKR raises 460 to 520 and is all-in
corleone6211 folds
_SKR collected 580 from pot
*** SUMMARY ***
Total pot 580 | No rake
Seat 3: _SKR (small blind) (button) won 580


Winamax Poker - Tournament "Expresso Nitro" buyIn: 0.93€ + 0.07€ level: 4 - HandId: #2730557915499855873-25-1676985703 - Holdem no limit (30/60) - 2023/02/21 13:21:43 UTC
Table: 'Expresso Nitro(635757557)#0' 3-max (real money) Seat #2 is the button
Seat 2: corleone6211 (320)
Seat 3: _SKR (580)
*** ANTE/BLINDS ***
corleone6211 posts small blind 30
_SKR posts big blind 60
Dealt to _SKR [Kh 3h]
*** PRE-FLOP *** 
corleone6211 folds
_SKR collected 90 from pot
*** SUMMARY ***
Total pot 90 | No rake
Seat 3: _SKR (big blind) won 90


Winamax Poker - Tournament "Expresso Nitro" buyIn: 0.93€ + 0.07€ level: 4 - HandId: #2730557915499855873-26-1676985706 - Holdem no limit (30/60) - 2023/02/21 13:21:46 UTC
Table: 'Expresso Nitro(635757557)#0' 3-max (real money) Seat #3 is the button
Seat 2: corleone6211 (290)
Seat 3: _SKR (610)
*** ANTE/BLINDS ***
_SKR posts small blind 30
corleone6211 posts big blind 60
Dealt to _SKR [3s Qs]
*** PRE-FLOP *** 
_SKR raises 550 to 610 and is all-in
corleone6211 calls 230 and is all-in
*** FLOP *** [6c Kd 7c]
*** TURN *** [6c Kd 7c][Jd]
*** RIVER *** [6c Kd 7c Jd][Qc]
*** SHOW DOWN ***
corleone6211 shows [8h Ac] (High card : Ace)
_SKR shows [3s Qs] (One pair : Queens)
_SKR collected 900 from pot
*** SUMMARY ***
Total pot 900 | No rake
Board: [6c Kd 7c Jd Qc]
Seat 2: corleone6211 (big blind) showed [8h Ac] and lost with High card : Ace
Seat 3: _SKR (small blind) (button) showed [3s Qs] and won 900 with One pair : Queens


