Winamax Poker - Tournament "Expresso Nitro" buyIn: 0.93€ + 0.07€ level: 1 - HandId: #2674113678634123265-1-1673701607 - Holdem no limit (10/20) - 2023/01/14 13:06:47 UTC
Table: 'Expresso Nitro(622615609)#0' 3-max (real money) Seat #3 is the button
Seat 1: zalous (300)
Seat 2: _SKR (300)
Seat 3: Anderlarra (300)
*** ANTE/BLINDS ***
zalous posts small blind 10
_SKR posts big blind 20
Dealt to _SKR [8d 7h]
*** PRE-FLOP *** 
Anderlarra calls 20
zalous raises 60 to 80
_SKR folds
Anderlarra raises 220 to 300 and is all-in
zalous calls 220 and is all-in
*** FLOP *** [4s Tc Kh]
*** TURN *** [4s Tc Kh][7d]
*** RIVER *** [4s Tc Kh 7d][9d]
*** SHOW DOWN ***
zalous shows [5d Ac] (High card : Ace)
Anderlarra shows [6h Ah] (High card : Ace)
Anderlarra collected 310 from pot
zalous collected 310 from pot
*** SUMMARY ***
Total pot 620 | No rake
Board: [4s Tc Kh 7d 9d]
Seat 1: zalous (small blind) showed [5d Ac] and won 310 with High card : Ace
Seat 3: Anderlarra (button) showed [6h Ah] and won 310 with High card : Ace


Winamax Poker - Tournament "Expresso Nitro" buyIn: 0.93€ + 0.07€ level: 1 - HandId: #2674113678634123265-2-1673701640 - Holdem no limit (10/20) - 2023/01/14 13:07:20 UTC
Table: 'Expresso Nitro(622615609)#0' 3-max (real money) Seat #1 is the button
Seat 1: zalous (310)
Seat 2: _SKR (280)
Seat 3: Anderlarra (310)
*** ANTE/BLINDS ***
_SKR posts small blind 10
Anderlarra posts big blind 20
Dealt to _SKR [8c 5c]
*** PRE-FLOP *** 
zalous raises 20 to 40
_SKR folds
Anderlarra calls 20
*** FLOP *** [5h Kd 9s]
Anderlarra checks
zalous bets 32
Anderlarra raises 238 to 270 and is all-in
zalous calls 238 and is all-in
*** TURN *** [5h Kd 9s][8h]
*** RIVER *** [5h Kd 9s 8h][4s]
*** SHOW DOWN ***
zalous shows [Ad Ah] (One pair : Aces)
Anderlarra shows [9c 4c] (Two pairs : 9 and 4)
Anderlarra collected 630 from pot
*** SUMMARY ***
Total pot 630 | No rake
Board: [5h Kd 9s 8h 4s]
Seat 1: zalous (button) showed [Ad Ah] and lost with One pair : Aces
Seat 3: Anderlarra (big blind) showed [9c 4c] and won 630 with Two pairs : 9 and 4


Winamax Poker - Tournament "Expresso Nitro" buyIn: 0.93€ + 0.07€ level: 2 - HandId: #2674113678634123265-3-1673701672 - Holdem no limit (15/30) - 2023/01/14 13:07:52 UTC
Table: 'Expresso Nitro(622615609)#0' 3-max (real money) Seat #3 is the button
Seat 2: _SKR (270)
Seat 3: Anderlarra (630)
*** ANTE/BLINDS ***
Anderlarra posts small blind 15
_SKR posts big blind 30
Dealt to _SKR [2h 8s]
*** PRE-FLOP *** 
Anderlarra folds
_SKR collected 45 from pot
*** SUMMARY ***
Total pot 45 | No rake
Seat 2: _SKR (big blind) won 45


Winamax Poker - Tournament "Expresso Nitro" buyIn: 0.93€ + 0.07€ level: 2 - HandId: #2674113678634123265-4-1673701692 - Holdem no limit (15/30) - 2023/01/14 13:08:12 UTC
Table: 'Expresso Nitro(622615609)#0' 3-max (real money) Seat #2 is the button
Seat 2: _SKR (285)
Seat 3: Anderlarra (615)
*** ANTE/BLINDS ***
_SKR posts small blind 15
Anderlarra posts big blind 30
Dealt to _SKR [4d 3h]
*** PRE-FLOP *** 
_SKR folds
Anderlarra collected 45 from pot
*** SUMMARY ***
Total pot 45 | No rake
Seat 3: Anderlarra (big blind) won 45


Winamax Poker - Tournament "Expresso Nitro" buyIn: 0.93€ + 0.07€ level: 2 - HandId: #2674113678634123265-5-1673701696 - Holdem no limit (15/30) - 2023/01/14 13:08:16 UTC
Table: 'Expresso Nitro(622615609)#0' 3-max (real money) Seat #3 is the button
Seat 2: _SKR (270)
Seat 3: Anderlarra (630)
*** ANTE/BLINDS ***
Anderlarra posts small blind 15
_SKR posts big blind 30
Dealt to _SKR [Jd Kd]
*** PRE-FLOP *** 
Anderlarra folds
_SKR collected 45 from pot
*** SUMMARY ***
Total pot 45 | No rake
Seat 2: _SKR (big blind) won 45


Winamax Poker - Tournament "Expresso Nitro" buyIn: 0.93€ + 0.07€ level: 2 - HandId: #2674113678634123265-6-1673701699 - Holdem no limit (15/30) - 2023/01/14 13:08:19 UTC
Table: 'Expresso Nitro(622615609)#0' 3-max (real money) Seat #2 is the button
Seat 2: _SKR (285)
Seat 3: Anderlarra (615)
*** ANTE/BLINDS ***
_SKR posts small blind 15
Anderlarra posts big blind 30
Dealt to _SKR [Qs Td]
*** PRE-FLOP *** 
_SKR raises 255 to 285 and is all-in
Anderlarra folds
_SKR collected 315 from pot
*** SUMMARY ***
Total pot 315 | No rake
Seat 2: _SKR (small blind) (button) won 315


Winamax Poker - Tournament "Expresso Nitro" buyIn: 0.93€ + 0.07€ level: 2 - HandId: #2674113678634123265-7-1673701716 - Holdem no limit (15/30) - 2023/01/14 13:08:36 UTC
Table: 'Expresso Nitro(622615609)#0' 3-max (real money) Seat #3 is the button
Seat 2: _SKR (315)
Seat 3: Anderlarra (585)
*** ANTE/BLINDS ***
Anderlarra posts small blind 15
_SKR posts big blind 30
Dealt to _SKR [4s 6s]
*** PRE-FLOP *** 
Anderlarra folds
_SKR collected 45 from pot
*** SUMMARY ***
Total pot 45 | No rake
Seat 2: _SKR (big blind) won 45


Winamax Poker - Tournament "Expresso Nitro" buyIn: 0.93€ + 0.07€ level: 3 - HandId: #2674113678634123265-8-1673701739 - Holdem no limit (20/40) - 2023/01/14 13:08:59 UTC
Table: 'Expresso Nitro(622615609)#0' 3-max (real money) Seat #2 is the button
Seat 2: _SKR (330)
Seat 3: Anderlarra (570)
*** ANTE/BLINDS ***
_SKR posts small blind 20
Anderlarra posts big blind 40
Dealt to _SKR [7h Th]
*** PRE-FLOP *** 
_SKR raises 40 to 80
Anderlarra calls 40
*** FLOP *** [9d 4s As]
Anderlarra checks
_SKR bets 250 and is all-in
Anderlarra raises 240 to 490 and is all-in
*** TURN *** [9d 4s As][2s]
*** RIVER *** [9d 4s As 2s][Jh]
*** SHOW DOWN ***
_SKR shows [7h Th] (High card : Ace)
Anderlarra shows [Ad 4c] (Two pairs : Aces and 4)
Anderlarra collected 900 from pot
*** SUMMARY ***
Total pot 900 | No rake
Board: [9d 4s As 2s Jh]
Seat 2: _SKR (small blind) (button) showed [7h Th] and lost with High card : Ace
Seat 3: Anderlarra (big blind) showed [Ad 4c] and won 900 with Two pairs : Aces and 4


