Winamax Poker - Tournament "Expresso Nitro" buyIn: 0.93€ + 0.07€ level: 1 - HandId: #2674137824940261377-1-1673702920 - Holdem no limit (10/20) - 2023/01/14 13:28:40 UTC
Table: 'Expresso Nitro(622621231)#0' 3-max (real money) Seat #3 is the button
Seat 1: Rey Almanzor (300)
Seat 2: _SKR (300)
Seat 3: jlerouge (300)
*** ANTE/BLINDS ***
Rey Almanzor posts small blind 10
_SKR posts big blind 20
Dealt to _SKR [6c Jc]
*** PRE-FLOP *** 
jlerouge folds
Rey Almanzor raises 40 to 60
_SKR calls 40
*** FLOP *** [6d 8c 8h]
Rey Almanzor bets 120
_SKR raises 120 to 240 and is all-in
Rey Almanzor calls 120 and is all-in
*** TURN *** [6d 8c 8h][4d]
*** RIVER *** [6d 8c 8h 4d][Kc]
*** SHOW DOWN ***
Rey Almanzor shows [Ah 7d] (One pair : 8)
_SKR shows [6c Jc] (Two pairs : 8 and 6)
_SKR collected 600 from pot
*** SUMMARY ***
Total pot 600 | No rake
Board: [6d 8c 8h 4d Kc]
Seat 1: Rey Almanzor (small blind) showed [Ah 7d] and lost with One pair : 8
Seat 2: _SKR (big blind) showed [6c Jc] and won 600 with Two pairs : 8 and 6


Winamax Poker - Tournament "Expresso Nitro" buyIn: 0.93€ + 0.07€ level: 1 - HandId: #2674137824940261377-2-1673702940 - Holdem no limit (10/20) - 2023/01/14 13:29:00 UTC
Table: 'Expresso Nitro(622621231)#0' 3-max (real money) Seat #2 is the button
Seat 2: _SKR (600)
Seat 3: jlerouge (300)
*** ANTE/BLINDS ***
_SKR posts small blind 10
jlerouge posts big blind 20
Dealt to _SKR [As 8s]
*** PRE-FLOP *** 
_SKR raises 20 to 40
jlerouge calls 20
*** FLOP *** [7d 9c 4c]
jlerouge checks
_SKR checks
*** TURN *** [7d 9c 4c][Qs]
jlerouge bets 20
_SKR calls 20
*** RIVER *** [7d 9c 4c Qs][9s]
jlerouge checks
_SKR checks
*** SHOW DOWN ***
jlerouge shows [Kc 8d] (One pair : 9)
_SKR shows [As 8s] (One pair : 9)
_SKR collected 120 from pot
*** SUMMARY ***
Total pot 120 | No rake
Board: [7d 9c 4c Qs 9s]
Seat 2: _SKR (small blind) (button) showed [As 8s] and won 120 with One pair : 9
Seat 3: jlerouge (big blind) showed [Kc 8d] and lost with One pair : 9


Winamax Poker - Tournament "Expresso Nitro" buyIn: 0.93€ + 0.07€ level: 2 - HandId: #2674137824940261377-3-1673702975 - Holdem no limit (15/30) - 2023/01/14 13:29:35 UTC
Table: 'Expresso Nitro(622621231)#0' 3-max (real money) Seat #3 is the button
Seat 2: _SKR (660)
Seat 3: jlerouge (240)
*** ANTE/BLINDS ***
jlerouge posts small blind 15
_SKR posts big blind 30
Dealt to _SKR [2d Ts]
*** PRE-FLOP *** 
jlerouge folds
_SKR collected 45 from pot
*** SUMMARY ***
Total pot 45 | No rake
Seat 2: _SKR (big blind) won 45


Winamax Poker - Tournament "Expresso Nitro" buyIn: 0.93€ + 0.07€ level: 2 - HandId: #2674137824940261377-4-1673702979 - Holdem no limit (15/30) - 2023/01/14 13:29:39 UTC
Table: 'Expresso Nitro(622621231)#0' 3-max (real money) Seat #2 is the button
Seat 2: _SKR (675)
Seat 3: jlerouge (225)
*** ANTE/BLINDS ***
_SKR posts small blind 15
jlerouge posts big blind 30
Dealt to _SKR [7c Jc]
*** PRE-FLOP *** 
_SKR raises 645 to 675 and is all-in
jlerouge calls 195 and is all-in
*** FLOP *** [Kd 9h Jd]
*** TURN *** [Kd 9h Jd][Tc]
*** RIVER *** [Kd 9h Jd Tc][Kh]
*** SHOW DOWN ***
jlerouge shows [Ac 6h] (One pair : Kings)
_SKR shows [7c Jc] (Two pairs : Kings and Jacks)
_SKR collected 900 from pot
*** SUMMARY ***
Total pot 900 | No rake
Board: [Kd 9h Jd Tc Kh]
Seat 2: _SKR (small blind) (button) showed [7c Jc] and won 900 with Two pairs : Kings and Jacks
Seat 3: jlerouge (big blind) showed [Ac 6h] and lost with One pair : Kings


