Winamax Poker - Tournament "Expresso Nitro" buyIn: 0.93€ + 0.07€ level: 1 - HandId: #2676378633932636161-1-1673821950 - Holdem no limit (10/20) - 2023/01/15 22:32:30 UTC
Table: 'Expresso Nitro(623142960)#0' 3-max (real money) Seat #3 is the button
Seat 1: Asmanu83 (300)
Seat 2: _SKR (300)
Seat 3: Grand Jeu (300)
*** ANTE/BLINDS ***
Asmanu83 posts small blind 10
_SKR posts big blind 20
Dealt to _SKR [5s 9s]
*** PRE-FLOP *** 
Grand Jeu folds
Asmanu83 calls 10
_SKR checks
*** FLOP *** [Kd 8d 8c]
Asmanu83 bets 20
_SKR folds
Asmanu83 collected 60 from pot
*** SUMMARY ***
Total pot 60 | No rake
Board: [Kd 8d 8c]
Seat 1: Asmanu83 (small blind) won 60


Winamax Poker - Tournament "Expresso Nitro" buyIn: 0.93€ + 0.07€ level: 1 - HandId: #2676378633932636161-2-1673821964 - Holdem no limit (10/20) - 2023/01/15 22:32:44 UTC
Table: 'Expresso Nitro(623142960)#0' 3-max (real money) Seat #1 is the button
Seat 1: Asmanu83 (320)
Seat 2: _SKR (280)
Seat 3: Grand Jeu (300)
*** ANTE/BLINDS ***
_SKR posts small blind 10
Grand Jeu posts big blind 20
Dealt to _SKR [3s Jh]
*** PRE-FLOP *** 
Asmanu83 raises 50 to 70
_SKR folds
Grand Jeu folds
Asmanu83 collected 100 from pot
*** SUMMARY ***
Total pot 100 | No rake
Seat 1: Asmanu83 (button) won 100


Winamax Poker - Tournament "Expresso Nitro" buyIn: 0.93€ + 0.07€ level: 1 - HandId: #2676378633932636161-3-1673821973 - Holdem no limit (10/20) - 2023/01/15 22:32:53 UTC
Table: 'Expresso Nitro(623142960)#0' 3-max (real money) Seat #2 is the button
Seat 1: Asmanu83 (350)
Seat 2: _SKR (270)
Seat 3: Grand Jeu (280)
*** ANTE/BLINDS ***
Grand Jeu posts small blind 10
Asmanu83 posts big blind 20
Dealt to _SKR [4d 8c]
*** PRE-FLOP *** 
_SKR folds
Grand Jeu calls 10
Asmanu83 checks
*** FLOP *** [8d 3d Jd]
Grand Jeu checks
Asmanu83 checks
*** TURN *** [8d 3d Jd][Ad]
Grand Jeu bets 20
Asmanu83 calls 20
*** RIVER *** [8d 3d Jd Ad][Kc]
Grand Jeu bets 52
Asmanu83 calls 52
*** SHOW DOWN ***
Asmanu83 shows [7h 9d] (Flush Ace high)
Grand Jeu shows [Td 6s] (Flush Ace high)
Grand Jeu collected 184 from pot
*** SUMMARY ***
Total pot 184 | No rake
Board: [8d 3d Jd Ad Kc]
Seat 1: Asmanu83 (big blind) showed [7h 9d] and lost with Flush Ace high
Seat 3: Grand Jeu (small blind) showed [Td 6s] and won 184 with Flush Ace high


Winamax Poker - Tournament "Expresso Nitro" buyIn: 0.93€ + 0.07€ level: 2 - HandId: #2676378633932636161-4-1673822026 - Holdem no limit (15/30) - 2023/01/15 22:33:46 UTC
Table: 'Expresso Nitro(623142960)#0' 3-max (real money) Seat #3 is the button
Seat 1: Asmanu83 (258)
Seat 2: _SKR (270)
Seat 3: Grand Jeu (372)
*** ANTE/BLINDS ***
Asmanu83 posts small blind 15
_SKR posts big blind 30
Dealt to _SKR [2d 2c]
*** PRE-FLOP *** 
Grand Jeu folds
Asmanu83 folds
_SKR collected 45 from pot
*** SUMMARY ***
Total pot 45 | No rake
Seat 2: _SKR (big blind) won 45


Winamax Poker - Tournament "Expresso Nitro" buyIn: 0.93€ + 0.07€ level: 2 - HandId: #2676378633932636161-5-1673822031 - Holdem no limit (15/30) - 2023/01/15 22:33:51 UTC
Table: 'Expresso Nitro(623142960)#0' 3-max (real money) Seat #1 is the button
Seat 1: Asmanu83 (243)
Seat 2: _SKR (285)
Seat 3: Grand Jeu (372)
*** ANTE/BLINDS ***
_SKR posts small blind 15
Grand Jeu posts big blind 30
Dealt to _SKR [Ah 8h]
*** PRE-FLOP *** 
Asmanu83 raises 75 to 105
_SKR raises 180 to 285 and is all-in
Grand Jeu folds
Asmanu83 calls 138 and is all-in
*** FLOP *** [Qd Ks Ac]
*** TURN *** [Qd Ks Ac][9d]
*** RIVER *** [Qd Ks Ac 9d][Qc]
*** SHOW DOWN ***
Asmanu83 shows [Jh 9h] (Two pairs : Queens and 9)
_SKR shows [Ah 8h] (Two pairs : Aces and Queens)
_SKR collected 558 from pot
*** SUMMARY ***
Total pot 558 | No rake
Board: [Qd Ks Ac 9d Qc]
Seat 1: Asmanu83 (button) showed [Jh 9h] and lost with Two pairs : Queens and 9
Seat 2: _SKR (small blind) showed [Ah 8h] and won 558 with Two pairs : Aces and Queens


Winamax Poker - Tournament "Expresso Nitro" buyIn: 0.93€ + 0.07€ level: 3 - HandId: #2676378633932636161-6-1673822069 - Holdem no limit (20/40) - 2023/01/15 22:34:29 UTC
Table: 'Expresso Nitro(623142960)#0' 3-max (real money) Seat #3 is the button
Seat 2: _SKR (558)
Seat 3: Grand Jeu (342)
*** ANTE/BLINDS ***
Grand Jeu posts small blind 20
_SKR posts big blind 40
Dealt to _SKR [Tc 9h]
*** PRE-FLOP *** 
Grand Jeu folds
_SKR collected 60 from pot
*** SUMMARY ***
Total pot 60 | No rake
Seat 2: _SKR (big blind) won 60


Winamax Poker - Tournament "Expresso Nitro" buyIn: 0.93€ + 0.07€ level: 3 - HandId: #2676378633932636161-7-1673822074 - Holdem no limit (20/40) - 2023/01/15 22:34:34 UTC
Table: 'Expresso Nitro(623142960)#0' 3-max (real money) Seat #2 is the button
Seat 2: _SKR (578)
Seat 3: Grand Jeu (322)
*** ANTE/BLINDS ***
_SKR posts small blind 20
Grand Jeu posts big blind 40
Dealt to _SKR [9s 4s]
*** PRE-FLOP *** 
_SKR folds
Grand Jeu collected 60 from pot
*** SUMMARY ***
Total pot 60 | No rake
Seat 3: Grand Jeu (big blind) won 60


Winamax Poker - Tournament "Expresso Nitro" buyIn: 0.93€ + 0.07€ level: 3 - HandId: #2676378633932636161-8-1673822079 - Holdem no limit (20/40) - 2023/01/15 22:34:39 UTC
Table: 'Expresso Nitro(623142960)#0' 3-max (real money) Seat #3 is the button
Seat 2: _SKR (558)
Seat 3: Grand Jeu (342)
*** ANTE/BLINDS ***
Grand Jeu posts small blind 20
_SKR posts big blind 40
Dealt to _SKR [Ts Ah]
*** PRE-FLOP *** 
Grand Jeu calls 20
_SKR raises 518 to 558 and is all-in
Grand Jeu folds
_SKR collected 598 from pot
*** SUMMARY ***
Total pot 598 | No rake
Seat 2: _SKR (big blind) won 598


Winamax Poker - Tournament "Expresso Nitro" buyIn: 0.93€ + 0.07€ level: 3 - HandId: #2676378633932636161-9-1673822093 - Holdem no limit (20/40) - 2023/01/15 22:34:53 UTC
Table: 'Expresso Nitro(623142960)#0' 3-max (real money) Seat #2 is the button
Seat 2: _SKR (598)
Seat 3: Grand Jeu (302)
*** ANTE/BLINDS ***
_SKR posts small blind 20
Grand Jeu posts big blind 40
Dealt to _SKR [Th 5h]
*** PRE-FLOP *** 
_SKR folds
Grand Jeu collected 60 from pot
*** SUMMARY ***
Total pot 60 | No rake
Seat 3: Grand Jeu (big blind) won 60


Winamax Poker - Tournament "Expresso Nitro" buyIn: 0.93€ + 0.07€ level: 3 - HandId: #2676378633932636161-10-1673822100 - Holdem no limit (20/40) - 2023/01/15 22:35:00 UTC
Table: 'Expresso Nitro(623142960)#0' 3-max (real money) Seat #3 is the button
Seat 2: _SKR (578)
Seat 3: Grand Jeu (322)
*** ANTE/BLINDS ***
Grand Jeu posts small blind 20
_SKR posts big blind 40
Dealt to _SKR [8d 5d]
*** PRE-FLOP *** 
Grand Jeu calls 20
_SKR checks
*** FLOP *** [6h 9h 7s]
_SKR checks
Grand Jeu bets 40
_SKR calls 40
*** TURN *** [6h 9h 7s][Qs]
_SKR checks
Grand Jeu checks
*** RIVER *** [6h 9h 7s Qs][Ks]
_SKR checks
Grand Jeu checks
*** SHOW DOWN ***
Grand Jeu shows [7d Jh] (One pair : 7)
_SKR shows [8d 5d] (Straight 9 high)
_SKR collected 160 from pot
*** SUMMARY ***
Total pot 160 | No rake
Board: [6h 9h 7s Qs Ks]
Seat 2: _SKR (big blind) showed [8d 5d] and won 160 with Straight 9 high
Seat 3: Grand Jeu (small blind) (button) showed [7d Jh] and lost with One pair : 7


Winamax Poker - Tournament "Expresso Nitro" buyIn: 0.93€ + 0.07€ level: 4 - HandId: #2676378633932636161-11-1673822137 - Holdem no limit (30/60) - 2023/01/15 22:35:37 UTC
Table: 'Expresso Nitro(623142960)#0' 3-max (real money) Seat #2 is the button
Seat 2: _SKR (658)
Seat 3: Grand Jeu (242)
*** ANTE/BLINDS ***
_SKR posts small blind 30
Grand Jeu posts big blind 60
Dealt to _SKR [Ah 5s]
*** PRE-FLOP *** 
_SKR raises 598 to 658 and is all-in
Grand Jeu folds
_SKR collected 718 from pot
*** SUMMARY ***
Total pot 718 | No rake
Seat 2: _SKR (small blind) (button) won 718


Winamax Poker - Tournament "Expresso Nitro" buyIn: 0.93€ + 0.07€ level: 4 - HandId: #2676378633932636161-12-1673822144 - Holdem no limit (30/60) - 2023/01/15 22:35:44 UTC
Table: 'Expresso Nitro(623142960)#0' 3-max (real money) Seat #3 is the button
Seat 2: _SKR (718)
Seat 3: Grand Jeu (182)
*** ANTE/BLINDS ***
Grand Jeu posts small blind 30
_SKR posts big blind 60
Dealt to _SKR [8c 3c]
*** PRE-FLOP *** 
Grand Jeu folds
_SKR collected 90 from pot
*** SUMMARY ***
Total pot 90 | No rake
Seat 2: _SKR (big blind) won 90


Winamax Poker - Tournament "Expresso Nitro" buyIn: 0.93€ + 0.07€ level: 4 - HandId: #2676378633932636161-13-1673822148 - Holdem no limit (30/60) - 2023/01/15 22:35:48 UTC
Table: 'Expresso Nitro(623142960)#0' 3-max (real money) Seat #2 is the button
Seat 2: _SKR (748)
Seat 3: Grand Jeu (152)
*** ANTE/BLINDS ***
_SKR posts small blind 30
Grand Jeu posts big blind 60
Dealt to _SKR [9c 7d]
*** PRE-FLOP *** 
_SKR folds
Grand Jeu collected 90 from pot
*** SUMMARY ***
Total pot 90 | No rake
Seat 3: Grand Jeu (big blind) won 90


Winamax Poker - Tournament "Expresso Nitro" buyIn: 0.93€ + 0.07€ level: 4 - HandId: #2676378633932636161-14-1673822151 - Holdem no limit (30/60) - 2023/01/15 22:35:51 UTC
Table: 'Expresso Nitro(623142960)#0' 3-max (real money) Seat #3 is the button
Seat 2: _SKR (718)
Seat 3: Grand Jeu (182)
*** ANTE/BLINDS ***
Grand Jeu posts small blind 30
_SKR posts big blind 60
Dealt to _SKR [5d Kc]
*** PRE-FLOP *** 
Grand Jeu raises 122 to 182 and is all-in
_SKR calls 122
*** FLOP *** [Jc 3s 4h]
*** TURN *** [Jc 3s 4h][Jd]
*** RIVER *** [Jc 3s 4h Jd][6d]
*** SHOW DOWN ***
Grand Jeu shows [Qs 5s] (One pair : Jacks)
_SKR shows [5d Kc] (One pair : Jacks)
_SKR collected 364 from pot
*** SUMMARY ***
Total pot 364 | No rake
Board: [Jc 3s 4h Jd 6d]
Seat 2: _SKR (big blind) showed [5d Kc] and won 364 with One pair : Jacks
Seat 3: Grand Jeu (small blind) (button) showed [Qs 5s] and lost with One pair : Jacks


