Winamax Poker - Tournament "Expresso Nitro" buyIn: 1.86€ + 0.14€ level: 1 - HandId: #2677070888171470849-1-1673875757 - Holdem no limit (10/20) - 2023/01/16 13:29:17 UTC
Table: 'Expresso Nitro(623304138)#0' 3-max (real money) Seat #3 is the button
Seat 1: _SKR (300)
Seat 2: -EnPLS- (300)
Seat 3: RafAAle (300)
*** ANTE/BLINDS ***
_SKR posts small blind 10
-EnPLS- posts big blind 20
Dealt to _SKR [4s 8d]
*** PRE-FLOP *** 
RafAAle folds
_SKR folds
-EnPLS- collected 30 from pot
*** SUMMARY ***
Total pot 30 | No rake
Seat 2: -EnPLS- (big blind) won 30


Winamax Poker - Tournament "Expresso Nitro" buyIn: 1.86€ + 0.14€ level: 1 - HandId: #2677070888171470849-2-1673875761 - Holdem no limit (10/20) - 2023/01/16 13:29:21 UTC
Table: 'Expresso Nitro(623304138)#0' 3-max (real money) Seat #1 is the button
Seat 1: _SKR (290)
Seat 2: -EnPLS- (310)
Seat 3: RafAAle (300)
*** ANTE/BLINDS ***
-EnPLS- posts small blind 10
RafAAle posts big blind 20
Dealt to _SKR [2s 8s]
*** PRE-FLOP *** 
_SKR folds
-EnPLS- raises 20 to 40
RafAAle calls 20
*** FLOP *** [3h 5h Js]
-EnPLS- bets 20
RafAAle folds
-EnPLS- collected 100 from pot
*** SUMMARY ***
Total pot 100 | No rake
Board: [3h 5h Js]
Seat 2: -EnPLS- (small blind) won 100


Winamax Poker - Tournament "Expresso Nitro" buyIn: 1.86€ + 0.14€ level: 1 - HandId: #2677070888171470849-3-1673875802 - Holdem no limit (10/20) - 2023/01/16 13:30:02 UTC
Table: 'Expresso Nitro(623304138)#0' 3-max (real money) Seat #2 is the button
Seat 1: _SKR (290)
Seat 2: -EnPLS- (350)
Seat 3: RafAAle (260)
*** ANTE/BLINDS ***
RafAAle posts small blind 10
_SKR posts big blind 20
Dealt to _SKR [Th Kd]
*** PRE-FLOP *** 
-EnPLS- folds
RafAAle raises 40 to 60
_SKR calls 40
*** FLOP *** [3h 8s Tc]
RafAAle checks
_SKR bets 60
RafAAle folds
_SKR collected 180 from pot
*** SUMMARY ***
Total pot 180 | No rake
Board: [3h 8s Tc]
Seat 1: _SKR (big blind) won 180


Winamax Poker - Tournament "Expresso Nitro" buyIn: 1.86€ + 0.14€ level: 2 - HandId: #2677070888171470849-4-1673875831 - Holdem no limit (15/30) - 2023/01/16 13:30:31 UTC
Table: 'Expresso Nitro(623304138)#0' 3-max (real money) Seat #3 is the button
Seat 1: _SKR (350)
Seat 2: -EnPLS- (350)
Seat 3: RafAAle (200)
*** ANTE/BLINDS ***
_SKR posts small blind 15
-EnPLS- posts big blind 30
Dealt to _SKR [4c Th]
*** PRE-FLOP *** 
RafAAle folds
_SKR folds
-EnPLS- collected 45 from pot
*** SUMMARY ***
Total pot 45 | No rake
Seat 2: -EnPLS- (big blind) won 45


Winamax Poker - Tournament "Expresso Nitro" buyIn: 1.86€ + 0.14€ level: 2 - HandId: #2677070888171470849-5-1673875838 - Holdem no limit (15/30) - 2023/01/16 13:30:38 UTC
Table: 'Expresso Nitro(623304138)#0' 3-max (real money) Seat #1 is the button
Seat 1: _SKR (335)
Seat 2: -EnPLS- (365)
Seat 3: RafAAle (200)
*** ANTE/BLINDS ***
-EnPLS- posts small blind 15
RafAAle posts big blind 30
Dealt to _SKR [2d 4h]
*** PRE-FLOP *** 
_SKR folds
-EnPLS- folds
RafAAle collected 45 from pot
*** SUMMARY ***
Total pot 45 | No rake
Seat 3: RafAAle (big blind) won 45


Winamax Poker - Tournament "Expresso Nitro" buyIn: 1.86€ + 0.14€ level: 2 - HandId: #2677070888171470849-6-1673875855 - Holdem no limit (15/30) - 2023/01/16 13:30:55 UTC
Table: 'Expresso Nitro(623304138)#0' 3-max (real money) Seat #2 is the button
Seat 1: _SKR (335)
Seat 2: -EnPLS- (350)
Seat 3: RafAAle (215)
*** ANTE/BLINDS ***
RafAAle posts small blind 15
_SKR posts big blind 30
Dealt to _SKR [9s 4d]
*** PRE-FLOP *** 
-EnPLS- raises 320 to 350 and is all-in
RafAAle folds
_SKR folds
-EnPLS- collected 395 from pot
*** SUMMARY ***
Total pot 395 | No rake
Seat 2: -EnPLS- (button) won 395


Winamax Poker - Tournament "Expresso Nitro" buyIn: 1.86€ + 0.14€ level: 2 - HandId: #2677070888171470849-7-1673875871 - Holdem no limit (15/30) - 2023/01/16 13:31:11 UTC
Table: 'Expresso Nitro(623304138)#0' 3-max (real money) Seat #3 is the button
Seat 1: _SKR (305)
Seat 2: -EnPLS- (395)
Seat 3: RafAAle (200)
*** ANTE/BLINDS ***
_SKR posts small blind 15
-EnPLS- posts big blind 30
Dealt to _SKR [Jh 9s]
*** PRE-FLOP *** 
RafAAle raises 170 to 200 and is all-in
_SKR folds
-EnPLS- folds
RafAAle collected 245 from pot
*** SUMMARY ***
Total pot 245 | No rake
Seat 3: RafAAle (button) won 245


Winamax Poker - Tournament "Expresso Nitro" buyIn: 1.86€ + 0.14€ level: 3 - HandId: #2677070888171470849-8-1673875893 - Holdem no limit (20/40) - 2023/01/16 13:31:33 UTC
Table: 'Expresso Nitro(623304138)#0' 3-max (real money) Seat #1 is the button
Seat 1: _SKR (290)
Seat 2: -EnPLS- (365)
Seat 3: RafAAle (245)
*** ANTE/BLINDS ***
-EnPLS- posts small blind 20
RafAAle posts big blind 40
Dealt to _SKR [6s 2d]
*** PRE-FLOP *** 
_SKR folds
-EnPLS- raises 325 to 365 and is all-in
RafAAle folds
-EnPLS- collected 405 from pot
*** SUMMARY ***
Total pot 405 | No rake
Seat 2: -EnPLS- (small blind) won 405


Winamax Poker - Tournament "Expresso Nitro" buyIn: 1.86€ + 0.14€ level: 3 - HandId: #2677070888171470849-9-1673875924 - Holdem no limit (20/40) - 2023/01/16 13:32:04 UTC
Table: 'Expresso Nitro(623304138)#0' 3-max (real money) Seat #2 is the button
Seat 1: _SKR (290)
Seat 2: -EnPLS- (405)
Seat 3: RafAAle (205)
*** ANTE/BLINDS ***
RafAAle posts small blind 20
_SKR posts big blind 40
Dealt to _SKR [3s 9s]
*** PRE-FLOP *** 
-EnPLS- folds
RafAAle raises 165 to 205 and is all-in
_SKR folds
RafAAle collected 245 from pot
*** SUMMARY ***
Total pot 245 | No rake
Seat 3: RafAAle (small blind) won 245


Winamax Poker - Tournament "Expresso Nitro" buyIn: 1.86€ + 0.14€ level: 4 - HandId: #2677070888171470849-10-1673875943 - Holdem no limit (30/60) - 2023/01/16 13:32:23 UTC
Table: 'Expresso Nitro(623304138)#0' 3-max (real money) Seat #3 is the button
Seat 1: _SKR (250)
Seat 2: -EnPLS- (405)
Seat 3: RafAAle (245)
*** ANTE/BLINDS ***
_SKR posts small blind 30
-EnPLS- posts big blind 60
Dealt to _SKR [7c Kh]
*** PRE-FLOP *** 
RafAAle folds
_SKR raises 190 to 250 and is all-in
-EnPLS- folds
_SKR collected 310 from pot
*** SUMMARY ***
Total pot 310 | No rake
Seat 1: _SKR (small blind) won 310


Winamax Poker - Tournament "Expresso Nitro" buyIn: 1.86€ + 0.14€ level: 4 - HandId: #2677070888171470849-11-1673875952 - Holdem no limit (30/60) - 2023/01/16 13:32:32 UTC
Table: 'Expresso Nitro(623304138)#0' 3-max (real money) Seat #1 is the button
Seat 1: _SKR (310)
Seat 2: -EnPLS- (345)
Seat 3: RafAAle (245)
*** ANTE/BLINDS ***
-EnPLS- posts small blind 30
RafAAle posts big blind 60
Dealt to _SKR [8h 4s]
*** PRE-FLOP *** 
_SKR folds
-EnPLS- raises 285 to 345 and is all-in
RafAAle folds
-EnPLS- collected 405 from pot
*** SUMMARY ***
Total pot 405 | No rake
Seat 2: -EnPLS- (small blind) won 405


Winamax Poker - Tournament "Expresso Nitro" buyIn: 1.86€ + 0.14€ level: 4 - HandId: #2677070888171470849-12-1673875969 - Holdem no limit (30/60) - 2023/01/16 13:32:49 UTC
Table: 'Expresso Nitro(623304138)#0' 3-max (real money) Seat #2 is the button
Seat 1: _SKR (310)
Seat 2: -EnPLS- (405)
Seat 3: RafAAle (185)
*** ANTE/BLINDS ***
RafAAle posts small blind 30
_SKR posts big blind 60
Dealt to _SKR [9h 5s]
*** PRE-FLOP *** 
-EnPLS- raises 345 to 405 and is all-in
RafAAle folds
_SKR folds
-EnPLS- collected 495 from pot
*** SUMMARY ***
Total pot 495 | No rake
Seat 2: -EnPLS- (button) won 495


Winamax Poker - Tournament "Expresso Nitro" buyIn: 1.86€ + 0.14€ level: 4 - HandId: #2677070888171470849-13-1673875980 - Holdem no limit (30/60) - 2023/01/16 13:33:00 UTC
Table: 'Expresso Nitro(623304138)#0' 3-max (real money) Seat #3 is the button
Seat 1: _SKR (250)
Seat 2: -EnPLS- (495)
Seat 3: RafAAle (155)
*** ANTE/BLINDS ***
_SKR posts small blind 30
-EnPLS- posts big blind 60
Dealt to _SKR [5h 7h]
*** PRE-FLOP *** 
RafAAle folds
_SKR raises 190 to 250 and is all-in
-EnPLS- calls 190
*** FLOP *** [4c Jd 3h]
*** TURN *** [4c Jd 3h][5s]
*** RIVER *** [4c Jd 3h 5s][7s]
*** SHOW DOWN ***
-EnPLS- shows [Ks Qd] (High card : King)
_SKR shows [5h 7h] (Two pairs : 7 and 5)
_SKR collected 500 from pot
*** SUMMARY ***
Total pot 500 | No rake
Board: [4c Jd 3h 5s 7s]
Seat 1: _SKR (small blind) showed [5h 7h] and won 500 with Two pairs : 7 and 5
Seat 2: -EnPLS- (big blind) showed [Ks Qd] and lost with High card : King


Winamax Poker - Tournament "Expresso Nitro" buyIn: 1.86€ + 0.14€ level: 5 - HandId: #2677070888171470849-14-1673876007 - Holdem no limit (40/80) - 2023/01/16 13:33:27 UTC
Table: 'Expresso Nitro(623304138)#0' 3-max (real money) Seat #1 is the button
Seat 1: _SKR (500)
Seat 2: -EnPLS- (245)
Seat 3: RafAAle (155)
*** ANTE/BLINDS ***
-EnPLS- posts small blind 40
RafAAle posts big blind 80
Dealt to _SKR [Jd Jh]
*** PRE-FLOP *** 
_SKR raises 420 to 500 and is all-in
-EnPLS- calls 205 and is all-in
RafAAle calls 75 and is all-in
*** FLOP *** [Qc 2h Qd]
*** TURN *** [Qc 2h Qd][Th]
*** RIVER *** [Qc 2h Qd Th][8d]
*** SHOW DOWN ***
RafAAle shows [6s 5d] (One pair : Queens)
_SKR shows [Jd Jh] (Two pairs : Queens and Jacks)
-EnPLS- shows [Qs 9c] (Trips of Queens)
-EnPLS- collected 645 from main pot
_SKR collected 255 from side pot 1
*** SUMMARY ***
Total pot 900 | No rake
Board: [Qc 2h Qd Th 8d]
Seat 1: _SKR (button) showed [Jd Jh] and won 255 with Two pairs : Queens and Jacks
Seat 2: -EnPLS- (small blind) showed [Qs 9c] and won 645 with Trips of Queens
Seat 3: RafAAle (big blind) showed [6s 5d] and lost with One pair : Queens


Winamax Poker - Tournament "Expresso Nitro" buyIn: 1.86€ + 0.14€ level: 5 - HandId: #2677070888171470849-15-1673876031 - Holdem no limit (40/80) - 2023/01/16 13:33:51 UTC
Table: 'Expresso Nitro(623304138)#0' 3-max (real money) Seat #1 is the button
Seat 1: _SKR (255)
Seat 2: -EnPLS- (645)
*** ANTE/BLINDS ***
_SKR posts small blind 40
-EnPLS- posts big blind 80
Dealt to _SKR [Ts Ks]
*** PRE-FLOP *** 
_SKR raises 175 to 255 and is all-in
-EnPLS- calls 175
*** FLOP *** [8s 5h 4s]
*** TURN *** [8s 5h 4s][Tc]
*** RIVER *** [8s 5h 4s Tc][5s]
*** SHOW DOWN ***
-EnPLS- shows [3s 3d] (Two pairs : 5 and 3)
_SKR shows [Ts Ks] (Flush King high)
_SKR collected 510 from pot
*** SUMMARY ***
Total pot 510 | No rake
Board: [8s 5h 4s Tc 5s]
Seat 1: _SKR (small blind) (button) showed [Ts Ks] and won 510 with Flush King high
Seat 2: -EnPLS- (big blind) showed [3s 3d] and lost with Two pairs : 5 and 3


Winamax Poker - Tournament "Expresso Nitro" buyIn: 1.86€ + 0.14€ level: 5 - HandId: #2677070888171470849-16-1673876047 - Holdem no limit (40/80) - 2023/01/16 13:34:07 UTC
Table: 'Expresso Nitro(623304138)#0' 3-max (real money) Seat #2 is the button
Seat 1: _SKR (510)
Seat 2: -EnPLS- (390)
*** ANTE/BLINDS ***
-EnPLS- posts small blind 40
_SKR posts big blind 80
Dealt to _SKR [7c Td]
*** PRE-FLOP *** 
-EnPLS- raises 310 to 390 and is all-in
_SKR folds
-EnPLS- collected 470 from pot
*** SUMMARY ***
Total pot 470 | No rake
Seat 2: -EnPLS- (small blind) (button) won 470


Winamax Poker - Tournament "Expresso Nitro" buyIn: 1.86€ + 0.14€ level: 6 - HandId: #2677070888171470849-17-1673876054 - Holdem no limit (50/100) - 2023/01/16 13:34:14 UTC
Table: 'Expresso Nitro(623304138)#0' 3-max (real money) Seat #1 is the button
Seat 1: _SKR (430)
Seat 2: -EnPLS- (470)
*** ANTE/BLINDS ***
_SKR posts small blind 50
-EnPLS- posts big blind 100
Dealt to _SKR [8c Ad]
*** PRE-FLOP *** 
_SKR raises 330 to 430 and is all-in
-EnPLS- calls 330
*** FLOP *** [6s Qd Kc]
*** TURN *** [6s Qd Kc][3h]
*** RIVER *** [6s Qd Kc 3h][As]
*** SHOW DOWN ***
-EnPLS- shows [Tc 7c] (High card : Ace)
_SKR shows [8c Ad] (One pair : Aces)
_SKR collected 860 from pot
*** SUMMARY ***
Total pot 860 | No rake
Board: [6s Qd Kc 3h As]
Seat 1: _SKR (small blind) (button) showed [8c Ad] and won 860 with One pair : Aces
Seat 2: -EnPLS- (big blind) showed [Tc 7c] and lost with High card : Ace


Winamax Poker - Tournament "Expresso Nitro" buyIn: 1.86€ + 0.14€ level: 6 - HandId: #2677070888171470849-18-1673876071 - Holdem no limit (50/100) - 2023/01/16 13:34:31 UTC
Table: 'Expresso Nitro(623304138)#0' 3-max (real money) Seat #2 is the button
Seat 1: _SKR (860)
Seat 2: -EnPLS- (40)
*** ANTE/BLINDS ***
-EnPLS- posts small blind 40 and is all-in
_SKR posts big blind 100
Dealt to _SKR [5h Kd]
*** PRE-FLOP *** 
*** FLOP *** [9s Qc 3s]
*** TURN *** [9s Qc 3s][9d]
*** RIVER *** [9s Qc 3s 9d][9h]
*** SHOW DOWN ***
-EnPLS- shows [2s Tc] (Trips of 9)
_SKR shows [5h Kd] (Trips of 9)
_SKR collected 140 from pot
*** SUMMARY ***
Total pot 140 | No rake
Board: [9s Qc 3s 9d 9h]
Seat 1: _SKR (big blind) showed [5h Kd] and won 140 with Trips of 9
Seat 2: -EnPLS- (small blind) (button) showed [2s Tc] and lost with Trips of 9


