Winamax Poker - Tournament "Expresso Nitro" buyIn: 0.93€ + 0.07€ level: 1 - HandId: #2673221132890406913-1-1673643323 - Holdem no limit (10/20) - 2023/01/13 20:55:23 UTC
Table: 'Expresso Nitro(622407797)#0' 3-max (real money) Seat #2 is the button
Seat 1: _SKR (300)
Seat 2: Ric22 (300)
Seat 3: WolfTooth85_ (300)
*** ANTE/BLINDS ***
WolfTooth85_ posts small blind 10
_SKR posts big blind 20
Dealt to _SKR [Ac 5s]
*** PRE-FLOP *** 
Ric22 calls 20
WolfTooth85_ calls 10
_SKR raises 280 to 300 and is all-in
Ric22 folds
WolfTooth85_ folds
_SKR collected 340 from pot
*** SUMMARY ***
Total pot 340 | No rake
Seat 1: _SKR (big blind) won 340


Winamax Poker - Tournament "Expresso Nitro" buyIn: 0.93€ + 0.07€ level: 1 - HandId: #2673221132890406913-2-1673643341 - Holdem no limit (10/20) - 2023/01/13 20:55:41 UTC
Table: 'Expresso Nitro(622407797)#0' 3-max (real money) Seat #3 is the button
Seat 1: _SKR (340)
Seat 2: Ric22 (280)
Seat 3: WolfTooth85_ (280)
*** ANTE/BLINDS ***
_SKR posts small blind 10
Ric22 posts big blind 20
Dealt to _SKR [Tc Qh]
*** PRE-FLOP *** 
WolfTooth85_ calls 20
_SKR folds
Ric22 checks
*** FLOP *** [3d 5d 5c]
Ric22 bets 20
WolfTooth85_ folds
Ric22 collected 70 from pot
*** SUMMARY ***
Total pot 70 | No rake
Board: [3d 5d 5c]
Seat 2: Ric22 (big blind) won 70


Winamax Poker - Tournament "Expresso Nitro" buyIn: 0.93€ + 0.07€ level: 1 - HandId: #2673221132890406913-3-1673643368 - Holdem no limit (10/20) - 2023/01/13 20:56:08 UTC
Table: 'Expresso Nitro(622407797)#0' 3-max (real money) Seat #1 is the button
Seat 1: _SKR (330)
Seat 2: Ric22 (310)
Seat 3: WolfTooth85_ (260)
*** ANTE/BLINDS ***
Ric22 posts small blind 10
WolfTooth85_ posts big blind 20
Dealt to _SKR [5h Th]
*** PRE-FLOP *** 
_SKR folds
Ric22 raises 40 to 60
WolfTooth85_ folds
Ric22 collected 80 from pot
*** SUMMARY ***
Total pot 80 | No rake
Seat 2: Ric22 (small blind) won 80


Winamax Poker - Tournament "Expresso Nitro" buyIn: 0.93€ + 0.07€ level: 2 - HandId: #2673221132890406913-4-1673643396 - Holdem no limit (15/30) - 2023/01/13 20:56:36 UTC
Table: 'Expresso Nitro(622407797)#0' 3-max (real money) Seat #2 is the button
Seat 1: _SKR (330)
Seat 2: Ric22 (330)
Seat 3: WolfTooth85_ (240)
*** ANTE/BLINDS ***
WolfTooth85_ posts small blind 15
_SKR posts big blind 30
Dealt to _SKR [Ah Ks]
*** PRE-FLOP *** 
Ric22 folds
WolfTooth85_ raises 210 to 240 and is all-in
_SKR raises 90 to 330 and is all-in
*** FLOP *** [4d Qc 6h]
*** TURN *** [4d Qc 6h][2c]
*** RIVER *** [4d Qc 6h 2c][8h]
*** SHOW DOWN ***
WolfTooth85_ shows [Ad Jh] (High card : Ace)
_SKR shows [Ah Ks] (High card : Ace)
_SKR collected 570 from pot
*** SUMMARY ***
Total pot 570 | No rake
Board: [4d Qc 6h 2c 8h]
Seat 1: _SKR (big blind) showed [Ah Ks] and won 570 with High card : Ace
Seat 3: WolfTooth85_ (small blind) showed [Ad Jh] and lost with High card : Ace


Winamax Poker - Tournament "Expresso Nitro" buyIn: 0.93€ + 0.07€ level: 2 - HandId: #2673221132890406913-5-1673643419 - Holdem no limit (15/30) - 2023/01/13 20:56:59 UTC
Table: 'Expresso Nitro(622407797)#0' 3-max (real money) Seat #1 is the button
Seat 1: _SKR (570)
Seat 2: Ric22 (330)
*** ANTE/BLINDS ***
_SKR posts small blind 15
Ric22 posts big blind 30
Dealt to _SKR [2h 4c]
*** PRE-FLOP *** 
_SKR folds
Ric22 collected 45 from pot
*** SUMMARY ***
Total pot 45 | No rake
Seat 2: Ric22 (big blind) won 45


Winamax Poker - Tournament "Expresso Nitro" buyIn: 0.93€ + 0.07€ level: 2 - HandId: #2673221132890406913-6-1673643426 - Holdem no limit (15/30) - 2023/01/13 20:57:06 UTC
Table: 'Expresso Nitro(622407797)#0' 3-max (real money) Seat #2 is the button
Seat 1: _SKR (555)
Seat 2: Ric22 (345)
*** ANTE/BLINDS ***
Ric22 posts small blind 15
_SKR posts big blind 30
Dealt to _SKR [Ad 9h]
*** PRE-FLOP *** 
Ric22 calls 15
_SKR raises 525 to 555 and is all-in
Ric22 folds
_SKR collected 585 from pot
*** SUMMARY ***
Total pot 585 | No rake
Seat 1: _SKR (big blind) won 585


Winamax Poker - Tournament "Expresso Nitro" buyIn: 0.93€ + 0.07€ level: 2 - HandId: #2673221132890406913-7-1673643437 - Holdem no limit (15/30) - 2023/01/13 20:57:17 UTC
Table: 'Expresso Nitro(622407797)#0' 3-max (real money) Seat #1 is the button
Seat 1: _SKR (585)
Seat 2: Ric22 (315)
*** ANTE/BLINDS ***
_SKR posts small blind 15
Ric22 posts big blind 30
Dealt to _SKR [2s 8d]
*** PRE-FLOP *** 
_SKR folds
Ric22 collected 45 from pot
*** SUMMARY ***
Total pot 45 | No rake
Seat 2: Ric22 (big blind) won 45


Winamax Poker - Tournament "Expresso Nitro" buyIn: 0.93€ + 0.07€ level: 3 - HandId: #2673221132890406913-8-1673643445 - Holdem no limit (20/40) - 2023/01/13 20:57:25 UTC
Table: 'Expresso Nitro(622407797)#0' 3-max (real money) Seat #2 is the button
Seat 1: _SKR (570)
Seat 2: Ric22 (330)
*** ANTE/BLINDS ***
Ric22 posts small blind 20
_SKR posts big blind 40
Dealt to _SKR [4s Td]
*** PRE-FLOP *** 
Ric22 calls 20
_SKR checks
*** FLOP *** [6d 3d 4d]
_SKR checks
Ric22 bets 80
_SKR raises 450 to 530 and is all-in
Ric22 folds
_SKR collected 690 from pot
*** SUMMARY ***
Total pot 690 | No rake
Board: [6d 3d 4d]
Seat 1: _SKR (big blind) won 690


Winamax Poker - Tournament "Expresso Nitro" buyIn: 0.93€ + 0.07€ level: 3 - HandId: #2673221132890406913-9-1673643473 - Holdem no limit (20/40) - 2023/01/13 20:57:53 UTC
Table: 'Expresso Nitro(622407797)#0' 3-max (real money) Seat #1 is the button
Seat 1: _SKR (690)
Seat 2: Ric22 (210)
*** ANTE/BLINDS ***
_SKR posts small blind 20
Ric22 posts big blind 40
Dealt to _SKR [Td Ah]
*** PRE-FLOP *** 
_SKR raises 650 to 690 and is all-in
Ric22 calls 170 and is all-in
*** FLOP *** [8d 4h 7c]
*** TURN *** [8d 4h 7c][7d]
*** RIVER *** [8d 4h 7c 7d][Qh]
*** SHOW DOWN ***
Ric22 shows [5c Ad] (One pair : 7)
_SKR shows [Td Ah] (One pair : 7)
_SKR collected 900 from pot
*** SUMMARY ***
Total pot 900 | No rake
Board: [8d 4h 7c 7d Qh]
Seat 1: _SKR (small blind) (button) showed [Td Ah] and won 900 with One pair : 7
Seat 2: Ric22 (big blind) showed [5c Ad] and lost with One pair : 7


