Winamax Poker - Tournament "Expresso Nitro" buyIn: 1.86€ + 0.14€ level: 1 - HandId: #2697301996611829761-1-1675116897 - Holdem no limit (10/20) - 2023/01/30 22:14:57 UTC
Table: 'Expresso Nitro(628014560)#0' 3-max (real money) Seat #3 is the button
Seat 1: _SKR (300)
Seat 2: Ricccola (300)
Seat 3: baltunin26 (300)
*** ANTE/BLINDS ***
_SKR posts small blind 10
Ricccola posts big blind 20
Dealt to _SKR [6s Js]
*** PRE-FLOP *** 
baltunin26 folds
_SKR folds
Ricccola collected 30 from pot
*** SUMMARY ***
Total pot 30 | No rake
Seat 2: Ricccola (big blind) won 30


Winamax Poker - Tournament "Expresso Nitro" buyIn: 1.86€ + 0.14€ level: 1 - HandId: #2697301996611829761-2-1675116918 - Holdem no limit (10/20) - 2023/01/30 22:15:18 UTC
Table: 'Expresso Nitro(628014560)#0' 3-max (real money) Seat #1 is the button
Seat 1: _SKR (290)
Seat 2: Ricccola (310)
Seat 3: baltunin26 (300)
*** ANTE/BLINDS ***
Ricccola posts small blind 10
baltunin26 posts big blind 20
Dealt to _SKR [As 3h]
*** PRE-FLOP *** 
_SKR raises 270 to 290 and is all-in
Ricccola folds
baltunin26 calls 270
*** FLOP *** [8h 7c Ah]
*** TURN *** [8h 7c Ah][Jc]
*** RIVER *** [8h 7c Ah Jc][5c]
*** SHOW DOWN ***
baltunin26 shows [Kh Js] (One pair : Jacks)
_SKR shows [As 3h] (One pair : Aces)
_SKR collected 590 from pot
*** SUMMARY ***
Total pot 590 | No rake
Board: [8h 7c Ah Jc 5c]
Seat 1: _SKR (button) showed [As 3h] and won 590 with One pair : Aces
Seat 3: baltunin26 (big blind) showed [Kh Js] and lost with One pair : Jacks


Winamax Poker - Tournament "Expresso Nitro" buyIn: 1.86€ + 0.14€ level: 1 - HandId: #2697301996611829761-3-1675116940 - Holdem no limit (10/20) - 2023/01/30 22:15:40 UTC
Table: 'Expresso Nitro(628014560)#0' 3-max (real money) Seat #2 is the button
Seat 1: _SKR (590)
Seat 2: Ricccola (300)
Seat 3: baltunin26 (10)
*** ANTE/BLINDS ***
baltunin26 posts small blind 10 and is all-in
_SKR posts big blind 20
Dealt to _SKR [Ks Tc]
*** PRE-FLOP *** 
Ricccola folds
*** FLOP *** [4c 9s Qd]
*** TURN *** [4c 9s Qd][9h]
*** RIVER *** [4c 9s Qd 9h][7c]
*** SHOW DOWN ***
baltunin26 shows [5d 3h] (One pair : 9)
_SKR shows [Ks Tc] (One pair : 9)
_SKR collected 30 from pot
*** SUMMARY ***
Total pot 30 | No rake
Board: [4c 9s Qd 9h 7c]
Seat 1: _SKR (big blind) showed [Ks Tc] and won 30 with One pair : 9
Seat 3: baltunin26 (small blind) showed [5d 3h] and lost with One pair : 9


Winamax Poker - Tournament "Expresso Nitro" buyIn: 1.86€ + 0.14€ level: 2 - HandId: #2697301996611829761-4-1675116952 - Holdem no limit (15/30) - 2023/01/30 22:15:52 UTC
Table: 'Expresso Nitro(628014560)#0' 3-max (real money) Seat #1 is the button
Seat 1: _SKR (600)
Seat 2: Ricccola (300)
*** ANTE/BLINDS ***
_SKR posts small blind 15
Ricccola posts big blind 30
Dealt to _SKR [Ad Ts]
*** PRE-FLOP *** 
_SKR raises 570 to 600 and is all-in
Ricccola folds
_SKR collected 630 from pot
*** SUMMARY ***
Total pot 630 | No rake
Seat 1: _SKR (small blind) (button) won 630


Winamax Poker - Tournament "Expresso Nitro" buyIn: 1.86€ + 0.14€ level: 2 - HandId: #2697301996611829761-5-1675116962 - Holdem no limit (15/30) - 2023/01/30 22:16:02 UTC
Table: 'Expresso Nitro(628014560)#0' 3-max (real money) Seat #2 is the button
Seat 1: _SKR (630)
Seat 2: Ricccola (270)
*** ANTE/BLINDS ***
Ricccola posts small blind 15
_SKR posts big blind 30
Dealt to _SKR [9s 6h]
*** PRE-FLOP *** 
Ricccola folds
_SKR collected 45 from pot
*** SUMMARY ***
Total pot 45 | No rake
Seat 1: _SKR (big blind) won 45


Winamax Poker - Tournament "Expresso Nitro" buyIn: 1.86€ + 0.14€ level: 2 - HandId: #2697301996611829761-6-1675116966 - Holdem no limit (15/30) - 2023/01/30 22:16:06 UTC
Table: 'Expresso Nitro(628014560)#0' 3-max (real money) Seat #1 is the button
Seat 1: _SKR (645)
Seat 2: Ricccola (255)
*** ANTE/BLINDS ***
_SKR posts small blind 15
Ricccola posts big blind 30
Dealt to _SKR [7d 8s]
*** PRE-FLOP *** 
_SKR folds
Ricccola collected 45 from pot
*** SUMMARY ***
Total pot 45 | No rake
Seat 2: Ricccola (big blind) won 45


Winamax Poker - Tournament "Expresso Nitro" buyIn: 1.86€ + 0.14€ level: 2 - HandId: #2697301996611829761-7-1675116972 - Holdem no limit (15/30) - 2023/01/30 22:16:12 UTC
Table: 'Expresso Nitro(628014560)#0' 3-max (real money) Seat #2 is the button
Seat 1: _SKR (630)
Seat 2: Ricccola (270)
*** ANTE/BLINDS ***
Ricccola posts small blind 15
_SKR posts big blind 30
Dealt to _SKR [4d 3s]
*** PRE-FLOP *** 
Ricccola raises 240 to 270 and is all-in
_SKR folds
Ricccola collected 300 from pot
*** SUMMARY ***
Total pot 300 | No rake
Seat 2: Ricccola (small blind) (button) won 300


Winamax Poker - Tournament "Expresso Nitro" buyIn: 1.86€ + 0.14€ level: 2 - HandId: #2697301996611829761-8-1675116983 - Holdem no limit (15/30) - 2023/01/30 22:16:23 UTC
Table: 'Expresso Nitro(628014560)#0' 3-max (real money) Seat #1 is the button
Seat 1: _SKR (600)
Seat 2: Ricccola (300)
*** ANTE/BLINDS ***
_SKR posts small blind 15
Ricccola posts big blind 30
Dealt to _SKR [7h Ks]
*** PRE-FLOP *** 
_SKR raises 570 to 600 and is all-in
Ricccola folds
_SKR collected 630 from pot
*** SUMMARY ***
Total pot 630 | No rake
Seat 1: _SKR (small blind) (button) won 630


Winamax Poker - Tournament "Expresso Nitro" buyIn: 1.86€ + 0.14€ level: 2 - HandId: #2697301996611829761-9-1675116992 - Holdem no limit (15/30) - 2023/01/30 22:16:32 UTC
Table: 'Expresso Nitro(628014560)#0' 3-max (real money) Seat #2 is the button
Seat 1: _SKR (630)
Seat 2: Ricccola (270)
*** ANTE/BLINDS ***
Ricccola posts small blind 15
_SKR posts big blind 30
Dealt to _SKR [Td Qh]
*** PRE-FLOP *** 
Ricccola raises 60 to 90
_SKR folds
Ricccola collected 120 from pot
*** SUMMARY ***
Total pot 120 | No rake
Seat 2: Ricccola (small blind) (button) won 120


Winamax Poker - Tournament "Expresso Nitro" buyIn: 1.86€ + 0.14€ level: 2 - HandId: #2697301996611829761-10-1675116999 - Holdem no limit (15/30) - 2023/01/30 22:16:39 UTC
Table: 'Expresso Nitro(628014560)#0' 3-max (real money) Seat #1 is the button
Seat 1: _SKR (600)
Seat 2: Ricccola (300)
*** ANTE/BLINDS ***
_SKR posts small blind 15
Ricccola posts big blind 30
Dealt to _SKR [Qc Qs]
*** PRE-FLOP *** 
_SKR raises 570 to 600 and is all-in
Ricccola calls 270 and is all-in
*** FLOP *** [Kc 3s As]
*** TURN *** [Kc 3s As][4c]
*** RIVER *** [Kc 3s As 4c][Js]
*** SHOW DOWN ***
Ricccola shows [8h 4h] (One pair : 4)
_SKR shows [Qc Qs] (One pair : Queens)
_SKR collected 900 from pot
*** SUMMARY ***
Total pot 900 | No rake
Board: [Kc 3s As 4c Js]
Seat 1: _SKR (small blind) (button) showed [Qc Qs] and won 900 with One pair : Queens
Seat 2: Ricccola (big blind) showed [8h 4h] and lost with One pair : 4


