Winamax Poker - Tournament "Expresso Nitro" buyIn: 1.86€ + 0.14€ level: 1 - HandId: #2696528391397441537-1-1675085254 - Holdem no limit (10/20) - 2023/01/30 13:27:34 UTC
Table: 'Expresso Nitro(627834441)#0' 3-max (real money) Seat #2 is the button
Seat 1: Pokap (300)
Seat 2: _SKR (300)
Seat 3: Mouches92i (300)
*** ANTE/BLINDS ***
Mouches92i posts small blind 10
Pokap posts big blind 20
Dealt to _SKR [Js 6c]
*** PRE-FLOP *** 
_SKR folds
Mouches92i calls 10
Pokap checks
*** FLOP *** [Td As 6h]
Mouches92i bets 20
Pokap calls 20
*** TURN *** [Td As 6h][8h]
Mouches92i bets 28
Pokap folds
Mouches92i collected 108 from pot
*** SUMMARY ***
Total pot 108 | No rake
Board: [Td As 6h 8h]
Seat 3: Mouches92i (small blind) won 108


Winamax Poker - Tournament "Expresso Nitro" buyIn: 1.86€ + 0.14€ level: 1 - HandId: #2696528391397441537-2-1675085274 - Holdem no limit (10/20) - 2023/01/30 13:27:54 UTC
Table: 'Expresso Nitro(627834441)#0' 3-max (real money) Seat #3 is the button
Seat 1: Pokap (260)
Seat 2: _SKR (300)
Seat 3: Mouches92i (340)
*** ANTE/BLINDS ***
Pokap posts small blind 10
_SKR posts big blind 20
Dealt to _SKR [6s Td]
*** PRE-FLOP *** 
Mouches92i calls 20
Pokap calls 10
_SKR checks
*** FLOP *** [9s Th Ah]
Pokap bets 21
_SKR calls 21
Mouches92i calls 21
*** TURN *** [9s Th Ah][3h]
Pokap bets 43
_SKR folds
Mouches92i folds
Pokap collected 166 from pot
*** SUMMARY ***
Total pot 166 | No rake
Board: [9s Th Ah 3h]
Seat 1: Pokap (small blind) won 166


Winamax Poker - Tournament "Expresso Nitro" buyIn: 1.86€ + 0.14€ level: 2 - HandId: #2696528391397441537-3-1675085318 - Holdem no limit (15/30) - 2023/01/30 13:28:38 UTC
Table: 'Expresso Nitro(627834441)#0' 3-max (real money) Seat #1 is the button
Seat 1: Pokap (342)
Seat 2: _SKR (259)
Seat 3: Mouches92i (299)
*** ANTE/BLINDS ***
_SKR posts small blind 15
Mouches92i posts big blind 30
Dealt to _SKR [Tc Kc]
*** PRE-FLOP *** 
Pokap folds
_SKR raises 229 to 259 and is all-in
Mouches92i folds
_SKR collected 289 from pot
*** SUMMARY ***
Total pot 289 | No rake
Seat 2: _SKR (small blind) won 289


Winamax Poker - Tournament "Expresso Nitro" buyIn: 1.86€ + 0.14€ level: 2 - HandId: #2696528391397441537-4-1675085328 - Holdem no limit (15/30) - 2023/01/30 13:28:48 UTC
Table: 'Expresso Nitro(627834441)#0' 3-max (real money) Seat #2 is the button
Seat 1: Pokap (342)
Seat 2: _SKR (289)
Seat 3: Mouches92i (269)
*** ANTE/BLINDS ***
Mouches92i posts small blind 15
Pokap posts big blind 30
Dealt to _SKR [Ts 9s]
*** PRE-FLOP *** 
_SKR folds
Mouches92i calls 15
Pokap raises 60 to 90
Mouches92i calls 60
*** FLOP *** [9c Kh 5s]
Mouches92i bets 117
Pokap raises 135 to 252 and is all-in
Mouches92i calls 62 and is all-in
*** TURN *** [9c Kh 5s][2h]
*** RIVER *** [9c Kh 5s 2h][Qs]
*** SHOW DOWN ***
Mouches92i shows [Ah Tc] (High card : Ace)
Pokap shows [9h 9d] (Trips of 9)
Pokap collected 611 from pot
*** SUMMARY ***
Total pot 611 | No rake
Board: [9c Kh 5s 2h Qs]
Seat 1: Pokap (big blind) showed [9h 9d] and won 611 with Trips of 9
Seat 3: Mouches92i (small blind) showed [Ah Tc] and lost with High card : Ace


Winamax Poker - Tournament "Expresso Nitro" buyIn: 1.86€ + 0.14€ level: 2 - HandId: #2696528391397441537-5-1675085362 - Holdem no limit (15/30) - 2023/01/30 13:29:22 UTC
Table: 'Expresso Nitro(627834441)#0' 3-max (real money) Seat #1 is the button
Seat 1: Pokap (611)
Seat 2: _SKR (289)
*** ANTE/BLINDS ***
Pokap posts small blind 15
_SKR posts big blind 30
Dealt to _SKR [9h Jc]
*** PRE-FLOP *** 
Pokap raises 581 to 611 and is all-in
_SKR folds
Pokap collected 641 from pot
*** SUMMARY ***
Total pot 641 | No rake
Seat 1: Pokap (small blind) (button) won 641


Winamax Poker - Tournament "Expresso Nitro" buyIn: 1.86€ + 0.14€ level: 2 - HandId: #2696528391397441537-6-1675085368 - Holdem no limit (15/30) - 2023/01/30 13:29:28 UTC
Table: 'Expresso Nitro(627834441)#0' 3-max (real money) Seat #2 is the button
Seat 1: Pokap (641)
Seat 2: _SKR (259)
*** ANTE/BLINDS ***
_SKR posts small blind 15
Pokap posts big blind 30
Dealt to _SKR [8c 7d]
*** PRE-FLOP *** 
_SKR folds
Pokap collected 45 from pot
*** SUMMARY ***
Total pot 45 | No rake
Seat 1: Pokap (big blind) won 45


Winamax Poker - Tournament "Expresso Nitro" buyIn: 1.86€ + 0.14€ level: 3 - HandId: #2696528391397441537-7-1675085371 - Holdem no limit (20/40) - 2023/01/30 13:29:31 UTC
Table: 'Expresso Nitro(627834441)#0' 3-max (real money) Seat #1 is the button
Seat 1: Pokap (656)
Seat 2: _SKR (244)
*** ANTE/BLINDS ***
Pokap posts small blind 20
_SKR posts big blind 40
Dealt to _SKR [Ts 3d]
*** PRE-FLOP *** 
Pokap raises 616 to 656 and is all-in
_SKR folds
Pokap collected 696 from pot
*** SUMMARY ***
Total pot 696 | No rake
Seat 1: Pokap (small blind) (button) won 696


Winamax Poker - Tournament "Expresso Nitro" buyIn: 1.86€ + 0.14€ level: 3 - HandId: #2696528391397441537-8-1675085378 - Holdem no limit (20/40) - 2023/01/30 13:29:38 UTC
Table: 'Expresso Nitro(627834441)#0' 3-max (real money) Seat #2 is the button
Seat 1: Pokap (696)
Seat 2: _SKR (204)
*** ANTE/BLINDS ***
_SKR posts small blind 20
Pokap posts big blind 40
Dealt to _SKR [Qc Ah]
*** PRE-FLOP *** 
_SKR raises 164 to 204 and is all-in
Pokap calls 164
*** FLOP *** [4c 7d As]
*** TURN *** [4c 7d As][3h]
*** RIVER *** [4c 7d As 3h][8s]
*** SHOW DOWN ***
Pokap shows [6s Kh] (High card : Ace)
_SKR shows [Qc Ah] (One pair : Aces)
_SKR collected 408 from pot
*** SUMMARY ***
Total pot 408 | No rake
Board: [4c 7d As 3h 8s]
Seat 1: Pokap (big blind) showed [6s Kh] and lost with High card : Ace
Seat 2: _SKR (small blind) (button) showed [Qc Ah] and won 408 with One pair : Aces


Winamax Poker - Tournament "Expresso Nitro" buyIn: 1.86€ + 0.14€ level: 3 - HandId: #2696528391397441537-9-1675085392 - Holdem no limit (20/40) - 2023/01/30 13:29:52 UTC
Table: 'Expresso Nitro(627834441)#0' 3-max (real money) Seat #1 is the button
Seat 1: Pokap (492)
Seat 2: _SKR (408)
*** ANTE/BLINDS ***
Pokap posts small blind 20
_SKR posts big blind 40
Dealt to _SKR [Td Kh]
*** PRE-FLOP *** 
Pokap folds
_SKR collected 60 from pot
*** SUMMARY ***
Total pot 60 | No rake
Seat 2: _SKR (big blind) won 60


Winamax Poker - Tournament "Expresso Nitro" buyIn: 1.86€ + 0.14€ level: 3 - HandId: #2696528391397441537-10-1675085396 - Holdem no limit (20/40) - 2023/01/30 13:29:56 UTC
Table: 'Expresso Nitro(627834441)#0' 3-max (real money) Seat #2 is the button
Seat 1: Pokap (472)
Seat 2: _SKR (428)
*** ANTE/BLINDS ***
_SKR posts small blind 20
Pokap posts big blind 40
Dealt to _SKR [Ac 2c]
*** PRE-FLOP *** 
_SKR raises 388 to 428 and is all-in
Pokap folds
_SKR collected 468 from pot
*** SUMMARY ***
Total pot 468 | No rake
Seat 2: _SKR (small blind) (button) won 468


Winamax Poker - Tournament "Expresso Nitro" buyIn: 1.86€ + 0.14€ level: 3 - HandId: #2696528391397441537-11-1675085403 - Holdem no limit (20/40) - 2023/01/30 13:30:03 UTC
Table: 'Expresso Nitro(627834441)#0' 3-max (real money) Seat #1 is the button
Seat 1: Pokap (432)
Seat 2: _SKR (468)
*** ANTE/BLINDS ***
Pokap posts small blind 20
_SKR posts big blind 40
Dealt to _SKR [9h 2h]
*** PRE-FLOP *** 
Pokap raises 392 to 432 and is all-in
_SKR folds
Pokap collected 472 from pot
*** SUMMARY ***
Total pot 472 | No rake
Seat 1: Pokap (small blind) (button) won 472


Winamax Poker - Tournament "Expresso Nitro" buyIn: 1.86€ + 0.14€ level: 3 - HandId: #2696528391397441537-12-1675085412 - Holdem no limit (20/40) - 2023/01/30 13:30:12 UTC
Table: 'Expresso Nitro(627834441)#0' 3-max (real money) Seat #2 is the button
Seat 1: Pokap (472)
Seat 2: _SKR (428)
*** ANTE/BLINDS ***
_SKR posts small blind 20
Pokap posts big blind 40
Dealt to _SKR [6s 9c]
*** PRE-FLOP *** 
_SKR folds
Pokap collected 60 from pot
*** SUMMARY ***
Total pot 60 | No rake
Seat 1: Pokap (big blind) won 60


Winamax Poker - Tournament "Expresso Nitro" buyIn: 1.86€ + 0.14€ level: 3 - HandId: #2696528391397441537-13-1675085417 - Holdem no limit (20/40) - 2023/01/30 13:30:17 UTC
Table: 'Expresso Nitro(627834441)#0' 3-max (real money) Seat #1 is the button
Seat 1: Pokap (492)
Seat 2: _SKR (408)
*** ANTE/BLINDS ***
Pokap posts small blind 20
_SKR posts big blind 40
Dealt to _SKR [5d Kd]
*** PRE-FLOP *** 
Pokap raises 452 to 492 and is all-in
_SKR folds
Pokap collected 532 from pot
*** SUMMARY ***
Total pot 532 | No rake
Seat 1: Pokap (small blind) (button) won 532


Winamax Poker - Tournament "Expresso Nitro" buyIn: 1.86€ + 0.14€ level: 3 - HandId: #2696528391397441537-14-1675085426 - Holdem no limit (20/40) - 2023/01/30 13:30:26 UTC
Table: 'Expresso Nitro(627834441)#0' 3-max (real money) Seat #2 is the button
Seat 1: Pokap (532)
Seat 2: _SKR (368)
*** ANTE/BLINDS ***
_SKR posts small blind 20
Pokap posts big blind 40
Dealt to _SKR [Jd 7c]
*** PRE-FLOP *** 
_SKR folds
Pokap collected 60 from pot
*** SUMMARY ***
Total pot 60 | No rake
Seat 1: Pokap (big blind) won 60


Winamax Poker - Tournament "Expresso Nitro" buyIn: 1.86€ + 0.14€ level: 4 - HandId: #2696528391397441537-15-1675085432 - Holdem no limit (30/60) - 2023/01/30 13:30:32 UTC
Table: 'Expresso Nitro(627834441)#0' 3-max (real money) Seat #1 is the button
Seat 1: Pokap (552)
Seat 2: _SKR (348)
*** ANTE/BLINDS ***
Pokap posts small blind 30
_SKR posts big blind 60
Dealt to _SKR [2c Ac]
*** PRE-FLOP *** 
Pokap folds
_SKR collected 90 from pot
*** SUMMARY ***
Total pot 90 | No rake
Seat 2: _SKR (big blind) won 90


Winamax Poker - Tournament "Expresso Nitro" buyIn: 1.86€ + 0.14€ level: 4 - HandId: #2696528391397441537-16-1675085435 - Holdem no limit (30/60) - 2023/01/30 13:30:35 UTC
Table: 'Expresso Nitro(627834441)#0' 3-max (real money) Seat #2 is the button
Seat 1: Pokap (522)
Seat 2: _SKR (378)
*** ANTE/BLINDS ***
_SKR posts small blind 30
Pokap posts big blind 60
Dealt to _SKR [7h 3s]
*** PRE-FLOP *** 
_SKR folds
Pokap collected 90 from pot
*** SUMMARY ***
Total pot 90 | No rake
Seat 1: Pokap (big blind) won 90


Winamax Poker - Tournament "Expresso Nitro" buyIn: 1.86€ + 0.14€ level: 4 - HandId: #2696528391397441537-17-1675085438 - Holdem no limit (30/60) - 2023/01/30 13:30:38 UTC
Table: 'Expresso Nitro(627834441)#0' 3-max (real money) Seat #1 is the button
Seat 1: Pokap (552)
Seat 2: _SKR (348)
*** ANTE/BLINDS ***
Pokap posts small blind 30
_SKR posts big blind 60
Dealt to _SKR [Qs Ah]
*** PRE-FLOP *** 
Pokap raises 492 to 552 and is all-in
_SKR calls 288 and is all-in
*** FLOP *** [Th 6s 8d]
*** TURN *** [Th 6s 8d][7c]
*** RIVER *** [Th 6s 8d 7c][9h]
*** SHOW DOWN ***
Pokap shows [5d Ks] (Straight Ten high)
_SKR shows [Qs Ah] (Straight Ten high)
_SKR collected 348 from main pot
Pokap collected 552 from side pot 1
*** SUMMARY ***
Total pot 900 | No rake
Board: [Th 6s 8d 7c 9h]
Seat 1: Pokap (small blind) (button) showed [5d Ks] and won 552 with Straight Ten high
Seat 2: _SKR (big blind) showed [Qs Ah] and won 348 with Straight Ten high


Winamax Poker - Tournament "Expresso Nitro" buyIn: 1.86€ + 0.14€ level: 4 - HandId: #2696528391397441537-18-1675085449 - Holdem no limit (30/60) - 2023/01/30 13:30:49 UTC
Table: 'Expresso Nitro(627834441)#0' 3-max (real money) Seat #2 is the button
Seat 1: Pokap (552)
Seat 2: _SKR (348)
*** ANTE/BLINDS ***
_SKR posts small blind 30
Pokap posts big blind 60
Dealt to _SKR [7h 4h]
*** PRE-FLOP *** 
_SKR raises 288 to 348 and is all-in
Pokap calls 288
*** FLOP *** [2h 6d Tc]
*** TURN *** [2h 6d Tc][8d]
*** RIVER *** [2h 6d Tc 8d][5h]
*** SHOW DOWN ***
Pokap shows [Td 6c] (Two pairs : Tens and 6)
_SKR shows [7h 4h] (Straight 8 high)
_SKR collected 696 from pot
*** SUMMARY ***
Total pot 696 | No rake
Board: [2h 6d Tc 8d 5h]
Seat 1: Pokap (big blind) showed [Td 6c] and lost with Two pairs : Tens and 6
Seat 2: _SKR (small blind) (button) showed [7h 4h] and won 696 with Straight 8 high


Winamax Poker - Tournament "Expresso Nitro" buyIn: 1.86€ + 0.14€ level: 4 - HandId: #2696528391397441537-19-1675085471 - Holdem no limit (30/60) - 2023/01/30 13:31:11 UTC
Table: 'Expresso Nitro(627834441)#0' 3-max (real money) Seat #1 is the button
Seat 1: Pokap (204)
Seat 2: _SKR (696)
*** ANTE/BLINDS ***
Pokap posts small blind 30
_SKR posts big blind 60
Dealt to _SKR [7h 4s]
*** PRE-FLOP *** 
Pokap raises 144 to 204 and is all-in
_SKR folds
Pokap collected 264 from pot
*** SUMMARY ***
Total pot 264 | No rake
Seat 1: Pokap (small blind) (button) won 264


Winamax Poker - Tournament "Expresso Nitro" buyIn: 1.86€ + 0.14€ level: 4 - HandId: #2696528391397441537-20-1675085476 - Holdem no limit (30/60) - 2023/01/30 13:31:16 UTC
Table: 'Expresso Nitro(627834441)#0' 3-max (real money) Seat #2 is the button
Seat 1: Pokap (264)
Seat 2: _SKR (636)
*** ANTE/BLINDS ***
_SKR posts small blind 30
Pokap posts big blind 60
Dealt to _SKR [3s 4d]
*** PRE-FLOP *** 
_SKR folds
Pokap collected 90 from pot
*** SUMMARY ***
Total pot 90 | No rake
Seat 1: Pokap (big blind) won 90


Winamax Poker - Tournament "Expresso Nitro" buyIn: 1.86€ + 0.14€ level: 4 - HandId: #2696528391397441537-21-1675085480 - Holdem no limit (30/60) - 2023/01/30 13:31:20 UTC
Table: 'Expresso Nitro(627834441)#0' 3-max (real money) Seat #1 is the button
Seat 1: Pokap (294)
Seat 2: _SKR (606)
*** ANTE/BLINDS ***
Pokap posts small blind 30
_SKR posts big blind 60
Dealt to _SKR [5d 2s]
*** PRE-FLOP *** 
Pokap raises 234 to 294 and is all-in
_SKR folds
Pokap collected 354 from pot
*** SUMMARY ***
Total pot 354 | No rake
Seat 1: Pokap (small blind) (button) won 354


Winamax Poker - Tournament "Expresso Nitro" buyIn: 1.86€ + 0.14€ level: 4 - HandId: #2696528391397441537-22-1675085485 - Holdem no limit (30/60) - 2023/01/30 13:31:25 UTC
Table: 'Expresso Nitro(627834441)#0' 3-max (real money) Seat #2 is the button
Seat 1: Pokap (354)
Seat 2: _SKR (546)
*** ANTE/BLINDS ***
_SKR posts small blind 30
Pokap posts big blind 60
Dealt to _SKR [Td 5h]
*** PRE-FLOP *** 
_SKR folds
Pokap collected 90 from pot
*** SUMMARY ***
Total pot 90 | No rake
Seat 1: Pokap (big blind) won 90


Winamax Poker - Tournament "Expresso Nitro" buyIn: 1.86€ + 0.14€ level: 4 - HandId: #2696528391397441537-23-1675085490 - Holdem no limit (30/60) - 2023/01/30 13:31:30 UTC
Table: 'Expresso Nitro(627834441)#0' 3-max (real money) Seat #1 is the button
Seat 1: Pokap (384)
Seat 2: _SKR (516)
*** ANTE/BLINDS ***
Pokap posts small blind 30
_SKR posts big blind 60
Dealt to _SKR [6c Jh]
*** PRE-FLOP *** 
Pokap raises 324 to 384 and is all-in
_SKR folds
Pokap collected 444 from pot
*** SUMMARY ***
Total pot 444 | No rake
Seat 1: Pokap (small blind) (button) won 444


Winamax Poker - Tournament "Expresso Nitro" buyIn: 1.86€ + 0.14€ level: 5 - HandId: #2696528391397441537-24-1675085500 - Holdem no limit (40/80) - 2023/01/30 13:31:40 UTC
Table: 'Expresso Nitro(627834441)#0' 3-max (real money) Seat #2 is the button
Seat 1: Pokap (444)
Seat 2: _SKR (456)
*** ANTE/BLINDS ***
_SKR posts small blind 40
Pokap posts big blind 80
Dealt to _SKR [8d Ts]
*** PRE-FLOP *** 
_SKR raises 376 to 456 and is all-in
Pokap folds
_SKR collected 536 from pot
*** SUMMARY ***
Total pot 536 | No rake
Seat 2: _SKR (small blind) (button) won 536


Winamax Poker - Tournament "Expresso Nitro" buyIn: 1.86€ + 0.14€ level: 5 - HandId: #2696528391397441537-25-1675085506 - Holdem no limit (40/80) - 2023/01/30 13:31:46 UTC
Table: 'Expresso Nitro(627834441)#0' 3-max (real money) Seat #1 is the button
Seat 1: Pokap (364)
Seat 2: _SKR (536)
*** ANTE/BLINDS ***
Pokap posts small blind 40
_SKR posts big blind 80
Dealt to _SKR [Kc 3s]
*** PRE-FLOP *** 
Pokap raises 284 to 364 and is all-in
_SKR calls 284
*** FLOP *** [7s 4h 5d]
*** TURN *** [7s 4h 5d][Jh]
*** RIVER *** [7s 4h 5d Jh][2h]
*** SHOW DOWN ***
_SKR shows [Kc 3s] (High card : King)
Pokap shows [Qs 7h] (One pair : 7)
Pokap collected 728 from pot
*** SUMMARY ***
Total pot 728 | No rake
Board: [7s 4h 5d Jh 2h]
Seat 1: Pokap (small blind) (button) showed [Qs 7h] and won 728 with One pair : 7
Seat 2: _SKR (big blind) showed [Kc 3s] and lost with High card : King


Winamax Poker - Tournament "Expresso Nitro" buyIn: 1.86€ + 0.14€ level: 5 - HandId: #2696528391397441537-26-1675085519 - Holdem no limit (40/80) - 2023/01/30 13:31:59 UTC
Table: 'Expresso Nitro(627834441)#0' 3-max (real money) Seat #2 is the button
Seat 1: Pokap (728)
Seat 2: _SKR (172)
*** ANTE/BLINDS ***
_SKR posts small blind 40
Pokap posts big blind 80
Dealt to _SKR [6s Jh]
*** PRE-FLOP *** 
_SKR raises 92 to 172 and is all-in
Pokap calls 92
*** FLOP *** [2h Qd 3s]
*** TURN *** [2h Qd 3s][6d]
*** RIVER *** [2h Qd 3s 6d][7s]
*** SHOW DOWN ***
Pokap shows [Jc Ad] (High card : Ace)
_SKR shows [6s Jh] (One pair : 6)
_SKR collected 344 from pot
*** SUMMARY ***
Total pot 344 | No rake
Board: [2h Qd 3s 6d 7s]
Seat 1: Pokap (big blind) showed [Jc Ad] and lost with High card : Ace
Seat 2: _SKR (small blind) (button) showed [6s Jh] and won 344 with One pair : 6


Winamax Poker - Tournament "Expresso Nitro" buyIn: 1.86€ + 0.14€ level: 5 - HandId: #2696528391397441537-27-1675085532 - Holdem no limit (40/80) - 2023/01/30 13:32:12 UTC
Table: 'Expresso Nitro(627834441)#0' 3-max (real money) Seat #1 is the button
Seat 1: Pokap (556)
Seat 2: _SKR (344)
*** ANTE/BLINDS ***
Pokap posts small blind 40
_SKR posts big blind 80
Dealt to _SKR [5h Qc]
*** PRE-FLOP *** 
Pokap raises 476 to 556 and is all-in
_SKR calls 264 and is all-in
*** FLOP *** [5s 8s 7d]
*** TURN *** [5s 8s 7d][3c]
*** RIVER *** [5s 8s 7d 3c][Kh]
*** SHOW DOWN ***
Pokap shows [6d Jd] (High card : King)
_SKR shows [5h Qc] (One pair : 5)
_SKR collected 688 from main pot
Pokap collected 212 from side pot 1
*** SUMMARY ***
Total pot 900 | No rake
Board: [5s 8s 7d 3c Kh]
Seat 1: Pokap (small blind) (button) showed [6d Jd] and won 212 with High card : King
Seat 2: _SKR (big blind) showed [5h Qc] and won 688 with One pair : 5


Winamax Poker - Tournament "Expresso Nitro" buyIn: 1.86€ + 0.14€ level: 6 - HandId: #2696528391397441537-28-1675085552 - Holdem no limit (50/100) - 2023/01/30 13:32:32 UTC
Table: 'Expresso Nitro(627834441)#0' 3-max (real money) Seat #2 is the button
Seat 1: Pokap (212)
Seat 2: _SKR (688)
*** ANTE/BLINDS ***
_SKR posts small blind 50
Pokap posts big blind 100
Dealt to _SKR [3d Jc]
*** PRE-FLOP *** 
_SKR folds
Pokap collected 150 from pot
*** SUMMARY ***
Total pot 150 | No rake
Seat 1: Pokap (big blind) won 150


Winamax Poker - Tournament "Expresso Nitro" buyIn: 1.86€ + 0.14€ level: 6 - HandId: #2696528391397441537-29-1675085555 - Holdem no limit (50/100) - 2023/01/30 13:32:35 UTC
Table: 'Expresso Nitro(627834441)#0' 3-max (real money) Seat #1 is the button
Seat 1: Pokap (262)
Seat 2: _SKR (638)
*** ANTE/BLINDS ***
Pokap posts small blind 50
_SKR posts big blind 100
Dealt to _SKR [9c 7s]
*** PRE-FLOP *** 
Pokap raises 162 to 262 and is all-in
_SKR calls 162
*** FLOP *** [2h 7d 4h]
*** TURN *** [2h 7d 4h][4c]
*** RIVER *** [2h 7d 4h 4c][As]
*** SHOW DOWN ***
Pokap shows [3c 7c] (Two pairs : 7 and 4)
_SKR shows [9c 7s] (Two pairs : 7 and 4)
_SKR collected 262 from pot
Pokap collected 262 from pot
*** SUMMARY ***
Total pot 524 | No rake
Board: [2h 7d 4h 4c As]
Seat 1: Pokap (small blind) (button) showed [3c 7c] and won 262 with Two pairs : 7 and 4
Seat 2: _SKR (big blind) showed [9c 7s] and won 262 with Two pairs : 7 and 4


Winamax Poker - Tournament "Expresso Nitro" buyIn: 1.86€ + 0.14€ level: 6 - HandId: #2696528391397441537-30-1675085568 - Holdem no limit (50/100) - 2023/01/30 13:32:48 UTC
Table: 'Expresso Nitro(627834441)#0' 3-max (real money) Seat #2 is the button
Seat 1: Pokap (262)
Seat 2: _SKR (638)
*** ANTE/BLINDS ***
_SKR posts small blind 50
Pokap posts big blind 100
Dealt to _SKR [As 3s]
*** PRE-FLOP *** 
_SKR raises 538 to 638 and is all-in
Pokap calls 162 and is all-in
*** FLOP *** [Jh Th 2c]
*** TURN *** [Jh Th 2c][Tc]
*** RIVER *** [Jh Th 2c Tc][5s]
*** SHOW DOWN ***
Pokap shows [7s Ah] (One pair : Tens)
_SKR shows [As 3s] (One pair : Tens)
_SKR collected 376 from side pot 1
Pokap collected 524 from main pot
*** SUMMARY ***
Total pot 900 | No rake
Board: [Jh Th 2c Tc 5s]
Seat 1: Pokap (big blind) showed [7s Ah] and won 524 with One pair : Tens
Seat 2: _SKR (small blind) (button) showed [As 3s] and won 376 with One pair : Tens


Winamax Poker - Tournament "Expresso Nitro" buyIn: 1.86€ + 0.14€ level: 6 - HandId: #2696528391397441537-31-1675085579 - Holdem no limit (50/100) - 2023/01/30 13:32:59 UTC
Table: 'Expresso Nitro(627834441)#0' 3-max (real money) Seat #1 is the button
Seat 1: Pokap (524)
Seat 2: _SKR (376)
*** ANTE/BLINDS ***
Pokap posts small blind 50
_SKR posts big blind 100
Dealt to _SKR [Ad 3d]
*** PRE-FLOP *** 
Pokap folds
_SKR collected 150 from pot
*** SUMMARY ***
Total pot 150 | No rake
Seat 2: _SKR (big blind) won 150


Winamax Poker - Tournament "Expresso Nitro" buyIn: 1.86€ + 0.14€ level: 6 - HandId: #2696528391397441537-32-1675085585 - Holdem no limit (50/100) - 2023/01/30 13:33:05 UTC
Table: 'Expresso Nitro(627834441)#0' 3-max (real money) Seat #2 is the button
Seat 1: Pokap (474)
Seat 2: _SKR (426)
*** ANTE/BLINDS ***
_SKR posts small blind 50
Pokap posts big blind 100
Dealt to _SKR [Kd 9c]
*** PRE-FLOP *** 
_SKR raises 326 to 426 and is all-in
Pokap raises 48 to 474 and is all-in
*** FLOP *** [Ts 9h 6d]
*** TURN *** [Ts 9h 6d][9d]
*** RIVER *** [Ts 9h 6d 9d][2h]
*** SHOW DOWN ***
Pokap shows [Jh 8s] (One pair : 9)
_SKR shows [Kd 9c] (Trips of 9)
_SKR collected 852 from main pot
Pokap collected 48 from side pot 1
*** SUMMARY ***
Total pot 900 | No rake
Board: [Ts 9h 6d 9d 2h]
Seat 1: Pokap (big blind) showed [Jh 8s] and won 48 with One pair : 9
Seat 2: _SKR (small blind) (button) showed [Kd 9c] and won 852 with Trips of 9


Winamax Poker - Tournament "Expresso Nitro" buyIn: 1.86€ + 0.14€ level: 6 - HandId: #2696528391397441537-33-1675085597 - Holdem no limit (50/100) - 2023/01/30 13:33:17 UTC
Table: 'Expresso Nitro(627834441)#0' 3-max (real money) Seat #1 is the button
Seat 1: Pokap (48)
Seat 2: _SKR (852)
*** ANTE/BLINDS ***
Pokap posts small blind 48 and is all-in
_SKR posts big blind 100
Dealt to _SKR [Ac Ts]
*** PRE-FLOP *** 
*** FLOP *** [3d Kh As]
*** TURN *** [3d Kh As][5d]
*** RIVER *** [3d Kh As 5d][6h]
*** SHOW DOWN ***
Pokap shows [4d 2d] (Straight 6 high)
_SKR shows [Ac Ts] (One pair : Aces)
_SKR collected 52 from side pot 1
Pokap collected 96 from main pot
*** SUMMARY ***
Total pot 148 | No rake
Board: [3d Kh As 5d 6h]
Seat 1: Pokap (small blind) (button) showed [4d 2d] and won 96 with Straight 6 high
Seat 2: _SKR (big blind) showed [Ac Ts] and won 52 with One pair : Aces


Winamax Poker - Tournament "Expresso Nitro" buyIn: 1.86€ + 0.14€ level: 6 - HandId: #2696528391397441537-34-1675085605 - Holdem no limit (50/100) - 2023/01/30 13:33:25 UTC
Table: 'Expresso Nitro(627834441)#0' 3-max (real money) Seat #2 is the button
Seat 1: Pokap (96)
Seat 2: _SKR (804)
*** ANTE/BLINDS ***
_SKR posts small blind 50
Pokap posts big blind 96 and is all-in
Dealt to _SKR [5c 3c]
*** PRE-FLOP *** 
_SKR calls 50
*** FLOP *** [Ks 5s 9d]
*** TURN *** [Ks 5s 9d][Ts]
*** RIVER *** [Ks 5s 9d Ts][Js]
*** SHOW DOWN ***
Pokap shows [6h 7c] (High card : King)
_SKR shows [5c 3c] (One pair : 5)
_SKR collected 196 from pot
*** SUMMARY ***
Total pot 196 | No rake
Board: [Ks 5s 9d Ts Js]
Seat 1: Pokap (big blind) showed [6h 7c] and lost with High card : King
Seat 2: _SKR (small blind) (button) showed [5c 3c] and won 196 with One pair : 5


