Winamax Poker - Tournament "Expresso Nitro" buyIn: 1.86€ + 0.14€ level: 1 - HandId: #2698147310600192001-1-1675182888 - Holdem no limit (10/20) - 2023/01/31 16:34:48 UTC
Table: 'Expresso Nitro(628211375)#0' 3-max (real money) Seat #2 is the button
Seat 1: FF_Fenomeno5 (300)
Seat 2: _SKR (300)
Seat 3: Emotional D. (300)
*** ANTE/BLINDS ***
Emotional D. posts small blind 10
FF_Fenomeno5 posts big blind 20
Dealt to _SKR [8s Js]
*** PRE-FLOP *** 
_SKR folds
Emotional D. raises 40 to 60
FF_Fenomeno5 calls 40
*** FLOP *** [Ah 5d Kd]
Emotional D. bets 42
FF_Fenomeno5 calls 42
*** TURN *** [Ah 5d Kd][6d]
Emotional D. checks
FF_Fenomeno5 bets 71
Emotional D. folds
FF_Fenomeno5 collected 275 from pot
*** SUMMARY ***
Total pot 275 | No rake
Board: [Ah 5d Kd 6d]
Seat 1: FF_Fenomeno5 (big blind) won 275


Winamax Poker - Tournament "Expresso Nitro" buyIn: 1.86€ + 0.14€ level: 1 - HandId: #2698147310600192001-2-1675182917 - Holdem no limit (10/20) - 2023/01/31 16:35:17 UTC
Table: 'Expresso Nitro(628211375)#0' 3-max (real money) Seat #3 is the button
Seat 1: FF_Fenomeno5 (402)
Seat 2: _SKR (300)
Seat 3: Emotional D. (198)
*** ANTE/BLINDS ***
FF_Fenomeno5 posts small blind 10
_SKR posts big blind 20
Dealt to _SKR [5h Td]
*** PRE-FLOP *** 
Emotional D. folds
FF_Fenomeno5 folds
_SKR collected 30 from pot
*** SUMMARY ***
Total pot 30 | No rake
Seat 2: _SKR (big blind) won 30


Winamax Poker - Tournament "Expresso Nitro" buyIn: 1.86€ + 0.14€ level: 1 - HandId: #2698147310600192001-3-1675182922 - Holdem no limit (10/20) - 2023/01/31 16:35:22 UTC
Table: 'Expresso Nitro(628211375)#0' 3-max (real money) Seat #1 is the button
Seat 1: FF_Fenomeno5 (392)
Seat 2: _SKR (310)
Seat 3: Emotional D. (198)
*** ANTE/BLINDS ***
_SKR posts small blind 10
Emotional D. posts big blind 20
Dealt to _SKR [Ac 9c]
*** PRE-FLOP *** 
FF_Fenomeno5 raises 30 to 50
_SKR raises 260 to 310 and is all-in
Emotional D. folds
FF_Fenomeno5 calls 260
*** FLOP *** [Ah 5d Kh]
*** TURN *** [Ah 5d Kh][4d]
*** RIVER *** [Ah 5d Kh 4d][7d]
*** SHOW DOWN ***
FF_Fenomeno5 shows [Kc Qc] (One pair : Kings)
_SKR shows [Ac 9c] (One pair : Aces)
_SKR collected 640 from pot
*** SUMMARY ***
Total pot 640 | No rake
Board: [Ah 5d Kh 4d 7d]
Seat 1: FF_Fenomeno5 (button) showed [Kc Qc] and lost with One pair : Kings
Seat 2: _SKR (small blind) showed [Ac 9c] and won 640 with One pair : Aces


Winamax Poker - Tournament "Expresso Nitro" buyIn: 1.86€ + 0.14€ level: 1 - HandId: #2698147310600192001-4-1675182938 - Holdem no limit (10/20) - 2023/01/31 16:35:38 UTC
Table: 'Expresso Nitro(628211375)#0' 3-max (real money) Seat #2 is the button
Seat 1: FF_Fenomeno5 (82)
Seat 2: _SKR (640)
Seat 3: Emotional D. (178)
*** ANTE/BLINDS ***
Emotional D. posts small blind 10
FF_Fenomeno5 posts big blind 20
Dealt to _SKR [2s Jd]
*** PRE-FLOP *** 
_SKR folds
Emotional D. raises 158 to 178 and is all-in
FF_Fenomeno5 folds
Emotional D. collected 198 from pot
*** SUMMARY ***
Total pot 198 | No rake
Seat 3: Emotional D. (small blind) won 198


Winamax Poker - Tournament "Expresso Nitro" buyIn: 1.86€ + 0.14€ level: 2 - HandId: #2698147310600192001-5-1675182944 - Holdem no limit (15/30) - 2023/01/31 16:35:44 UTC
Table: 'Expresso Nitro(628211375)#0' 3-max (real money) Seat #3 is the button
Seat 1: FF_Fenomeno5 (62)
Seat 2: _SKR (640)
Seat 3: Emotional D. (198)
*** ANTE/BLINDS ***
FF_Fenomeno5 posts small blind 15
_SKR posts big blind 30
Dealt to _SKR [Jc 8d]
*** PRE-FLOP *** 
Emotional D. folds
FF_Fenomeno5 raises 32 to 62 and is all-in
_SKR calls 32
*** FLOP *** [Ts 4d Ah]
*** TURN *** [Ts 4d Ah][8c]
*** RIVER *** [Ts 4d Ah 8c][Ad]
*** SHOW DOWN ***
FF_Fenomeno5 shows [6s 7h] (One pair : Aces)
_SKR shows [Jc 8d] (Two pairs : Aces and 8)
_SKR collected 124 from pot
*** SUMMARY ***
Total pot 124 | No rake
Board: [Ts 4d Ah 8c Ad]
Seat 1: FF_Fenomeno5 (small blind) showed [6s 7h] and lost with One pair : Aces
Seat 2: _SKR (big blind) showed [Jc 8d] and won 124 with Two pairs : Aces and 8


Winamax Poker - Tournament "Expresso Nitro" buyIn: 1.86€ + 0.14€ level: 2 - HandId: #2698147310600192001-6-1675182959 - Holdem no limit (15/30) - 2023/01/31 16:35:59 UTC
Table: 'Expresso Nitro(628211375)#0' 3-max (real money) Seat #2 is the button
Seat 2: _SKR (702)
Seat 3: Emotional D. (198)
*** ANTE/BLINDS ***
_SKR posts small blind 15
Emotional D. posts big blind 30
Dealt to _SKR [3c Ac]
*** PRE-FLOP *** 
_SKR raises 672 to 702 and is all-in
Emotional D. folds
_SKR collected 732 from pot
*** SUMMARY ***
Total pot 732 | No rake
Seat 2: _SKR (small blind) (button) won 732


Winamax Poker - Tournament "Expresso Nitro" buyIn: 1.86€ + 0.14€ level: 2 - HandId: #2698147310600192001-7-1675182964 - Holdem no limit (15/30) - 2023/01/31 16:36:04 UTC
Table: 'Expresso Nitro(628211375)#0' 3-max (real money) Seat #3 is the button
Seat 2: _SKR (732)
Seat 3: Emotional D. (168)
*** ANTE/BLINDS ***
Emotional D. posts small blind 15
_SKR posts big blind 30
Dealt to _SKR [7h Jd]
*** PRE-FLOP *** 
Emotional D. raises 138 to 168 and is all-in
_SKR folds
Emotional D. collected 198 from pot
*** SUMMARY ***
Total pot 198 | No rake
Seat 3: Emotional D. (small blind) (button) won 198


Winamax Poker - Tournament "Expresso Nitro" buyIn: 1.86€ + 0.14€ level: 2 - HandId: #2698147310600192001-8-1675182971 - Holdem no limit (15/30) - 2023/01/31 16:36:11 UTC
Table: 'Expresso Nitro(628211375)#0' 3-max (real money) Seat #2 is the button
Seat 2: _SKR (702)
Seat 3: Emotional D. (198)
*** ANTE/BLINDS ***
_SKR posts small blind 15
Emotional D. posts big blind 30
Dealt to _SKR [3s 9h]
*** PRE-FLOP *** 
_SKR folds
Emotional D. collected 45 from pot
*** SUMMARY ***
Total pot 45 | No rake
Seat 3: Emotional D. (big blind) won 45


Winamax Poker - Tournament "Expresso Nitro" buyIn: 1.86€ + 0.14€ level: 2 - HandId: #2698147310600192001-9-1675182974 - Holdem no limit (15/30) - 2023/01/31 16:36:14 UTC
Table: 'Expresso Nitro(628211375)#0' 3-max (real money) Seat #3 is the button
Seat 2: _SKR (687)
Seat 3: Emotional D. (213)
*** ANTE/BLINDS ***
Emotional D. posts small blind 15
_SKR posts big blind 30
Dealt to _SKR [6h 4h]
*** PRE-FLOP *** 
Emotional D. raises 183 to 213 and is all-in
_SKR folds
Emotional D. collected 243 from pot
*** SUMMARY ***
Total pot 243 | No rake
Seat 3: Emotional D. (small blind) (button) won 243


Winamax Poker - Tournament "Expresso Nitro" buyIn: 1.86€ + 0.14€ level: 2 - HandId: #2698147310600192001-10-1675182980 - Holdem no limit (15/30) - 2023/01/31 16:36:20 UTC
Table: 'Expresso Nitro(628211375)#0' 3-max (real money) Seat #2 is the button
Seat 2: _SKR (657)
Seat 3: Emotional D. (243)
*** ANTE/BLINDS ***
_SKR posts small blind 15
Emotional D. posts big blind 30
Dealt to _SKR [3d 5d]
*** PRE-FLOP *** 
_SKR folds
Emotional D. collected 45 from pot
*** SUMMARY ***
Total pot 45 | No rake
Seat 3: Emotional D. (big blind) won 45


Winamax Poker - Tournament "Expresso Nitro" buyIn: 1.86€ + 0.14€ level: 2 - HandId: #2698147310600192001-11-1675182984 - Holdem no limit (15/30) - 2023/01/31 16:36:24 UTC
Table: 'Expresso Nitro(628211375)#0' 3-max (real money) Seat #3 is the button
Seat 2: _SKR (642)
Seat 3: Emotional D. (258)
*** ANTE/BLINDS ***
Emotional D. posts small blind 15
_SKR posts big blind 30
Dealt to _SKR [Td 5s]
*** PRE-FLOP *** 
Emotional D. raises 228 to 258 and is all-in
_SKR folds
Emotional D. collected 288 from pot
*** SUMMARY ***
Total pot 288 | No rake
Seat 3: Emotional D. (small blind) (button) won 288


Winamax Poker - Tournament "Expresso Nitro" buyIn: 1.86€ + 0.14€ level: 2 - HandId: #2698147310600192001-12-1675182989 - Holdem no limit (15/30) - 2023/01/31 16:36:29 UTC
Table: 'Expresso Nitro(628211375)#0' 3-max (real money) Seat #2 is the button
Seat 2: _SKR (612)
Seat 3: Emotional D. (288)
*** ANTE/BLINDS ***
_SKR posts small blind 15
Emotional D. posts big blind 30
Dealt to _SKR [6c 9h]
*** PRE-FLOP *** 
_SKR folds
Emotional D. collected 45 from pot
*** SUMMARY ***
Total pot 45 | No rake
Seat 3: Emotional D. (big blind) won 45


Winamax Poker - Tournament "Expresso Nitro" buyIn: 1.86€ + 0.14€ level: 2 - HandId: #2698147310600192001-13-1675182994 - Holdem no limit (15/30) - 2023/01/31 16:36:34 UTC
Table: 'Expresso Nitro(628211375)#0' 3-max (real money) Seat #3 is the button
Seat 2: _SKR (597)
Seat 3: Emotional D. (303)
*** ANTE/BLINDS ***
Emotional D. posts small blind 15
_SKR posts big blind 30
Dealt to _SKR [8h Kd]
*** PRE-FLOP *** 
Emotional D. raises 273 to 303 and is all-in
_SKR folds
Emotional D. collected 333 from pot
*** SUMMARY ***
Total pot 333 | No rake
Seat 3: Emotional D. (small blind) (button) won 333


Winamax Poker - Tournament "Expresso Nitro" buyIn: 1.86€ + 0.14€ level: 2 - HandId: #2698147310600192001-14-1675183000 - Holdem no limit (15/30) - 2023/01/31 16:36:40 UTC
Table: 'Expresso Nitro(628211375)#0' 3-max (real money) Seat #2 is the button
Seat 2: _SKR (567)
Seat 3: Emotional D. (333)
*** ANTE/BLINDS ***
_SKR posts small blind 15
Emotional D. posts big blind 30
Dealt to _SKR [7d 4d]
*** PRE-FLOP *** 
_SKR folds
Emotional D. collected 45 from pot
*** SUMMARY ***
Total pot 45 | No rake
Seat 3: Emotional D. (big blind) won 45


Winamax Poker - Tournament "Expresso Nitro" buyIn: 1.86€ + 0.14€ level: 3 - HandId: #2698147310600192001-15-1675183004 - Holdem no limit (20/40) - 2023/01/31 16:36:44 UTC
Table: 'Expresso Nitro(628211375)#0' 3-max (real money) Seat #3 is the button
Seat 2: _SKR (552)
Seat 3: Emotional D. (348)
*** ANTE/BLINDS ***
Emotional D. posts small blind 20
_SKR posts big blind 40
Dealt to _SKR [Qc 6d]
*** PRE-FLOP *** 
Emotional D. folds
_SKR collected 60 from pot
*** SUMMARY ***
Total pot 60 | No rake
Seat 2: _SKR (big blind) won 60


Winamax Poker - Tournament "Expresso Nitro" buyIn: 1.86€ + 0.14€ level: 3 - HandId: #2698147310600192001-16-1675183008 - Holdem no limit (20/40) - 2023/01/31 16:36:48 UTC
Table: 'Expresso Nitro(628211375)#0' 3-max (real money) Seat #2 is the button
Seat 2: _SKR (572)
Seat 3: Emotional D. (328)
*** ANTE/BLINDS ***
_SKR posts small blind 20
Emotional D. posts big blind 40
Dealt to _SKR [Qh Jd]
*** PRE-FLOP *** 
_SKR raises 532 to 572 and is all-in
Emotional D. folds
_SKR collected 612 from pot
*** SUMMARY ***
Total pot 612 | No rake
Seat 2: _SKR (small blind) (button) won 612


Winamax Poker - Tournament "Expresso Nitro" buyIn: 1.86€ + 0.14€ level: 3 - HandId: #2698147310600192001-17-1675183013 - Holdem no limit (20/40) - 2023/01/31 16:36:53 UTC
Table: 'Expresso Nitro(628211375)#0' 3-max (real money) Seat #3 is the button
Seat 2: _SKR (612)
Seat 3: Emotional D. (288)
*** ANTE/BLINDS ***
Emotional D. posts small blind 20
_SKR posts big blind 40
Dealt to _SKR [4c Js]
*** PRE-FLOP *** 
Emotional D. raises 248 to 288 and is all-in
_SKR folds
Emotional D. collected 328 from pot
*** SUMMARY ***
Total pot 328 | No rake
Seat 3: Emotional D. (small blind) (button) won 328


Winamax Poker - Tournament "Expresso Nitro" buyIn: 1.86€ + 0.14€ level: 3 - HandId: #2698147310600192001-18-1675183020 - Holdem no limit (20/40) - 2023/01/31 16:37:00 UTC
Table: 'Expresso Nitro(628211375)#0' 3-max (real money) Seat #2 is the button
Seat 2: _SKR (572)
Seat 3: Emotional D. (328)
*** ANTE/BLINDS ***
_SKR posts small blind 20
Emotional D. posts big blind 40
Dealt to _SKR [8s 7d]
*** PRE-FLOP *** 
_SKR folds
Emotional D. collected 60 from pot
*** SUMMARY ***
Total pot 60 | No rake
Seat 3: Emotional D. (big blind) won 60


Winamax Poker - Tournament "Expresso Nitro" buyIn: 1.86€ + 0.14€ level: 3 - HandId: #2698147310600192001-19-1675183027 - Holdem no limit (20/40) - 2023/01/31 16:37:07 UTC
Table: 'Expresso Nitro(628211375)#0' 3-max (real money) Seat #3 is the button
Seat 2: _SKR (552)
Seat 3: Emotional D. (348)
*** ANTE/BLINDS ***
Emotional D. posts small blind 20
_SKR posts big blind 40
Dealt to _SKR [Th Ah]
*** PRE-FLOP *** 
Emotional D. folds
_SKR collected 60 from pot
*** SUMMARY ***
Total pot 60 | No rake
Seat 2: _SKR (big blind) won 60


Winamax Poker - Tournament "Expresso Nitro" buyIn: 1.86€ + 0.14€ level: 3 - HandId: #2698147310600192001-20-1675183031 - Holdem no limit (20/40) - 2023/01/31 16:37:11 UTC
Table: 'Expresso Nitro(628211375)#0' 3-max (real money) Seat #2 is the button
Seat 2: _SKR (572)
Seat 3: Emotional D. (328)
*** ANTE/BLINDS ***
_SKR posts small blind 20
Emotional D. posts big blind 40
Dealt to _SKR [9h 5s]
*** PRE-FLOP *** 
_SKR folds
Emotional D. collected 60 from pot
*** SUMMARY ***
Total pot 60 | No rake
Seat 3: Emotional D. (big blind) won 60


Winamax Poker - Tournament "Expresso Nitro" buyIn: 1.86€ + 0.14€ level: 3 - HandId: #2698147310600192001-21-1675183035 - Holdem no limit (20/40) - 2023/01/31 16:37:15 UTC
Table: 'Expresso Nitro(628211375)#0' 3-max (real money) Seat #3 is the button
Seat 2: _SKR (552)
Seat 3: Emotional D. (348)
*** ANTE/BLINDS ***
Emotional D. posts small blind 20
_SKR posts big blind 40
Dealt to _SKR [Ks 7h]
*** PRE-FLOP *** 
Emotional D. folds
_SKR collected 60 from pot
*** SUMMARY ***
Total pot 60 | No rake
Seat 2: _SKR (big blind) won 60


Winamax Poker - Tournament "Expresso Nitro" buyIn: 1.86€ + 0.14€ level: 3 - HandId: #2698147310600192001-22-1675183038 - Holdem no limit (20/40) - 2023/01/31 16:37:18 UTC
Table: 'Expresso Nitro(628211375)#0' 3-max (real money) Seat #2 is the button
Seat 2: _SKR (572)
Seat 3: Emotional D. (328)
*** ANTE/BLINDS ***
_SKR posts small blind 20
Emotional D. posts big blind 40
Dealt to _SKR [Th 7s]
*** PRE-FLOP *** 
_SKR folds
Emotional D. collected 60 from pot
*** SUMMARY ***
Total pot 60 | No rake
Seat 3: Emotional D. (big blind) won 60


Winamax Poker - Tournament "Expresso Nitro" buyIn: 1.86€ + 0.14€ level: 3 - HandId: #2698147310600192001-23-1675183042 - Holdem no limit (20/40) - 2023/01/31 16:37:22 UTC
Table: 'Expresso Nitro(628211375)#0' 3-max (real money) Seat #3 is the button
Seat 2: _SKR (552)
Seat 3: Emotional D. (348)
*** ANTE/BLINDS ***
Emotional D. posts small blind 20
_SKR posts big blind 40
Dealt to _SKR [8c 7d]
*** PRE-FLOP *** 
Emotional D. folds
_SKR collected 60 from pot
*** SUMMARY ***
Total pot 60 | No rake
Seat 2: _SKR (big blind) won 60


Winamax Poker - Tournament "Expresso Nitro" buyIn: 1.86€ + 0.14€ level: 3 - HandId: #2698147310600192001-24-1675183045 - Holdem no limit (20/40) - 2023/01/31 16:37:25 UTC
Table: 'Expresso Nitro(628211375)#0' 3-max (real money) Seat #2 is the button
Seat 2: _SKR (572)
Seat 3: Emotional D. (328)
*** ANTE/BLINDS ***
_SKR posts small blind 20
Emotional D. posts big blind 40
Dealt to _SKR [5s 6c]
*** PRE-FLOP *** 
_SKR folds
Emotional D. collected 60 from pot
*** SUMMARY ***
Total pot 60 | No rake
Seat 3: Emotional D. (big blind) won 60


Winamax Poker - Tournament "Expresso Nitro" buyIn: 1.86€ + 0.14€ level: 3 - HandId: #2698147310600192001-25-1675183049 - Holdem no limit (20/40) - 2023/01/31 16:37:29 UTC
Table: 'Expresso Nitro(628211375)#0' 3-max (real money) Seat #3 is the button
Seat 2: _SKR (552)
Seat 3: Emotional D. (348)
*** ANTE/BLINDS ***
Emotional D. posts small blind 20
_SKR posts big blind 40
Dealt to _SKR [6c Jc]
*** PRE-FLOP *** 
Emotional D. raises 308 to 348 and is all-in
_SKR folds
Emotional D. collected 388 from pot
*** SUMMARY ***
Total pot 388 | No rake
Seat 3: Emotional D. (small blind) (button) won 388


Winamax Poker - Tournament "Expresso Nitro" buyIn: 1.86€ + 0.14€ level: 3 - HandId: #2698147310600192001-26-1675183057 - Holdem no limit (20/40) - 2023/01/31 16:37:37 UTC
Table: 'Expresso Nitro(628211375)#0' 3-max (real money) Seat #2 is the button
Seat 2: _SKR (512)
Seat 3: Emotional D. (388)
*** ANTE/BLINDS ***
_SKR posts small blind 20
Emotional D. posts big blind 40
Dealt to _SKR [Jh 6d]
*** PRE-FLOP *** 
_SKR folds
Emotional D. collected 60 from pot
*** SUMMARY ***
Total pot 60 | No rake
Seat 3: Emotional D. (big blind) won 60


Winamax Poker - Tournament "Expresso Nitro" buyIn: 1.86€ + 0.14€ level: 3 - HandId: #2698147310600192001-27-1675183062 - Holdem no limit (20/40) - 2023/01/31 16:37:42 UTC
Table: 'Expresso Nitro(628211375)#0' 3-max (real money) Seat #3 is the button
Seat 2: _SKR (492)
Seat 3: Emotional D. (408)
*** ANTE/BLINDS ***
Emotional D. posts small blind 20
_SKR posts big blind 40
Dealt to _SKR [3s 5s]
*** PRE-FLOP *** 
Emotional D. raises 60 to 100
_SKR folds
Emotional D. collected 140 from pot
*** SUMMARY ***
Total pot 140 | No rake
Seat 3: Emotional D. (small blind) (button) won 140


Winamax Poker - Tournament "Expresso Nitro" buyIn: 1.86€ + 0.14€ level: 4 - HandId: #2698147310600192001-28-1675183069 - Holdem no limit (30/60) - 2023/01/31 16:37:49 UTC
Table: 'Expresso Nitro(628211375)#0' 3-max (real money) Seat #2 is the button
Seat 2: _SKR (452)
Seat 3: Emotional D. (448)
*** ANTE/BLINDS ***
_SKR posts small blind 30
Emotional D. posts big blind 60
Dealt to _SKR [Qs Tc]
*** PRE-FLOP *** 
_SKR raises 392 to 452 and is all-in
Emotional D. folds
_SKR collected 512 from pot
*** SUMMARY ***
Total pot 512 | No rake
Seat 2: _SKR (small blind) (button) won 512


Winamax Poker - Tournament "Expresso Nitro" buyIn: 1.86€ + 0.14€ level: 4 - HandId: #2698147310600192001-29-1675183074 - Holdem no limit (30/60) - 2023/01/31 16:37:54 UTC
Table: 'Expresso Nitro(628211375)#0' 3-max (real money) Seat #3 is the button
Seat 2: _SKR (512)
Seat 3: Emotional D. (388)
*** ANTE/BLINDS ***
Emotional D. posts small blind 30
_SKR posts big blind 60
Dealt to _SKR [Kh Jd]
*** PRE-FLOP *** 
Emotional D. folds
_SKR collected 90 from pot
*** SUMMARY ***
Total pot 90 | No rake
Seat 2: _SKR (big blind) won 90


Winamax Poker - Tournament "Expresso Nitro" buyIn: 1.86€ + 0.14€ level: 4 - HandId: #2698147310600192001-30-1675183078 - Holdem no limit (30/60) - 2023/01/31 16:37:58 UTC
Table: 'Expresso Nitro(628211375)#0' 3-max (real money) Seat #2 is the button
Seat 2: _SKR (542)
Seat 3: Emotional D. (358)
*** ANTE/BLINDS ***
_SKR posts small blind 30
Emotional D. posts big blind 60
Dealt to _SKR [2s 5h]
*** PRE-FLOP *** 
_SKR folds
Emotional D. collected 90 from pot
*** SUMMARY ***
Total pot 90 | No rake
Seat 3: Emotional D. (big blind) won 90


Winamax Poker - Tournament "Expresso Nitro" buyIn: 1.86€ + 0.14€ level: 4 - HandId: #2698147310600192001-31-1675183082 - Holdem no limit (30/60) - 2023/01/31 16:38:02 UTC
Table: 'Expresso Nitro(628211375)#0' 3-max (real money) Seat #3 is the button
Seat 2: _SKR (512)
Seat 3: Emotional D. (388)
*** ANTE/BLINDS ***
Emotional D. posts small blind 30
_SKR posts big blind 60
Dealt to _SKR [Ac Qd]
*** PRE-FLOP *** 
Emotional D. raises 328 to 388 and is all-in
_SKR calls 328
*** FLOP *** [Ah Th 4s]
*** TURN *** [Ah Th 4s][4d]
*** RIVER *** [Ah Th 4s 4d][As]
*** SHOW DOWN ***
Emotional D. shows [Ks Kc] (Two pairs : Aces and Kings)
_SKR shows [Ac Qd] (Full of Aces and 4)
_SKR collected 776 from pot
*** SUMMARY ***
Total pot 776 | No rake
Board: [Ah Th 4s 4d As]
Seat 2: _SKR (big blind) showed [Ac Qd] and won 776 with Full of Aces and 4
Seat 3: Emotional D. (small blind) (button) showed [Ks Kc] and lost with Two pairs : Aces and Kings


