Winamax Poker - Tournament "Expresso Nitro" buyIn: 0.93€ + 0.07€ level: 1 - HandId: #2730572599993040897-1-1676986305 - Holdem no limit (10/20) - 2023/02/21 13:31:45 UTC
Table: 'Expresso Nitro(635760976)#0' 3-max (real money) Seat #2 is the button
Seat 1: Un_brochet (300)
Seat 2: griska01 (300)
Seat 3: _SKR (300)
*** ANTE/BLINDS ***
_SKR posts small blind 10
Un_brochet posts big blind 20
Dealt to _SKR [Qc 2c]
*** PRE-FLOP *** 
griska01 calls 20
_SKR folds
Un_brochet checks
*** FLOP *** [6s 9c 3d]
Un_brochet checks
griska01 checks
*** TURN *** [6s 9c 3d][6d]
Un_brochet checks
griska01 checks
*** RIVER *** [6s 9c 3d 6d][6h]
Un_brochet checks
griska01 checks
*** SHOW DOWN ***
Un_brochet shows [Qd 2s] (Trips of 6)
griska01 shows [Kh 5s] (Trips of 6)
griska01 collected 50 from pot
*** SUMMARY ***
Total pot 50 | No rake
Board: [6s 9c 3d 6d 6h]
Seat 1: Un_brochet (big blind) showed [Qd 2s] and lost with Trips of 6
Seat 2: griska01 (button) showed [Kh 5s] and won 50 with Trips of 6


Winamax Poker - Tournament "Expresso Nitro" buyIn: 0.93€ + 0.07€ level: 1 - HandId: #2730572599993040897-2-1676986340 - Holdem no limit (10/20) - 2023/02/21 13:32:20 UTC
Table: 'Expresso Nitro(635760976)#0' 3-max (real money) Seat #3 is the button
Seat 1: Un_brochet (280)
Seat 2: griska01 (330)
Seat 3: _SKR (290)
*** ANTE/BLINDS ***
Un_brochet posts small blind 10
griska01 posts big blind 20
Dealt to _SKR [Ad Jd]
*** PRE-FLOP *** 
_SKR raises 20 to 40
Un_brochet folds
griska01 calls 20
*** FLOP *** [6s Th 8s]
griska01 checks
_SKR checks
*** TURN *** [6s Th 8s][Ks]
griska01 bets 290 and is all-in
_SKR folds
griska01 collected 380 from pot
*** SUMMARY ***
Total pot 380 | No rake
Board: [6s Th 8s Ks]
Seat 2: griska01 (big blind) won 380


Winamax Poker - Tournament "Expresso Nitro" buyIn: 0.93€ + 0.07€ level: 1 - HandId: #2730572599993040897-3-1676986360 - Holdem no limit (10/20) - 2023/02/21 13:32:40 UTC
Table: 'Expresso Nitro(635760976)#0' 3-max (real money) Seat #1 is the button
Seat 1: Un_brochet (270)
Seat 2: griska01 (380)
Seat 3: _SKR (250)
*** ANTE/BLINDS ***
griska01 posts small blind 10
_SKR posts big blind 20
Dealt to _SKR [5c 9h]
*** PRE-FLOP *** 
Un_brochet calls 20
griska01 calls 10
_SKR checks
*** FLOP *** [Qh 8h Ac]
griska01 checks
_SKR checks
Un_brochet checks
*** TURN *** [Qh 8h Ac][Qs]
griska01 checks
_SKR checks
Un_brochet checks
*** RIVER *** [Qh 8h Ac Qs][2s]
griska01 checks
_SKR checks
Un_brochet checks
*** SHOW DOWN ***
Un_brochet shows [6h Th] (One pair : Queens)
_SKR shows [5c 9h] (One pair : Queens)
griska01 shows [3d 2c] (Two pairs : Queens and 2)
griska01 collected 60 from pot
*** SUMMARY ***
Total pot 60 | No rake
Board: [Qh 8h Ac Qs 2s]
Seat 1: Un_brochet (button) showed [6h Th] and lost with One pair : Queens
Seat 2: griska01 (small blind) showed [3d 2c] and won 60 with Two pairs : Queens and 2
Seat 3: _SKR (big blind) showed [5c 9h] and lost with One pair : Queens


Winamax Poker - Tournament "Expresso Nitro" buyIn: 0.93€ + 0.07€ level: 3 - HandId: #2730572599993040897-4-1676986426 - Holdem no limit (20/40) - 2023/02/21 13:33:46 UTC
Table: 'Expresso Nitro(635760976)#0' 3-max (real money) Seat #2 is the button
Seat 1: Un_brochet (250)
Seat 2: griska01 (420)
Seat 3: _SKR (230)
*** ANTE/BLINDS ***
_SKR posts small blind 20
Un_brochet posts big blind 40
Dealt to _SKR [2d Ah]
*** PRE-FLOP *** 
griska01 folds
_SKR raises 190 to 230 and is all-in
Un_brochet folds
_SKR collected 270 from pot
*** SUMMARY ***
Total pot 270 | No rake
Seat 3: _SKR (small blind) won 270


Winamax Poker - Tournament "Expresso Nitro" buyIn: 0.93€ + 0.07€ level: 3 - HandId: #2730572599993040897-5-1676986447 - Holdem no limit (20/40) - 2023/02/21 13:34:07 UTC
Table: 'Expresso Nitro(635760976)#0' 3-max (real money) Seat #3 is the button
Seat 1: Un_brochet (210)
Seat 2: griska01 (420)
Seat 3: _SKR (270)
*** ANTE/BLINDS ***
Un_brochet posts small blind 20
griska01 posts big blind 40
Dealt to _SKR [Kh 2s]
*** PRE-FLOP *** 
_SKR folds
Un_brochet raises 170 to 210 and is all-in
griska01 folds
Un_brochet collected 250 from pot
*** SUMMARY ***
Total pot 250 | No rake
Seat 1: Un_brochet (small blind) won 250


Winamax Poker - Tournament "Expresso Nitro" buyIn: 0.93€ + 0.07€ level: 3 - HandId: #2730572599993040897-6-1676986458 - Holdem no limit (20/40) - 2023/02/21 13:34:18 UTC
Table: 'Expresso Nitro(635760976)#0' 3-max (real money) Seat #1 is the button
Seat 1: Un_brochet (250)
Seat 2: griska01 (380)
Seat 3: _SKR (270)
*** ANTE/BLINDS ***
griska01 posts small blind 20
_SKR posts big blind 40
Dealt to _SKR [As 4d]
*** PRE-FLOP *** 
Un_brochet calls 40
griska01 calls 20
_SKR raises 230 to 270 and is all-in
Un_brochet folds
griska01 raises 110 to 380 and is all-in
*** FLOP *** [7c Jh Kc]
*** TURN *** [7c Jh Kc][3d]
*** RIVER *** [7c Jh Kc 3d][8s]
*** SHOW DOWN ***
_SKR shows [As 4d] (High card : Ace)
griska01 shows [Kd 9h] (One pair : Kings)
griska01 collected 690 from pot
*** SUMMARY ***
Total pot 690 | No rake
Board: [7c Jh Kc 3d 8s]
Seat 2: griska01 (small blind) showed [Kd 9h] and won 690 with One pair : Kings
Seat 3: _SKR (big blind) showed [As 4d] and lost with High card : Ace


