Winamax Poker - Tournament "Expresso Nitro" buyIn: 0.93€ + 0.07€ level: 1 - HandId: #2717938691698851841-1-1676240535 - Holdem no limit (10/20) - 2023/02/12 22:22:15 UTC
Table: 'Expresso Nitro(632819415)#0' 3-max (real money) Seat #3 is the button
Seat 1: _SKR (300)
Seat 2: 4Budlight (300)
Seat 3: Alesandro80 (300)
*** ANTE/BLINDS ***
_SKR posts small blind 10
4Budlight posts big blind 20
Dealt to _SKR [7h 4c]
*** PRE-FLOP *** 
Alesandro80 folds
_SKR folds
4Budlight collected 30 from pot
*** SUMMARY ***
Total pot 30 | No rake
Seat 2: 4Budlight (big blind) won 30


Winamax Poker - Tournament "Expresso Nitro" buyIn: 0.93€ + 0.07€ level: 1 - HandId: #2717938691698851841-2-1676240541 - Holdem no limit (10/20) - 2023/02/12 22:22:21 UTC
Table: 'Expresso Nitro(632819415)#0' 3-max (real money) Seat #1 is the button
Seat 1: _SKR (290)
Seat 2: 4Budlight (310)
Seat 3: Alesandro80 (300)
*** ANTE/BLINDS ***
4Budlight posts small blind 10
Alesandro80 posts big blind 20
Dealt to _SKR [2s 5c]
*** PRE-FLOP *** 
_SKR folds
4Budlight calls 10
Alesandro80 checks
*** FLOP *** [4c Jh Qh]
4Budlight checks
Alesandro80 checks
*** TURN *** [4c Jh Qh][2c]
4Budlight bets 26
Alesandro80 calls 26
*** RIVER *** [4c Jh Qh 2c][Jc]
4Budlight checks
Alesandro80 checks
*** SHOW DOWN ***
Alesandro80 shows [6s 4d] (Two pairs : Jacks and 4)
4Budlight shows [Qc 4s] (Two pairs : Queens and Jacks)
4Budlight collected 92 from pot
*** SUMMARY ***
Total pot 92 | No rake
Board: [4c Jh Qh 2c Jc]
Seat 2: 4Budlight (small blind) showed [Qc 4s] and won 92 with Two pairs : Queens and Jacks
Seat 3: Alesandro80 (big blind) showed [6s 4d] and lost with Two pairs : Jacks and 4


Winamax Poker - Tournament "Expresso Nitro" buyIn: 0.93€ + 0.07€ level: 2 - HandId: #2717938691698851841-3-1676240597 - Holdem no limit (15/30) - 2023/02/12 22:23:17 UTC
Table: 'Expresso Nitro(632819415)#0' 3-max (real money) Seat #2 is the button
Seat 1: _SKR (290)
Seat 2: 4Budlight (356)
Seat 3: Alesandro80 (254)
*** ANTE/BLINDS ***
Alesandro80 posts small blind 15
_SKR posts big blind 30
Dealt to _SKR [5d Kh]
*** PRE-FLOP *** 
4Budlight folds
Alesandro80 calls 15
_SKR checks
*** FLOP *** [7s Qs 5s]
Alesandro80 checks
_SKR checks
*** TURN *** [7s Qs 5s][Tc]
Alesandro80 bets 224 and is all-in
_SKR folds
Alesandro80 collected 284 from pot
*** SUMMARY ***
Total pot 284 | No rake
Board: [7s Qs 5s Tc]
Seat 3: Alesandro80 (small blind) won 284


Winamax Poker - Tournament "Expresso Nitro" buyIn: 0.93€ + 0.07€ level: 2 - HandId: #2717938691698851841-4-1676240619 - Holdem no limit (15/30) - 2023/02/12 22:23:39 UTC
Table: 'Expresso Nitro(632819415)#0' 3-max (real money) Seat #3 is the button
Seat 1: _SKR (260)
Seat 2: 4Budlight (356)
Seat 3: Alesandro80 (284)
*** ANTE/BLINDS ***
_SKR posts small blind 15
4Budlight posts big blind 30
Dealt to _SKR [8h 9d]
*** PRE-FLOP *** 
Alesandro80 calls 30
_SKR folds
4Budlight checks
*** FLOP *** [9c 6c Js]
4Budlight checks
Alesandro80 checks
*** TURN *** [9c 6c Js][5d]
4Budlight bets 60
Alesandro80 folds
4Budlight collected 135 from pot
*** SUMMARY ***
Total pot 135 | No rake
Board: [9c 6c Js 5d]
Seat 2: 4Budlight (big blind) won 135


Winamax Poker - Tournament "Expresso Nitro" buyIn: 0.93€ + 0.07€ level: 3 - HandId: #2717938691698851841-5-1676240652 - Holdem no limit (20/40) - 2023/02/12 22:24:12 UTC
Table: 'Expresso Nitro(632819415)#0' 3-max (real money) Seat #1 is the button
Seat 1: _SKR (245)
Seat 2: 4Budlight (401)
Seat 3: Alesandro80 (254)
*** ANTE/BLINDS ***
4Budlight posts small blind 20
Alesandro80 posts big blind 40
Dealt to _SKR [Qh 8d]
*** PRE-FLOP *** 
_SKR folds
4Budlight folds
Alesandro80 collected 60 from pot
*** SUMMARY ***
Total pot 60 | No rake
Seat 3: Alesandro80 (big blind) won 60


Winamax Poker - Tournament "Expresso Nitro" buyIn: 0.93€ + 0.07€ level: 3 - HandId: #2717938691698851841-6-1676240658 - Holdem no limit (20/40) - 2023/02/12 22:24:18 UTC
Table: 'Expresso Nitro(632819415)#0' 3-max (real money) Seat #2 is the button
Seat 1: _SKR (245)
Seat 2: 4Budlight (381)
Seat 3: Alesandro80 (274)
*** ANTE/BLINDS ***
Alesandro80 posts small blind 20
_SKR posts big blind 40
Dealt to _SKR [5c 7h]
*** PRE-FLOP *** 
4Budlight raises 341 to 381 and is all-in
Alesandro80 calls 254 and is all-in
_SKR folds
*** FLOP *** [Td 6s Qc]
*** TURN *** [Td 6s Qc][Th]
*** RIVER *** [Td 6s Qc Th][2d]
*** SHOW DOWN ***
4Budlight shows [3c 3d] (Two pairs : Tens and 3)
Alesandro80 shows [Jd Qh] (Two pairs : Queens and Tens)
Alesandro80 collected 588 from main pot
4Budlight collected 107 from side pot 1
*** SUMMARY ***
Total pot 695 | No rake
Board: [Td 6s Qc Th 2d]
Seat 2: 4Budlight (button) showed [3c 3d] and won 107 with Two pairs : Tens and 3
Seat 3: Alesandro80 (small blind) showed [Jd Qh] and won 588 with Two pairs : Queens and Tens


Winamax Poker - Tournament "Expresso Nitro" buyIn: 0.93€ + 0.07€ level: 3 - HandId: #2717938691698851841-7-1676240672 - Holdem no limit (20/40) - 2023/02/12 22:24:32 UTC
Table: 'Expresso Nitro(632819415)#0' 3-max (real money) Seat #3 is the button
Seat 1: _SKR (205)
Seat 2: 4Budlight (107)
Seat 3: Alesandro80 (588)
*** ANTE/BLINDS ***
_SKR posts small blind 20
4Budlight posts big blind 40
Dealt to _SKR [2h 3c]
*** PRE-FLOP *** 
Alesandro80 folds
_SKR folds
4Budlight collected 60 from pot
*** SUMMARY ***
Total pot 60 | No rake
Seat 2: 4Budlight (big blind) won 60


Winamax Poker - Tournament "Expresso Nitro" buyIn: 0.93€ + 0.07€ level: 3 - HandId: #2717938691698851841-8-1676240683 - Holdem no limit (20/40) - 2023/02/12 22:24:43 UTC
Table: 'Expresso Nitro(632819415)#0' 3-max (real money) Seat #1 is the button
Seat 1: _SKR (185)
Seat 2: 4Budlight (127)
Seat 3: Alesandro80 (588)
*** ANTE/BLINDS ***
4Budlight posts small blind 20
Alesandro80 posts big blind 40
Dealt to _SKR [As 4h]
*** PRE-FLOP *** 
_SKR raises 145 to 185 and is all-in
4Budlight calls 107 and is all-in
Alesandro80 calls 145
*** FLOP *** [4d Qs 9s]
*** TURN *** [4d Qs 9s][8s]
*** RIVER *** [4d Qs 9s 8s][Ac]
*** SHOW DOWN ***
_SKR shows [As 4h] (Two pairs : Aces and 4)
4Budlight shows [Jh Ah] (One pair : Aces)
Alesandro80 shows [Ad 8d] (Two pairs : Aces and 8)
Alesandro80 collected 497 from pot
*** SUMMARY ***
Total pot 497 | No rake
Board: [4d Qs 9s 8s Ac]
Seat 1: _SKR (button) showed [As 4h] and lost with Two pairs : Aces and 4
Seat 2: 4Budlight (small blind) showed [Jh Ah] and lost with One pair : Aces
Seat 3: Alesandro80 (big blind) showed [Ad 8d] and won 497 with Two pairs : Aces and 8


