Winamax Poker - Tournament "Expresso Nitro" buyIn: 0.93€ + 0.07€ level: 1 - HandId: #2717944558624178177-1-1676240731 - Holdem no limit (10/20) - 2023/02/12 22:25:31 UTC
Table: 'Expresso Nitro(632820781)#0' 3-max (real money) Seat #2 is the button
Seat 1: Tr4kn4rdo (300)
Seat 2: _SKR (300)
Seat 3: PanachOfilet (300)
*** ANTE/BLINDS ***
PanachOfilet posts small blind 10
Tr4kn4rdo posts big blind 20
Dealt to _SKR [8s 9h]
*** PRE-FLOP *** 
_SKR folds
PanachOfilet raises 280 to 300 and is all-in
Tr4kn4rdo calls 280 and is all-in
*** FLOP *** [Ac 4c Kc]
*** TURN *** [Ac 4c Kc][Jd]
*** RIVER *** [Ac 4c Kc Jd][Jh]
*** SHOW DOWN ***
PanachOfilet shows [Ts 3s] (One pair : Jacks)
Tr4kn4rdo shows [2d 2c] (Two pairs : Jacks and 2)
Tr4kn4rdo collected 600 from pot
*** SUMMARY ***
Total pot 600 | No rake
Board: [Ac 4c Kc Jd Jh]
Seat 1: Tr4kn4rdo (big blind) showed [2d 2c] and won 600 with Two pairs : Jacks and 2
Seat 3: PanachOfilet (small blind) showed [Ts 3s] and lost with One pair : Jacks


Winamax Poker - Tournament "Expresso Nitro" buyIn: 0.93€ + 0.07€ level: 1 - HandId: #2717944558624178177-2-1676240752 - Holdem no limit (10/20) - 2023/02/12 22:25:52 UTC
Table: 'Expresso Nitro(632820781)#0' 3-max (real money) Seat #1 is the button
Seat 1: Tr4kn4rdo (600)
Seat 2: _SKR (300)
*** ANTE/BLINDS ***
Tr4kn4rdo posts small blind 10
_SKR posts big blind 20
Dealt to _SKR [5c 9h]
*** PRE-FLOP *** 
Tr4kn4rdo calls 10
_SKR checks
*** FLOP *** [5h 2s 3d]
_SKR checks
Tr4kn4rdo bets 20
_SKR calls 20
*** TURN *** [5h 2s 3d][6d]
_SKR checks
Tr4kn4rdo checks
*** RIVER *** [5h 2s 3d 6d][Kd]
_SKR checks
Tr4kn4rdo bets 28
_SKR folds
Tr4kn4rdo collected 108 from pot
*** SUMMARY ***
Total pot 108 | No rake
Board: [5h 2s 3d 6d Kd]
Seat 1: Tr4kn4rdo (small blind) (button) won 108


Winamax Poker - Tournament "Expresso Nitro" buyIn: 0.93€ + 0.07€ level: 2 - HandId: #2717944558624178177-3-1676240792 - Holdem no limit (15/30) - 2023/02/12 22:26:32 UTC
Table: 'Expresso Nitro(632820781)#0' 3-max (real money) Seat #2 is the button
Seat 1: Tr4kn4rdo (640)
Seat 2: _SKR (260)
*** ANTE/BLINDS ***
_SKR posts small blind 15
Tr4kn4rdo posts big blind 30
Dealt to _SKR [Qs Ah]
*** PRE-FLOP *** 
_SKR raises 230 to 260 and is all-in
Tr4kn4rdo calls 230
*** FLOP *** [9s Td Qh]
*** TURN *** [9s Td Qh][2h]
*** RIVER *** [9s Td Qh 2h][Ad]
*** SHOW DOWN ***
Tr4kn4rdo shows [Kc 8h] (High card : Ace)
_SKR shows [Qs Ah] (Two pairs : Aces and Queens)
_SKR collected 520 from pot
*** SUMMARY ***
Total pot 520 | No rake
Board: [9s Td Qh 2h Ad]
Seat 1: Tr4kn4rdo (big blind) showed [Kc 8h] and lost with High card : Ace
Seat 2: _SKR (small blind) (button) showed [Qs Ah] and won 520 with Two pairs : Aces and Queens


Winamax Poker - Tournament "Expresso Nitro" buyIn: 0.93€ + 0.07€ level: 2 - HandId: #2717944558624178177-4-1676240822 - Holdem no limit (15/30) - 2023/02/12 22:27:02 UTC
Table: 'Expresso Nitro(632820781)#0' 3-max (real money) Seat #1 is the button
Seat 1: Tr4kn4rdo (380)
Seat 2: _SKR (520)
*** ANTE/BLINDS ***
Tr4kn4rdo posts small blind 15
_SKR posts big blind 30
Dealt to _SKR [2d Kc]
*** PRE-FLOP *** 
Tr4kn4rdo folds
_SKR collected 45 from pot
*** SUMMARY ***
Total pot 45 | No rake
Seat 2: _SKR (big blind) won 45


Winamax Poker - Tournament "Expresso Nitro" buyIn: 0.93€ + 0.07€ level: 2 - HandId: #2717944558624178177-5-1676240826 - Holdem no limit (15/30) - 2023/02/12 22:27:06 UTC
Table: 'Expresso Nitro(632820781)#0' 3-max (real money) Seat #2 is the button
Seat 1: Tr4kn4rdo (365)
Seat 2: _SKR (535)
*** ANTE/BLINDS ***
_SKR posts small blind 15
Tr4kn4rdo posts big blind 30
Dealt to _SKR [Ac 5s]
*** PRE-FLOP *** 
_SKR raises 505 to 535 and is all-in
Tr4kn4rdo folds
_SKR collected 565 from pot
*** SUMMARY ***
Total pot 565 | No rake
Seat 2: _SKR (small blind) (button) won 565


Winamax Poker - Tournament "Expresso Nitro" buyIn: 0.93€ + 0.07€ level: 2 - HandId: #2717944558624178177-6-1676240831 - Holdem no limit (15/30) - 2023/02/12 22:27:11 UTC
Table: 'Expresso Nitro(632820781)#0' 3-max (real money) Seat #1 is the button
Seat 1: Tr4kn4rdo (335)
Seat 2: _SKR (565)
*** ANTE/BLINDS ***
Tr4kn4rdo posts small blind 15
_SKR posts big blind 30
Dealt to _SKR [2d 4d]
*** PRE-FLOP *** 
Tr4kn4rdo folds
_SKR collected 45 from pot
*** SUMMARY ***
Total pot 45 | No rake
Seat 2: _SKR (big blind) won 45


Winamax Poker - Tournament "Expresso Nitro" buyIn: 0.93€ + 0.07€ level: 2 - HandId: #2717944558624178177-7-1676240836 - Holdem no limit (15/30) - 2023/02/12 22:27:16 UTC
Table: 'Expresso Nitro(632820781)#0' 3-max (real money) Seat #2 is the button
Seat 1: Tr4kn4rdo (320)
Seat 2: _SKR (580)
*** ANTE/BLINDS ***
_SKR posts small blind 15
Tr4kn4rdo posts big blind 30
Dealt to _SKR [6h 7d]
*** PRE-FLOP *** 
_SKR folds
Tr4kn4rdo collected 45 from pot
*** SUMMARY ***
Total pot 45 | No rake
Seat 1: Tr4kn4rdo (big blind) won 45


Winamax Poker - Tournament "Expresso Nitro" buyIn: 0.93€ + 0.07€ level: 2 - HandId: #2717944558624178177-8-1676240840 - Holdem no limit (15/30) - 2023/02/12 22:27:20 UTC
Table: 'Expresso Nitro(632820781)#0' 3-max (real money) Seat #1 is the button
Seat 1: Tr4kn4rdo (335)
Seat 2: _SKR (565)
*** ANTE/BLINDS ***
Tr4kn4rdo posts small blind 15
_SKR posts big blind 30
Dealt to _SKR [4h 6s]
*** PRE-FLOP *** 
Tr4kn4rdo raises 30 to 60
_SKR folds
Tr4kn4rdo collected 90 from pot
*** SUMMARY ***
Total pot 90 | No rake
Seat 1: Tr4kn4rdo (small blind) (button) won 90


Winamax Poker - Tournament "Expresso Nitro" buyIn: 0.93€ + 0.07€ level: 2 - HandId: #2717944558624178177-9-1676240845 - Holdem no limit (15/30) - 2023/02/12 22:27:25 UTC
Table: 'Expresso Nitro(632820781)#0' 3-max (real money) Seat #2 is the button
Seat 1: Tr4kn4rdo (365)
Seat 2: _SKR (535)
*** ANTE/BLINDS ***
_SKR posts small blind 15
Tr4kn4rdo posts big blind 30
Dealt to _SKR [7s 4s]
*** PRE-FLOP *** 
_SKR folds
Tr4kn4rdo collected 45 from pot
*** SUMMARY ***
Total pot 45 | No rake
Seat 1: Tr4kn4rdo (big blind) won 45


Winamax Poker - Tournament "Expresso Nitro" buyIn: 0.93€ + 0.07€ level: 3 - HandId: #2717944558624178177-10-1676240848 - Holdem no limit (20/40) - 2023/02/12 22:27:28 UTC
Table: 'Expresso Nitro(632820781)#0' 3-max (real money) Seat #1 is the button
Seat 1: Tr4kn4rdo (380)
Seat 2: _SKR (520)
*** ANTE/BLINDS ***
Tr4kn4rdo posts small blind 20
_SKR posts big blind 40
Dealt to _SKR [Ac 8d]
*** PRE-FLOP *** 
Tr4kn4rdo raises 40 to 80
_SKR raises 440 to 520 and is all-in
Tr4kn4rdo calls 300 and is all-in
*** FLOP *** [Ad 8h 5s]
*** TURN *** [Ad 8h 5s][2s]
*** RIVER *** [Ad 8h 5s 2s][8c]
*** SHOW DOWN ***
Tr4kn4rdo shows [Jd Ah] (Two pairs : Aces and 8)
_SKR shows [Ac 8d] (Full of 8 and Aces)
_SKR collected 900 from pot
*** SUMMARY ***
Total pot 900 | No rake
Board: [Ad 8h 5s 2s 8c]
Seat 1: Tr4kn4rdo (small blind) (button) showed [Jd Ah] and lost with Two pairs : Aces and 8
Seat 2: _SKR (big blind) showed [Ac 8d] and won 900 with Full of 8 and Aces


