Winamax Poker - Tournament "Expresso Nitro" buyIn: 1.86€ + 0.14€ level: 1 - HandId: #2696894481524850689-1-1675102357 - Holdem no limit (10/20) - 2023/01/30 18:12:37 UTC
Table: 'Expresso Nitro(627919678)#0' 3-max (real money) Seat #3 is the button
Seat 1: papillons62 (300)
Seat 2: _SKR (300)
Seat 3: Budelmaxxim (300)
*** ANTE/BLINDS ***
papillons62 posts small blind 10
_SKR posts big blind 20
Dealt to _SKR [Ts Qh]
*** PRE-FLOP *** 
Budelmaxxim raises 20 to 40
papillons62 calls 30
_SKR folds
*** FLOP *** [6c 5c Ks]
papillons62 checks
Budelmaxxim bets 65
papillons62 folds
Budelmaxxim collected 165 from pot
*** SUMMARY ***
Total pot 165 | No rake
Board: [6c 5c Ks]
Seat 3: Budelmaxxim (button) won 165


Winamax Poker - Tournament "Expresso Nitro" buyIn: 1.86€ + 0.14€ level: 1 - HandId: #2696894481524850689-2-1675102378 - Holdem no limit (10/20) - 2023/01/30 18:12:58 UTC
Table: 'Expresso Nitro(627919678)#0' 3-max (real money) Seat #1 is the button
Seat 1: papillons62 (260)
Seat 2: _SKR (280)
Seat 3: Budelmaxxim (360)
*** ANTE/BLINDS ***
_SKR posts small blind 10
Budelmaxxim posts big blind 20
Dealt to _SKR [Jd 6d]
*** PRE-FLOP *** 
papillons62 calls 20
_SKR folds
Budelmaxxim checks
*** FLOP *** [4d 3c Ac]
Budelmaxxim bets 340 and is all-in
papillons62 folds
Budelmaxxim collected 390 from pot
*** SUMMARY ***
Total pot 390 | No rake
Board: [4d 3c Ac]
Seat 3: Budelmaxxim (big blind) won 390


Winamax Poker - Tournament "Expresso Nitro" buyIn: 1.86€ + 0.14€ level: 1 - HandId: #2696894481524850689-3-1675102388 - Holdem no limit (10/20) - 2023/01/30 18:13:08 UTC
Table: 'Expresso Nitro(627919678)#0' 3-max (real money) Seat #2 is the button
Seat 1: papillons62 (240)
Seat 2: _SKR (270)
Seat 3: Budelmaxxim (390)
*** ANTE/BLINDS ***
Budelmaxxim posts small blind 10
papillons62 posts big blind 20
Dealt to _SKR [9s As]
*** PRE-FLOP *** 
_SKR raises 250 to 270 and is all-in
Budelmaxxim folds
papillons62 folds
_SKR collected 300 from pot
*** SUMMARY ***
Total pot 300 | No rake
Seat 2: _SKR (button) won 300


Winamax Poker - Tournament "Expresso Nitro" buyIn: 1.86€ + 0.14€ level: 1 - HandId: #2696894481524850689-4-1675102393 - Holdem no limit (10/20) - 2023/01/30 18:13:13 UTC
Table: 'Expresso Nitro(627919678)#0' 3-max (real money) Seat #3 is the button
Seat 1: papillons62 (220)
Seat 2: _SKR (300)
Seat 3: Budelmaxxim (380)
*** ANTE/BLINDS ***
papillons62 posts small blind 10
_SKR posts big blind 20
Dealt to _SKR [Qd Jc]
*** PRE-FLOP *** 
Budelmaxxim folds
papillons62 calls 10
_SKR raises 280 to 300 and is all-in
papillons62 calls 200 and is all-in
*** FLOP *** [Js 2h Tc]
*** TURN *** [Js 2h Tc][2c]
*** RIVER *** [Js 2h Tc 2c][Th]
*** SHOW DOWN ***
papillons62 shows [Qc 5h] (Two pairs : Tens and 2)
_SKR shows [Qd Jc] (Two pairs : Jacks and Tens)
_SKR collected 520 from pot
*** SUMMARY ***
Total pot 520 | No rake
Board: [Js 2h Tc 2c Th]
Seat 1: papillons62 (small blind) showed [Qc 5h] and lost with Two pairs : Tens and 2
Seat 2: _SKR (big blind) showed [Qd Jc] and won 520 with Two pairs : Jacks and Tens


Winamax Poker - Tournament "Expresso Nitro" buyIn: 1.86€ + 0.14€ level: 1 - HandId: #2696894481524850689-5-1675102410 - Holdem no limit (10/20) - 2023/01/30 18:13:30 UTC
Table: 'Expresso Nitro(627919678)#0' 3-max (real money) Seat #2 is the button
Seat 2: _SKR (520)
Seat 3: Budelmaxxim (380)
*** ANTE/BLINDS ***
_SKR posts small blind 10
Budelmaxxim posts big blind 20
Dealt to _SKR [5s As]
*** PRE-FLOP *** 
_SKR raises 500 to 520 and is all-in
Budelmaxxim folds
_SKR collected 540 from pot
*** SUMMARY ***
Total pot 540 | No rake
Seat 2: _SKR (small blind) (button) won 540


Winamax Poker - Tournament "Expresso Nitro" buyIn: 1.86€ + 0.14€ level: 2 - HandId: #2696894481524850689-6-1675102416 - Holdem no limit (15/30) - 2023/01/30 18:13:36 UTC
Table: 'Expresso Nitro(627919678)#0' 3-max (real money) Seat #3 is the button
Seat 2: _SKR (540)
Seat 3: Budelmaxxim (360)
*** ANTE/BLINDS ***
Budelmaxxim posts small blind 15
_SKR posts big blind 30
Dealt to _SKR [Qd 7h]
*** PRE-FLOP *** 
Budelmaxxim calls 15
_SKR checks
*** FLOP *** [Qh Js Qc]
_SKR checks
Budelmaxxim checks
*** TURN *** [Qh Js Qc][Kc]
_SKR bets 39
Budelmaxxim calls 39
*** RIVER *** [Qh Js Qc Kc][As]
_SKR checks
Budelmaxxim checks
*** SHOW DOWN ***
Budelmaxxim shows [Jc 9s] (Two pairs : Queens and Jacks)
_SKR shows [Qd 7h] (Trips of Queens)
_SKR collected 138 from pot
*** SUMMARY ***
Total pot 138 | No rake
Board: [Qh Js Qc Kc As]
Seat 2: _SKR (big blind) showed [Qd 7h] and won 138 with Trips of Queens
Seat 3: Budelmaxxim (small blind) (button) showed [Jc 9s] and lost with Two pairs : Queens and Jacks


Winamax Poker - Tournament "Expresso Nitro" buyIn: 1.86€ + 0.14€ level: 2 - HandId: #2696894481524850689-7-1675102437 - Holdem no limit (15/30) - 2023/01/30 18:13:57 UTC
Table: 'Expresso Nitro(627919678)#0' 3-max (real money) Seat #2 is the button
Seat 2: _SKR (609)
Seat 3: Budelmaxxim (291)
*** ANTE/BLINDS ***
_SKR posts small blind 15
Budelmaxxim posts big blind 30
Dealt to _SKR [Jc Jd]
*** PRE-FLOP *** 
_SKR raises 579 to 609 and is all-in
Budelmaxxim calls 261 and is all-in
*** FLOP *** [2c 5s Kh]
*** TURN *** [2c 5s Kh][3h]
*** RIVER *** [2c 5s Kh 3h][Ah]
*** SHOW DOWN ***
Budelmaxxim shows [9c 9h] (One pair : 9)
_SKR shows [Jc Jd] (One pair : Jacks)
_SKR collected 900 from pot
*** SUMMARY ***
Total pot 900 | No rake
Board: [2c 5s Kh 3h Ah]
Seat 2: _SKR (small blind) (button) showed [Jc Jd] and won 900 with One pair : Jacks
Seat 3: Budelmaxxim (big blind) showed [9c 9h] and lost with One pair : 9


