Winamax Poker - Tournament "Expresso Nitro" buyIn: 1.86€ + 0.14€ level: 1 - HandId: #2696881579443093505-1-1675101825 - Holdem no limit (10/20) - 2023/01/30 18:03:45 UTC
Table: 'Expresso Nitro(627916674)#0' 3-max (real money) Seat #2 is the button
Seat 1: _SKR (300)
Seat 2: CastoDrama75 (300)
Seat 3: VinceGC69 (300)
*** ANTE/BLINDS ***
VinceGC69 posts small blind 10
_SKR posts big blind 20
Dealt to _SKR [Ks 2d]
*** PRE-FLOP *** 
CastoDrama75 folds
VinceGC69 calls 10
_SKR checks
*** FLOP *** [Ad Td 8d]
VinceGC69 bets 20
_SKR folds
VinceGC69 collected 60 from pot
*** SUMMARY ***
Total pot 60 | No rake
Board: [Ad Td 8d]
Seat 3: VinceGC69 (small blind) won 60


Winamax Poker - Tournament "Expresso Nitro" buyIn: 1.86€ + 0.14€ level: 1 - HandId: #2696881579443093505-2-1675101847 - Holdem no limit (10/20) - 2023/01/30 18:04:07 UTC
Table: 'Expresso Nitro(627916674)#0' 3-max (real money) Seat #3 is the button
Seat 1: _SKR (280)
Seat 2: CastoDrama75 (300)
Seat 3: VinceGC69 (320)
*** ANTE/BLINDS ***
_SKR posts small blind 10
CastoDrama75 posts big blind 20
Dealt to _SKR [8d Jd]
*** PRE-FLOP *** 
VinceGC69 folds
_SKR raises 20 to 40
CastoDrama75 folds
_SKR collected 60 from pot
*** SUMMARY ***
Total pot 60 | No rake
Seat 1: _SKR (small blind) won 60


Winamax Poker - Tournament "Expresso Nitro" buyIn: 1.86€ + 0.14€ level: 1 - HandId: #2696881579443093505-3-1675101857 - Holdem no limit (10/20) - 2023/01/30 18:04:17 UTC
Table: 'Expresso Nitro(627916674)#0' 3-max (real money) Seat #1 is the button
Seat 1: _SKR (300)
Seat 2: CastoDrama75 (280)
Seat 3: VinceGC69 (320)
*** ANTE/BLINDS ***
CastoDrama75 posts small blind 10
VinceGC69 posts big blind 20
Dealt to _SKR [Jc 3c]
*** PRE-FLOP *** 
_SKR folds
CastoDrama75 raises 260 to 280 and is all-in
VinceGC69 calls 260
*** FLOP *** [Ts 7h 8s]
*** TURN *** [Ts 7h 8s][4d]
*** RIVER *** [Ts 7h 8s 4d][6s]
*** SHOW DOWN ***
CastoDrama75 shows [8c As] (One pair : 8)
VinceGC69 shows [9c Kd] (Straight Ten high)
VinceGC69 collected 560 from pot
*** SUMMARY ***
Total pot 560 | No rake
Board: [Ts 7h 8s 4d 6s]
Seat 2: CastoDrama75 (small blind) showed [8c As] and lost with One pair : 8
Seat 3: VinceGC69 (big blind) showed [9c Kd] and won 560 with Straight Ten high


Winamax Poker - Tournament "Expresso Nitro" buyIn: 1.86€ + 0.14€ level: 1 - HandId: #2696881579443093505-4-1675101872 - Holdem no limit (10/20) - 2023/01/30 18:04:32 UTC
Table: 'Expresso Nitro(627916674)#0' 3-max (real money) Seat #3 is the button
Seat 1: _SKR (300)
Seat 3: VinceGC69 (600)
*** ANTE/BLINDS ***
VinceGC69 posts small blind 10
_SKR posts big blind 20
Dealt to _SKR [8s 8c]
*** PRE-FLOP *** 
VinceGC69 raises 20 to 40
_SKR raises 260 to 300 and is all-in
VinceGC69 calls 260
*** FLOP *** [Qd As 6c]
*** TURN *** [Qd As 6c][Kd]
*** RIVER *** [Qd As 6c Kd][8h]
*** SHOW DOWN ***
VinceGC69 shows [Kc Jh] (One pair : Kings)
_SKR shows [8s 8c] (Trips of 8)
_SKR collected 600 from pot
*** SUMMARY ***
Total pot 600 | No rake
Board: [Qd As 6c Kd 8h]
Seat 1: _SKR (big blind) showed [8s 8c] and won 600 with Trips of 8
Seat 3: VinceGC69 (small blind) (button) showed [Kc Jh] and lost with One pair : Kings


Winamax Poker - Tournament "Expresso Nitro" buyIn: 1.86€ + 0.14€ level: 2 - HandId: #2696881579443093505-5-1675101887 - Holdem no limit (15/30) - 2023/01/30 18:04:47 UTC
Table: 'Expresso Nitro(627916674)#0' 3-max (real money) Seat #1 is the button
Seat 1: _SKR (600)
Seat 3: VinceGC69 (300)
*** ANTE/BLINDS ***
_SKR posts small blind 15
VinceGC69 posts big blind 30
Dealt to _SKR [9s Th]
*** PRE-FLOP *** 
_SKR folds
VinceGC69 collected 45 from pot
*** SUMMARY ***
Total pot 45 | No rake
Seat 3: VinceGC69 (big blind) won 45


Winamax Poker - Tournament "Expresso Nitro" buyIn: 1.86€ + 0.14€ level: 2 - HandId: #2696881579443093505-6-1675101895 - Holdem no limit (15/30) - 2023/01/30 18:04:55 UTC
Table: 'Expresso Nitro(627916674)#0' 3-max (real money) Seat #3 is the button
Seat 1: _SKR (585)
Seat 3: VinceGC69 (315)
*** ANTE/BLINDS ***
VinceGC69 posts small blind 15
_SKR posts big blind 30
Dealt to _SKR [Qc 5c]
*** PRE-FLOP *** 
VinceGC69 raises 285 to 315 and is all-in
_SKR folds
VinceGC69 collected 345 from pot
*** SUMMARY ***
Total pot 345 | No rake
Seat 3: VinceGC69 (small blind) (button) won 345


Winamax Poker - Tournament "Expresso Nitro" buyIn: 1.86€ + 0.14€ level: 2 - HandId: #2696881579443093505-7-1675101899 - Holdem no limit (15/30) - 2023/01/30 18:04:59 UTC
Table: 'Expresso Nitro(627916674)#0' 3-max (real money) Seat #1 is the button
Seat 1: _SKR (555)
Seat 3: VinceGC69 (345)
*** ANTE/BLINDS ***
_SKR posts small blind 15
VinceGC69 posts big blind 30
Dealt to _SKR [8c 4h]
*** PRE-FLOP *** 
_SKR folds
VinceGC69 collected 45 from pot
*** SUMMARY ***
Total pot 45 | No rake
Seat 3: VinceGC69 (big blind) won 45


Winamax Poker - Tournament "Expresso Nitro" buyIn: 1.86€ + 0.14€ level: 2 - HandId: #2696881579443093505-8-1675101903 - Holdem no limit (15/30) - 2023/01/30 18:05:03 UTC
Table: 'Expresso Nitro(627916674)#0' 3-max (real money) Seat #3 is the button
Seat 1: _SKR (540)
Seat 3: VinceGC69 (360)
*** ANTE/BLINDS ***
VinceGC69 posts small blind 15
_SKR posts big blind 30
Dealt to _SKR [8c 4h]
*** PRE-FLOP *** 
VinceGC69 raises 330 to 360 and is all-in
_SKR folds
VinceGC69 collected 390 from pot
*** SUMMARY ***
Total pot 390 | No rake
Seat 3: VinceGC69 (small blind) (button) won 390


Winamax Poker - Tournament "Expresso Nitro" buyIn: 1.86€ + 0.14€ level: 2 - HandId: #2696881579443093505-9-1675101916 - Holdem no limit (15/30) - 2023/01/30 18:05:16 UTC
Table: 'Expresso Nitro(627916674)#0' 3-max (real money) Seat #1 is the button
Seat 1: _SKR (510)
Seat 3: VinceGC69 (390)
*** ANTE/BLINDS ***
_SKR posts small blind 15
VinceGC69 posts big blind 30
Dealt to _SKR [Kh Td]
*** PRE-FLOP *** 
_SKR raises 480 to 510 and is all-in
VinceGC69 folds
_SKR collected 540 from pot
*** SUMMARY ***
Total pot 540 | No rake
Seat 1: _SKR (small blind) (button) won 540


Winamax Poker - Tournament "Expresso Nitro" buyIn: 1.86€ + 0.14€ level: 2 - HandId: #2696881579443093505-10-1675101923 - Holdem no limit (15/30) - 2023/01/30 18:05:23 UTC
Table: 'Expresso Nitro(627916674)#0' 3-max (real money) Seat #3 is the button
Seat 1: _SKR (540)
Seat 3: VinceGC69 (360)
*** ANTE/BLINDS ***
VinceGC69 posts small blind 15
_SKR posts big blind 30
Dealt to _SKR [5h Jd]
*** PRE-FLOP *** 
VinceGC69 raises 330 to 360 and is all-in
_SKR folds
VinceGC69 collected 390 from pot
*** SUMMARY ***
Total pot 390 | No rake
Seat 3: VinceGC69 (small blind) (button) won 390


Winamax Poker - Tournament "Expresso Nitro" buyIn: 1.86€ + 0.14€ level: 2 - HandId: #2696881579443093505-11-1675101928 - Holdem no limit (15/30) - 2023/01/30 18:05:28 UTC
Table: 'Expresso Nitro(627916674)#0' 3-max (real money) Seat #1 is the button
Seat 1: _SKR (510)
Seat 3: VinceGC69 (390)
*** ANTE/BLINDS ***
_SKR posts small blind 15
VinceGC69 posts big blind 30
Dealt to _SKR [4c 6d]
*** PRE-FLOP *** 
_SKR folds
VinceGC69 collected 45 from pot
*** SUMMARY ***
Total pot 45 | No rake
Seat 3: VinceGC69 (big blind) won 45


Winamax Poker - Tournament "Expresso Nitro" buyIn: 1.86€ + 0.14€ level: 2 - HandId: #2696881579443093505-12-1675101932 - Holdem no limit (15/30) - 2023/01/30 18:05:32 UTC
Table: 'Expresso Nitro(627916674)#0' 3-max (real money) Seat #3 is the button
Seat 1: _SKR (495)
Seat 3: VinceGC69 (405)
*** ANTE/BLINDS ***
VinceGC69 posts small blind 15
_SKR posts big blind 30
Dealt to _SKR [Td Kd]
*** PRE-FLOP *** 
VinceGC69 folds
_SKR collected 45 from pot
*** SUMMARY ***
Total pot 45 | No rake
Seat 1: _SKR (big blind) won 45


Winamax Poker - Tournament "Expresso Nitro" buyIn: 1.86€ + 0.14€ level: 2 - HandId: #2696881579443093505-13-1675101935 - Holdem no limit (15/30) - 2023/01/30 18:05:35 UTC
Table: 'Expresso Nitro(627916674)#0' 3-max (real money) Seat #1 is the button
Seat 1: _SKR (510)
Seat 3: VinceGC69 (390)
*** ANTE/BLINDS ***
_SKR posts small blind 15
VinceGC69 posts big blind 30
Dealt to _SKR [Jh Qh]
*** PRE-FLOP *** 
_SKR raises 480 to 510 and is all-in
VinceGC69 calls 360 and is all-in
*** FLOP *** [Qc 2d 2c]
*** TURN *** [Qc 2d 2c][7h]
*** RIVER *** [Qc 2d 2c 7h][5d]
*** SHOW DOWN ***
VinceGC69 shows [6h Ad] (One pair : 2)
_SKR shows [Jh Qh] (Two pairs : Queens and 2)
_SKR collected 900 from pot
*** SUMMARY ***
Total pot 900 | No rake
Board: [Qc 2d 2c 7h 5d]
Seat 1: _SKR (small blind) (button) showed [Jh Qh] and won 900 with Two pairs : Queens and 2
Seat 3: VinceGC69 (big blind) showed [6h Ad] and lost with One pair : 2


