Winamax Poker - Tournament "Expresso Nitro" buyIn: 0.93€ + 0.07€ level: 1 - HandId: #2672613180269658113-1-1673616633 - Holdem no limit (10/20) - 2023/01/13 13:30:33 UTC
Table: 'Expresso Nitro(622266247)#0' 3-max (real money) Seat #1 is the button
Seat 1: _SKR (300)
Seat 2: Liamm (300)
Seat 3: rawmeo (300)
*** ANTE/BLINDS ***
Liamm posts small blind 10
rawmeo posts big blind 20
Dealt to _SKR [3d Ad]
*** PRE-FLOP *** 
_SKR raises 280 to 300 and is all-in
Liamm folds
rawmeo folds
_SKR collected 330 from pot
*** SUMMARY ***
Total pot 330 | No rake
Seat 1: _SKR (button) won 330


Winamax Poker - Tournament "Expresso Nitro" buyIn: 0.93€ + 0.07€ level: 1 - HandId: #2672613180269658113-2-1673616643 - Holdem no limit (10/20) - 2023/01/13 13:30:43 UTC
Table: 'Expresso Nitro(622266247)#0' 3-max (real money) Seat #2 is the button
Seat 1: _SKR (330)
Seat 2: Liamm (290)
Seat 3: rawmeo (280)
*** ANTE/BLINDS ***
rawmeo posts small blind 10
_SKR posts big blind 20
Dealt to _SKR [2s Ad]
*** PRE-FLOP *** 
Liamm folds
rawmeo folds
_SKR collected 30 from pot
*** SUMMARY ***
Total pot 30 | No rake
Seat 1: _SKR (big blind) won 30


Winamax Poker - Tournament "Expresso Nitro" buyIn: 0.93€ + 0.07€ level: 1 - HandId: #2672613180269658113-3-1673616650 - Holdem no limit (10/20) - 2023/01/13 13:30:50 UTC
Table: 'Expresso Nitro(622266247)#0' 3-max (real money) Seat #3 is the button
Seat 1: _SKR (340)
Seat 2: Liamm (290)
Seat 3: rawmeo (270)
*** ANTE/BLINDS ***
_SKR posts small blind 10
Liamm posts big blind 20
Dealt to _SKR [6s 2c]
*** PRE-FLOP *** 
rawmeo calls 20
_SKR folds
Liamm raises 40 to 60
rawmeo calls 40
*** FLOP *** [Qd Kc 8s]
Liamm bets 46
rawmeo calls 46
*** TURN *** [Qd Kc 8s][4c]
Liamm bets 184 and is all-in
rawmeo calls 164 and is all-in
*** RIVER *** [Qd Kc 8s 4c][8c]
*** SHOW DOWN ***
Liamm shows [Js Qc] (Two pairs : Queens and 8)
rawmeo shows [6c Kh] (Two pairs : Kings and 8)
rawmeo collected 550 from main pot
Liamm collected 20 from side pot 1
*** SUMMARY ***
Total pot 570 | No rake
Board: [Qd Kc 8s 4c 8c]
Seat 2: Liamm (big blind) showed [Js Qc] and won 20 with Two pairs : Queens and 8
Seat 3: rawmeo (button) showed [6c Kh] and won 550 with Two pairs : Kings and 8


Winamax Poker - Tournament "Expresso Nitro" buyIn: 0.93€ + 0.07€ level: 1 - HandId: #2672613180269658113-4-1673616679 - Holdem no limit (10/20) - 2023/01/13 13:31:19 UTC
Table: 'Expresso Nitro(622266247)#0' 3-max (real money) Seat #1 is the button
Seat 1: _SKR (330)
Seat 2: Liamm (20)
Seat 3: rawmeo (550)
*** ANTE/BLINDS ***
Liamm posts small blind 10
rawmeo posts big blind 20
Dealt to _SKR [3h 7s]
*** PRE-FLOP *** 
_SKR folds
Liamm calls 10 and is all-in
*** FLOP *** [Qs Js 3d]
*** TURN *** [Qs Js 3d][Qd]
*** RIVER *** [Qs Js 3d Qd][Th]
*** SHOW DOWN ***
Liamm shows [8h 6s] (One pair : Queens)
rawmeo shows [4c Qc] (Trips of Queens)
rawmeo collected 40 from pot
*** SUMMARY ***
Total pot 40 | No rake
Board: [Qs Js 3d Qd Th]
Seat 2: Liamm (small blind) showed [8h 6s] and lost with One pair : Queens
Seat 3: rawmeo (big blind) showed [4c Qc] and won 40 with Trips of Queens


Winamax Poker - Tournament "Expresso Nitro" buyIn: 0.93€ + 0.07€ level: 2 - HandId: #2672613180269658113-5-1673616691 - Holdem no limit (15/30) - 2023/01/13 13:31:31 UTC
Table: 'Expresso Nitro(622266247)#0' 3-max (real money) Seat #3 is the button
Seat 1: _SKR (330)
Seat 3: rawmeo (570)
*** ANTE/BLINDS ***
rawmeo posts small blind 15
_SKR posts big blind 30
Dealt to _SKR [Jd 6h]
*** PRE-FLOP *** 
rawmeo folds
_SKR collected 45 from pot
*** SUMMARY ***
Total pot 45 | No rake
Seat 1: _SKR (big blind) won 45


Winamax Poker - Tournament "Expresso Nitro" buyIn: 0.93€ + 0.07€ level: 2 - HandId: #2672613180269658113-6-1673616696 - Holdem no limit (15/30) - 2023/01/13 13:31:36 UTC
Table: 'Expresso Nitro(622266247)#0' 3-max (real money) Seat #1 is the button
Seat 1: _SKR (345)
Seat 3: rawmeo (555)
*** ANTE/BLINDS ***
_SKR posts small blind 15
rawmeo posts big blind 30
Dealt to _SKR [5d 5h]
*** PRE-FLOP *** 
_SKR raises 315 to 345 and is all-in
rawmeo folds
_SKR collected 375 from pot
*** SUMMARY ***
Total pot 375 | No rake
Seat 1: _SKR (small blind) (button) won 375


Winamax Poker - Tournament "Expresso Nitro" buyIn: 0.93€ + 0.07€ level: 2 - HandId: #2672613180269658113-7-1673616717 - Holdem no limit (15/30) - 2023/01/13 13:31:57 UTC
Table: 'Expresso Nitro(622266247)#0' 3-max (real money) Seat #3 is the button
Seat 1: _SKR (375)
Seat 3: rawmeo (525)
*** ANTE/BLINDS ***
rawmeo posts small blind 15
_SKR posts big blind 30
Dealt to _SKR [Jh Kd]
*** PRE-FLOP *** 
rawmeo calls 15
_SKR raises 345 to 375 and is all-in
rawmeo folds
_SKR collected 405 from pot
*** SUMMARY ***
Total pot 405 | No rake
Seat 1: _SKR (big blind) won 405


Winamax Poker - Tournament "Expresso Nitro" buyIn: 0.93€ + 0.07€ level: 2 - HandId: #2672613180269658113-8-1673616735 - Holdem no limit (15/30) - 2023/01/13 13:32:15 UTC
Table: 'Expresso Nitro(622266247)#0' 3-max (real money) Seat #1 is the button
Seat 1: _SKR (405)
Seat 3: rawmeo (495)
*** ANTE/BLINDS ***
_SKR posts small blind 15
rawmeo posts big blind 30
Dealt to _SKR [Tc 9c]
*** PRE-FLOP *** 
_SKR raises 30 to 60
rawmeo calls 30
*** FLOP *** [3c Ks 4s]
rawmeo checks
_SKR bets 42
rawmeo calls 42
*** TURN *** [3c Ks 4s][8s]
rawmeo bets 133
_SKR folds
rawmeo collected 337 from pot
*** SUMMARY ***
Total pot 337 | No rake
Board: [3c Ks 4s 8s]
Seat 3: rawmeo (big blind) won 337


Winamax Poker - Tournament "Expresso Nitro" buyIn: 0.93€ + 0.07€ level: 3 - HandId: #2672613180269658113-9-1673616769 - Holdem no limit (20/40) - 2023/01/13 13:32:49 UTC
Table: 'Expresso Nitro(622266247)#0' 3-max (real money) Seat #3 is the button
Seat 1: _SKR (303)
Seat 3: rawmeo (597)
*** ANTE/BLINDS ***
rawmeo posts small blind 20
_SKR posts big blind 40
Dealt to _SKR [9c 7s]
*** PRE-FLOP *** 
rawmeo folds
_SKR collected 60 from pot
*** SUMMARY ***
Total pot 60 | No rake
Seat 1: _SKR (big blind) won 60


Winamax Poker - Tournament "Expresso Nitro" buyIn: 0.93€ + 0.07€ level: 3 - HandId: #2672613180269658113-10-1673616777 - Holdem no limit (20/40) - 2023/01/13 13:32:57 UTC
Table: 'Expresso Nitro(622266247)#0' 3-max (real money) Seat #1 is the button
Seat 1: _SKR (323)
Seat 3: rawmeo (577)
*** ANTE/BLINDS ***
_SKR posts small blind 20
rawmeo posts big blind 40
Dealt to _SKR [6c 3h]
*** PRE-FLOP *** 
_SKR folds
rawmeo collected 60 from pot
*** SUMMARY ***
Total pot 60 | No rake
Seat 3: rawmeo (big blind) won 60


Winamax Poker - Tournament "Expresso Nitro" buyIn: 0.93€ + 0.07€ level: 3 - HandId: #2672613180269658113-11-1673616781 - Holdem no limit (20/40) - 2023/01/13 13:33:01 UTC
Table: 'Expresso Nitro(622266247)#0' 3-max (real money) Seat #3 is the button
Seat 1: _SKR (303)
Seat 3: rawmeo (597)
*** ANTE/BLINDS ***
rawmeo posts small blind 20
_SKR posts big blind 40
Dealt to _SKR [9s 4d]
*** PRE-FLOP *** 
rawmeo raises 80 to 120
_SKR folds
rawmeo collected 160 from pot
*** SUMMARY ***
Total pot 160 | No rake
Seat 3: rawmeo (small blind) (button) won 160


Winamax Poker - Tournament "Expresso Nitro" buyIn: 0.93€ + 0.07€ level: 3 - HandId: #2672613180269658113-12-1673616793 - Holdem no limit (20/40) - 2023/01/13 13:33:13 UTC
Table: 'Expresso Nitro(622266247)#0' 3-max (real money) Seat #1 is the button
Seat 1: _SKR (263)
Seat 3: rawmeo (637)
*** ANTE/BLINDS ***
_SKR posts small blind 20
rawmeo posts big blind 40
Dealt to _SKR [Jd Td]
*** PRE-FLOP *** 
_SKR raises 223 to 263 and is all-in
rawmeo calls 223
*** FLOP *** [Th Js Qs]
*** TURN *** [Th Js Qs][5c]
*** RIVER *** [Th Js Qs 5c][Jh]
*** SHOW DOWN ***
rawmeo shows [Ad 6d] (One pair : Jacks)
_SKR shows [Jd Td] (Full of Jacks and Tens)
_SKR collected 526 from pot
*** SUMMARY ***
Total pot 526 | No rake
Board: [Th Js Qs 5c Jh]
Seat 1: _SKR (small blind) (button) showed [Jd Td] and won 526 with Full of Jacks and Tens
Seat 3: rawmeo (big blind) showed [Ad 6d] and lost with One pair : Jacks


Winamax Poker - Tournament "Expresso Nitro" buyIn: 0.93€ + 0.07€ level: 4 - HandId: #2672613180269658113-13-1673616811 - Holdem no limit (30/60) - 2023/01/13 13:33:31 UTC
Table: 'Expresso Nitro(622266247)#0' 3-max (real money) Seat #3 is the button
Seat 1: _SKR (526)
Seat 3: rawmeo (374)
*** ANTE/BLINDS ***
rawmeo posts small blind 30
_SKR posts big blind 60
Dealt to _SKR [Kd 9h]
*** PRE-FLOP *** 
rawmeo calls 30
_SKR raises 466 to 526 and is all-in
rawmeo folds
_SKR collected 586 from pot
*** SUMMARY ***
Total pot 586 | No rake
Seat 1: _SKR (big blind) won 586


Winamax Poker - Tournament "Expresso Nitro" buyIn: 0.93€ + 0.07€ level: 4 - HandId: #2672613180269658113-14-1673616828 - Holdem no limit (30/60) - 2023/01/13 13:33:48 UTC
Table: 'Expresso Nitro(622266247)#0' 3-max (real money) Seat #1 is the button
Seat 1: _SKR (586)
Seat 3: rawmeo (314)
*** ANTE/BLINDS ***
_SKR posts small blind 30
rawmeo posts big blind 60
Dealt to _SKR [Qd Ah]
*** PRE-FLOP *** 
_SKR raises 526 to 586 and is all-in
rawmeo folds
_SKR collected 646 from pot
*** SUMMARY ***
Total pot 646 | No rake
Seat 1: _SKR (small blind) (button) won 646


Winamax Poker - Tournament "Expresso Nitro" buyIn: 0.93€ + 0.07€ level: 4 - HandId: #2672613180269658113-15-1673616833 - Holdem no limit (30/60) - 2023/01/13 13:33:53 UTC
Table: 'Expresso Nitro(622266247)#0' 3-max (real money) Seat #3 is the button
Seat 1: _SKR (646)
Seat 3: rawmeo (254)
*** ANTE/BLINDS ***
rawmeo posts small blind 30
_SKR posts big blind 60
Dealt to _SKR [Jd 4h]
*** PRE-FLOP *** 
rawmeo raises 194 to 254 and is all-in
_SKR folds
rawmeo collected 314 from pot
*** SUMMARY ***
Total pot 314 | No rake
Seat 3: rawmeo (small blind) (button) won 314


Winamax Poker - Tournament "Expresso Nitro" buyIn: 0.93€ + 0.07€ level: 4 - HandId: #2672613180269658113-16-1673616840 - Holdem no limit (30/60) - 2023/01/13 13:34:00 UTC
Table: 'Expresso Nitro(622266247)#0' 3-max (real money) Seat #1 is the button
Seat 1: _SKR (586)
Seat 3: rawmeo (314)
*** ANTE/BLINDS ***
_SKR posts small blind 30
rawmeo posts big blind 60
Dealt to _SKR [Qh 2c]
*** PRE-FLOP *** 
_SKR folds
rawmeo collected 90 from pot
*** SUMMARY ***
Total pot 90 | No rake
Seat 3: rawmeo (big blind) won 90


Winamax Poker - Tournament "Expresso Nitro" buyIn: 0.93€ + 0.07€ level: 4 - HandId: #2672613180269658113-17-1673616845 - Holdem no limit (30/60) - 2023/01/13 13:34:05 UTC
Table: 'Expresso Nitro(622266247)#0' 3-max (real money) Seat #3 is the button
Seat 1: _SKR (556)
Seat 3: rawmeo (344)
*** ANTE/BLINDS ***
rawmeo posts small blind 30
_SKR posts big blind 60
Dealt to _SKR [Kd Jd]
*** PRE-FLOP *** 
rawmeo raises 284 to 344 and is all-in
_SKR raises 212 to 556 and is all-in
*** FLOP *** [4c 7h 6h]
*** TURN *** [4c 7h 6h][Qc]
*** RIVER *** [4c 7h 6h Qc][9s]
*** SHOW DOWN ***
rawmeo shows [8s Kh] (High card : King)
_SKR shows [Kd Jd] (High card : King)
_SKR collected 900 from pot
*** SUMMARY ***
Total pot 900 | No rake
Board: [4c 7h 6h Qc 9s]
Seat 1: _SKR (big blind) showed [Kd Jd] and won 900 with High card : King
Seat 3: rawmeo (small blind) (button) showed [8s Kh] and lost with High card : King


