Winamax Poker - Tournament "Expresso Nitro" buyIn: 1.86€ + 0.14€ level: 1 - HandId: #2697292925640900609-1-1675116587 - Holdem no limit (10/20) - 2023/01/30 22:09:47 UTC
Table: 'Expresso Nitro(628012448)#0' 3-max (real money) Seat #2 is the button
Seat 1: Bilgekhan (300)
Seat 2: _SKR (300)
Seat 3: Lenaaab (300)
*** ANTE/BLINDS ***
Lenaaab posts small blind 10
Bilgekhan posts big blind 20
Dealt to _SKR [5h Kh]
*** PRE-FLOP *** 
_SKR folds
Lenaaab raises 280 to 300 and is all-in
Bilgekhan calls 280 and is all-in
*** FLOP *** [7h 8d 2s]
*** TURN *** [7h 8d 2s][Ks]
*** RIVER *** [7h 8d 2s Ks][7d]
*** SHOW DOWN ***
Lenaaab shows [8c Ad] (Two pairs : 8 and 7)
Bilgekhan shows [6s Kd] (Two pairs : Kings and 7)
Bilgekhan collected 600 from pot
*** SUMMARY ***
Total pot 600 | No rake
Board: [7h 8d 2s Ks 7d]
Seat 1: Bilgekhan (big blind) showed [6s Kd] and won 600 with Two pairs : Kings and 7
Seat 3: Lenaaab (small blind) showed [8c Ad] and lost with Two pairs : 8 and 7


Winamax Poker - Tournament "Expresso Nitro" buyIn: 1.86€ + 0.14€ level: 1 - HandId: #2697292925640900609-2-1675116610 - Holdem no limit (10/20) - 2023/01/30 22:10:10 UTC
Table: 'Expresso Nitro(628012448)#0' 3-max (real money) Seat #1 is the button
Seat 1: Bilgekhan (600)
Seat 2: _SKR (300)
*** ANTE/BLINDS ***
Bilgekhan posts small blind 10
_SKR posts big blind 20
Dealt to _SKR [Td 8h]
*** PRE-FLOP *** 
Bilgekhan raises 580 to 600 and is all-in
_SKR folds
Bilgekhan collected 620 from pot
*** SUMMARY ***
Total pot 620 | No rake
Seat 1: Bilgekhan (small blind) (button) won 620


Winamax Poker - Tournament "Expresso Nitro" buyIn: 1.86€ + 0.14€ level: 1 - HandId: #2697292925640900609-3-1675116618 - Holdem no limit (10/20) - 2023/01/30 22:10:18 UTC
Table: 'Expresso Nitro(628012448)#0' 3-max (real money) Seat #2 is the button
Seat 1: Bilgekhan (620)
Seat 2: _SKR (280)
*** ANTE/BLINDS ***
_SKR posts small blind 10
Bilgekhan posts big blind 20
Dealt to _SKR [5s 6d]
*** PRE-FLOP *** 
_SKR folds
Bilgekhan collected 30 from pot
*** SUMMARY ***
Total pot 30 | No rake
Seat 1: Bilgekhan (big blind) won 30


Winamax Poker - Tournament "Expresso Nitro" buyIn: 1.86€ + 0.14€ level: 1 - HandId: #2697292925640900609-4-1675116624 - Holdem no limit (10/20) - 2023/01/30 22:10:24 UTC
Table: 'Expresso Nitro(628012448)#0' 3-max (real money) Seat #1 is the button
Seat 1: Bilgekhan (630)
Seat 2: _SKR (270)
*** ANTE/BLINDS ***
Bilgekhan posts small blind 10
_SKR posts big blind 20
Dealt to _SKR [4d 2h]
*** PRE-FLOP *** 
Bilgekhan calls 10
_SKR checks
*** FLOP *** [3h 5c 9h]
_SKR checks
Bilgekhan checks
*** TURN *** [3h 5c 9h][Qs]
_SKR checks
Bilgekhan bets 40
_SKR folds
Bilgekhan collected 80 from pot
*** SUMMARY ***
Total pot 80 | No rake
Board: [3h 5c 9h Qs]
Seat 1: Bilgekhan (small blind) (button) won 80


Winamax Poker - Tournament "Expresso Nitro" buyIn: 1.86€ + 0.14€ level: 2 - HandId: #2697292925640900609-5-1675116650 - Holdem no limit (15/30) - 2023/01/30 22:10:50 UTC
Table: 'Expresso Nitro(628012448)#0' 3-max (real money) Seat #2 is the button
Seat 1: Bilgekhan (650)
Seat 2: _SKR (250)
*** ANTE/BLINDS ***
_SKR posts small blind 15
Bilgekhan posts big blind 30
Dealt to _SKR [Qh Qc]
*** PRE-FLOP *** 
_SKR raises 220 to 250 and is all-in
Bilgekhan folds
_SKR collected 280 from pot
*** SUMMARY ***
Total pot 280 | No rake
Seat 2: _SKR (small blind) (button) won 280


Winamax Poker - Tournament "Expresso Nitro" buyIn: 1.86€ + 0.14€ level: 2 - HandId: #2697292925640900609-6-1675116657 - Holdem no limit (15/30) - 2023/01/30 22:10:57 UTC
Table: 'Expresso Nitro(628012448)#0' 3-max (real money) Seat #1 is the button
Seat 1: Bilgekhan (620)
Seat 2: _SKR (280)
*** ANTE/BLINDS ***
Bilgekhan posts small blind 15
_SKR posts big blind 30
Dealt to _SKR [9d Kd]
*** PRE-FLOP *** 
Bilgekhan calls 15
_SKR raises 250 to 280 and is all-in
Bilgekhan calls 250
*** FLOP *** [Td 9s 2s]
*** TURN *** [Td 9s 2s][Qd]
*** RIVER *** [Td 9s 2s Qd][9h]
*** SHOW DOWN ***
Bilgekhan shows [6s Js] (One pair : 9)
_SKR shows [9d Kd] (Trips of 9)
_SKR collected 560 from pot
*** SUMMARY ***
Total pot 560 | No rake
Board: [Td 9s 2s Qd 9h]
Seat 1: Bilgekhan (small blind) (button) showed [6s Js] and lost with One pair : 9
Seat 2: _SKR (big blind) showed [9d Kd] and won 560 with Trips of 9


Winamax Poker - Tournament "Expresso Nitro" buyIn: 1.86€ + 0.14€ level: 2 - HandId: #2697292925640900609-7-1675116671 - Holdem no limit (15/30) - 2023/01/30 22:11:11 UTC
Table: 'Expresso Nitro(628012448)#0' 3-max (real money) Seat #2 is the button
Seat 1: Bilgekhan (340)
Seat 2: _SKR (560)
*** ANTE/BLINDS ***
_SKR posts small blind 15
Bilgekhan posts big blind 30
Dealt to _SKR [4h Qs]
*** PRE-FLOP *** 
_SKR folds
Bilgekhan collected 45 from pot
*** SUMMARY ***
Total pot 45 | No rake
Seat 1: Bilgekhan (big blind) won 45


Winamax Poker - Tournament "Expresso Nitro" buyIn: 1.86€ + 0.14€ level: 2 - HandId: #2697292925640900609-8-1675116674 - Holdem no limit (15/30) - 2023/01/30 22:11:14 UTC
Table: 'Expresso Nitro(628012448)#0' 3-max (real money) Seat #1 is the button
Seat 1: Bilgekhan (355)
Seat 2: _SKR (545)
*** ANTE/BLINDS ***
Bilgekhan posts small blind 15
_SKR posts big blind 30
Dealt to _SKR [Ah 9h]
*** PRE-FLOP *** 
Bilgekhan folds
_SKR collected 45 from pot
*** SUMMARY ***
Total pot 45 | No rake
Seat 2: _SKR (big blind) won 45


Winamax Poker - Tournament "Expresso Nitro" buyIn: 1.86€ + 0.14€ level: 2 - HandId: #2697292925640900609-9-1675116678 - Holdem no limit (15/30) - 2023/01/30 22:11:18 UTC
Table: 'Expresso Nitro(628012448)#0' 3-max (real money) Seat #2 is the button
Seat 1: Bilgekhan (340)
Seat 2: _SKR (560)
*** ANTE/BLINDS ***
_SKR posts small blind 15
Bilgekhan posts big blind 30
Dealt to _SKR [5h 2s]
*** PRE-FLOP *** 
_SKR folds
Bilgekhan collected 45 from pot
*** SUMMARY ***
Total pot 45 | No rake
Seat 1: Bilgekhan (big blind) won 45


Winamax Poker - Tournament "Expresso Nitro" buyIn: 1.86€ + 0.14€ level: 2 - HandId: #2697292925640900609-10-1675116681 - Holdem no limit (15/30) - 2023/01/30 22:11:21 UTC
Table: 'Expresso Nitro(628012448)#0' 3-max (real money) Seat #1 is the button
Seat 1: Bilgekhan (355)
Seat 2: _SKR (545)
*** ANTE/BLINDS ***
Bilgekhan posts small blind 15
_SKR posts big blind 30
Dealt to _SKR [2s 8c]
*** PRE-FLOP *** 
Bilgekhan calls 15
_SKR checks
*** FLOP *** [Jc Ac Qc]
_SKR checks
Bilgekhan checks
*** TURN *** [Jc Ac Qc][4s]
_SKR checks
Bilgekhan checks
*** RIVER *** [Jc Ac Qc 4s][5c]
_SKR checks
Bilgekhan bets 60
_SKR calls 60
*** SHOW DOWN ***
_SKR shows [2s 8c] (Flush Ace high)
Bilgekhan shows [9c 5d] (Flush Ace high)
Bilgekhan collected 180 from pot
*** SUMMARY ***
Total pot 180 | No rake
Board: [Jc Ac Qc 4s 5c]
Seat 1: Bilgekhan (small blind) (button) showed [9c 5d] and won 180 with Flush Ace high
Seat 2: _SKR (big blind) showed [2s 8c] and lost with Flush Ace high


Winamax Poker - Tournament "Expresso Nitro" buyIn: 1.86€ + 0.14€ level: 3 - HandId: #2697292925640900609-11-1675116708 - Holdem no limit (20/40) - 2023/01/30 22:11:48 UTC
Table: 'Expresso Nitro(628012448)#0' 3-max (real money) Seat #2 is the button
Seat 1: Bilgekhan (445)
Seat 2: _SKR (455)
*** ANTE/BLINDS ***
_SKR posts small blind 20
Bilgekhan posts big blind 40
Dealt to _SKR [5c 9d]
*** PRE-FLOP *** 
_SKR folds
Bilgekhan collected 60 from pot
*** SUMMARY ***
Total pot 60 | No rake
Seat 1: Bilgekhan (big blind) won 60


Winamax Poker - Tournament "Expresso Nitro" buyIn: 1.86€ + 0.14€ level: 3 - HandId: #2697292925640900609-12-1675116712 - Holdem no limit (20/40) - 2023/01/30 22:11:52 UTC
Table: 'Expresso Nitro(628012448)#0' 3-max (real money) Seat #1 is the button
Seat 1: Bilgekhan (465)
Seat 2: _SKR (435)
*** ANTE/BLINDS ***
Bilgekhan posts small blind 20
_SKR posts big blind 40
Dealt to _SKR [9c 8d]
*** PRE-FLOP *** 
Bilgekhan calls 20
_SKR checks
*** FLOP *** [As 4s Qh]
_SKR checks
Bilgekhan bets 80
_SKR folds
Bilgekhan collected 160 from pot
*** SUMMARY ***
Total pot 160 | No rake
Board: [As 4s Qh]
Seat 1: Bilgekhan (small blind) (button) won 160


Winamax Poker - Tournament "Expresso Nitro" buyIn: 1.86€ + 0.14€ level: 3 - HandId: #2697292925640900609-13-1675116732 - Holdem no limit (20/40) - 2023/01/30 22:12:12 UTC
Table: 'Expresso Nitro(628012448)#0' 3-max (real money) Seat #2 is the button
Seat 1: Bilgekhan (505)
Seat 2: _SKR (395)
*** ANTE/BLINDS ***
_SKR posts small blind 20
Bilgekhan posts big blind 40
Dealt to _SKR [4d As]
*** PRE-FLOP *** 
_SKR raises 355 to 395 and is all-in
Bilgekhan folds
_SKR collected 435 from pot
*** SUMMARY ***
Total pot 435 | No rake
Seat 2: _SKR (small blind) (button) won 435


Winamax Poker - Tournament "Expresso Nitro" buyIn: 1.86€ + 0.14€ level: 3 - HandId: #2697292925640900609-14-1675116738 - Holdem no limit (20/40) - 2023/01/30 22:12:18 UTC
Table: 'Expresso Nitro(628012448)#0' 3-max (real money) Seat #1 is the button
Seat 1: Bilgekhan (465)
Seat 2: _SKR (435)
*** ANTE/BLINDS ***
Bilgekhan posts small blind 20
_SKR posts big blind 40
Dealt to _SKR [9c 7c]
*** PRE-FLOP *** 
Bilgekhan calls 20
_SKR checks
*** FLOP *** [4c 8c 7d]
_SKR checks
Bilgekhan bets 80
_SKR raises 315 to 395 and is all-in
Bilgekhan calls 315
*** TURN *** [4c 8c 7d][Td]
*** RIVER *** [4c 8c 7d Td][9h]
*** SHOW DOWN ***
_SKR shows [9c 7c] (Two pairs : 9 and 7)
Bilgekhan shows [7h 6s] (Straight Ten high)
Bilgekhan collected 870 from pot
*** SUMMARY ***
Total pot 870 | No rake
Board: [4c 8c 7d Td 9h]
Seat 1: Bilgekhan (small blind) (button) showed [7h 6s] and won 870 with Straight Ten high
Seat 2: _SKR (big blind) showed [9c 7c] and lost with Two pairs : 9 and 7


