Winamax Poker - Tournament "Expresso Nitro" buyIn: 0.93€ + 0.07€ level: 1 - HandId: #2717964083545505793-1-1676241383 - Holdem no limit (10/20) - 2023/02/12 22:36:23 UTC
Table: 'Expresso Nitro(632825327)#0' 3-max (real money) Seat #1 is the button
Seat 1: PoKAir-Max (300)
Seat 2: Pick.5681 (300)
Seat 3: _SKR (300)
*** ANTE/BLINDS ***
Pick.5681 posts small blind 10
_SKR posts big blind 20
Dealt to _SKR [Js Ts]
*** PRE-FLOP *** 
PoKAir-Max folds
Pick.5681 calls 10
_SKR raises 280 to 300 and is all-in
Pick.5681 calls 280 and is all-in
*** FLOP *** [3s 6d 8s]
*** TURN *** [3s 6d 8s][Jc]
*** RIVER *** [3s 6d 8s Jc][2s]
*** SHOW DOWN ***
Pick.5681 shows [Qc Kh] (High card : King)
_SKR shows [Js Ts] (Flush Jack high)
_SKR collected 600 from pot
*** SUMMARY ***
Total pot 600 | No rake
Board: [3s 6d 8s Jc 2s]
Seat 2: Pick.5681 (small blind) showed [Qc Kh] and lost with High card : King
Seat 3: _SKR (big blind) showed [Js Ts] and won 600 with Flush Jack high


Winamax Poker - Tournament "Expresso Nitro" buyIn: 0.93€ + 0.07€ level: 1 - HandId: #2717964083545505793-2-1676241412 - Holdem no limit (10/20) - 2023/02/12 22:36:52 UTC
Table: 'Expresso Nitro(632825327)#0' 3-max (real money) Seat #3 is the button
Seat 1: PoKAir-Max (300)
Seat 3: _SKR (600)
*** ANTE/BLINDS ***
_SKR posts small blind 10
PoKAir-Max posts big blind 20
Dealt to _SKR [3s 5d]
*** PRE-FLOP *** 
_SKR folds
PoKAir-Max collected 30 from pot
*** SUMMARY ***
Total pot 30 | No rake
Seat 1: PoKAir-Max (big blind) won 30


Winamax Poker - Tournament "Expresso Nitro" buyIn: 0.93€ + 0.07€ level: 1 - HandId: #2717964083545505793-3-1676241420 - Holdem no limit (10/20) - 2023/02/12 22:37:00 UTC
Table: 'Expresso Nitro(632825327)#0' 3-max (real money) Seat #1 is the button
Seat 1: PoKAir-Max (310)
Seat 3: _SKR (590)
*** ANTE/BLINDS ***
PoKAir-Max posts small blind 10
_SKR posts big blind 20
Dealt to _SKR [Ks 3c]
*** PRE-FLOP *** 
PoKAir-Max calls 10
_SKR checks
*** FLOP *** [Kh 9c 7d]
_SKR checks
PoKAir-Max checks
*** TURN *** [Kh 9c 7d][6s]
_SKR bets 26
PoKAir-Max folds
_SKR collected 66 from pot
*** SUMMARY ***
Total pot 66 | No rake
Board: [Kh 9c 7d 6s]
Seat 3: _SKR (big blind) won 66


Winamax Poker - Tournament "Expresso Nitro" buyIn: 0.93€ + 0.07€ level: 1 - HandId: #2717964083545505793-4-1676241431 - Holdem no limit (10/20) - 2023/02/12 22:37:11 UTC
Table: 'Expresso Nitro(632825327)#0' 3-max (real money) Seat #3 is the button
Seat 1: PoKAir-Max (290)
Seat 3: _SKR (610)
*** ANTE/BLINDS ***
_SKR posts small blind 10
PoKAir-Max posts big blind 20
Dealt to _SKR [Js Qc]
*** PRE-FLOP *** 
_SKR raises 590 to 610 and is all-in
PoKAir-Max calls 270 and is all-in
*** FLOP *** [6d Kh 2h]
*** TURN *** [6d Kh 2h][7s]
*** RIVER *** [6d Kh 2h 7s][4d]
*** SHOW DOWN ***
PoKAir-Max shows [7c 7d] (Trips of 7)
_SKR shows [Js Qc] (High card : King)
_SKR collected 320 from side pot 1
PoKAir-Max collected 580 from main pot
*** SUMMARY ***
Total pot 900 | No rake
Board: [6d Kh 2h 7s 4d]
Seat 1: PoKAir-Max (big blind) showed [7c 7d] and won 580 with Trips of 7
Seat 3: _SKR (small blind) (button) showed [Js Qc] and won 320 with High card : King


Winamax Poker - Tournament "Expresso Nitro" buyIn: 0.93€ + 0.07€ level: 2 - HandId: #2717964083545505793-5-1676241442 - Holdem no limit (15/30) - 2023/02/12 22:37:22 UTC
Table: 'Expresso Nitro(632825327)#0' 3-max (real money) Seat #1 is the button
Seat 1: PoKAir-Max (580)
Seat 3: _SKR (320)
*** ANTE/BLINDS ***
PoKAir-Max posts small blind 15
_SKR posts big blind 30
Dealt to _SKR [4c 8h]
*** PRE-FLOP *** 
PoKAir-Max raises 550 to 580 and is all-in
_SKR folds
PoKAir-Max collected 610 from pot
*** SUMMARY ***
Total pot 610 | No rake
Seat 1: PoKAir-Max (small blind) (button) won 610


Winamax Poker - Tournament "Expresso Nitro" buyIn: 0.93€ + 0.07€ level: 2 - HandId: #2717964083545505793-6-1676241451 - Holdem no limit (15/30) - 2023/02/12 22:37:31 UTC
Table: 'Expresso Nitro(632825327)#0' 3-max (real money) Seat #3 is the button
Seat 1: PoKAir-Max (610)
Seat 3: _SKR (290)
*** ANTE/BLINDS ***
_SKR posts small blind 15
PoKAir-Max posts big blind 30
Dealt to _SKR [7s As]
*** PRE-FLOP *** 
_SKR raises 260 to 290 and is all-in
PoKAir-Max folds
_SKR collected 320 from pot
*** SUMMARY ***
Total pot 320 | No rake
Seat 3: _SKR (small blind) (button) won 320


Winamax Poker - Tournament "Expresso Nitro" buyIn: 0.93€ + 0.07€ level: 2 - HandId: #2717964083545505793-7-1676241459 - Holdem no limit (15/30) - 2023/02/12 22:37:39 UTC
Table: 'Expresso Nitro(632825327)#0' 3-max (real money) Seat #1 is the button
Seat 1: PoKAir-Max (580)
Seat 3: _SKR (320)
*** ANTE/BLINDS ***
PoKAir-Max posts small blind 15
_SKR posts big blind 30
Dealt to _SKR [4c Ad]
*** PRE-FLOP *** 
PoKAir-Max folds
_SKR collected 45 from pot
*** SUMMARY ***
Total pot 45 | No rake
Seat 3: _SKR (big blind) won 45


Winamax Poker - Tournament "Expresso Nitro" buyIn: 0.93€ + 0.07€ level: 2 - HandId: #2717964083545505793-8-1676241464 - Holdem no limit (15/30) - 2023/02/12 22:37:44 UTC
Table: 'Expresso Nitro(632825327)#0' 3-max (real money) Seat #3 is the button
Seat 1: PoKAir-Max (565)
Seat 3: _SKR (335)
*** ANTE/BLINDS ***
_SKR posts small blind 15
PoKAir-Max posts big blind 30
Dealt to _SKR [5h 9h]
*** PRE-FLOP *** 
_SKR folds
PoKAir-Max collected 45 from pot
*** SUMMARY ***
Total pot 45 | No rake
Seat 1: PoKAir-Max (big blind) won 45


Winamax Poker - Tournament "Expresso Nitro" buyIn: 0.93€ + 0.07€ level: 2 - HandId: #2717964083545505793-9-1676241470 - Holdem no limit (15/30) - 2023/02/12 22:37:50 UTC
Table: 'Expresso Nitro(632825327)#0' 3-max (real money) Seat #1 is the button
Seat 1: PoKAir-Max (580)
Seat 3: _SKR (320)
*** ANTE/BLINDS ***
PoKAir-Max posts small blind 15
_SKR posts big blind 30
Dealt to _SKR [8h 5c]
*** PRE-FLOP *** 
PoKAir-Max raises 550 to 580 and is all-in
_SKR folds
PoKAir-Max collected 610 from pot
*** SUMMARY ***
Total pot 610 | No rake
Seat 1: PoKAir-Max (small blind) (button) won 610


Winamax Poker - Tournament "Expresso Nitro" buyIn: 0.93€ + 0.07€ level: 2 - HandId: #2717964083545505793-10-1676241477 - Holdem no limit (15/30) - 2023/02/12 22:37:57 UTC
Table: 'Expresso Nitro(632825327)#0' 3-max (real money) Seat #3 is the button
Seat 1: PoKAir-Max (610)
Seat 3: _SKR (290)
*** ANTE/BLINDS ***
_SKR posts small blind 15
PoKAir-Max posts big blind 30
Dealt to _SKR [Qh 8h]
*** PRE-FLOP *** 
_SKR raises 260 to 290 and is all-in
PoKAir-Max folds
_SKR collected 320 from pot
*** SUMMARY ***
Total pot 320 | No rake
Seat 3: _SKR (small blind) (button) won 320


Winamax Poker - Tournament "Expresso Nitro" buyIn: 0.93€ + 0.07€ level: 2 - HandId: #2717964083545505793-11-1676241488 - Holdem no limit (15/30) - 2023/02/12 22:38:08 UTC
Table: 'Expresso Nitro(632825327)#0' 3-max (real money) Seat #1 is the button
Seat 1: PoKAir-Max (580)
Seat 3: _SKR (320)
*** ANTE/BLINDS ***
PoKAir-Max posts small blind 15
_SKR posts big blind 30
Dealt to _SKR [9s Td]
*** PRE-FLOP *** 
PoKAir-Max folds
_SKR collected 45 from pot
*** SUMMARY ***
Total pot 45 | No rake
Seat 3: _SKR (big blind) won 45


Winamax Poker - Tournament "Expresso Nitro" buyIn: 0.93€ + 0.07€ level: 2 - HandId: #2717964083545505793-12-1676241492 - Holdem no limit (15/30) - 2023/02/12 22:38:12 UTC
Table: 'Expresso Nitro(632825327)#0' 3-max (real money) Seat #3 is the button
Seat 1: PoKAir-Max (565)
Seat 3: _SKR (335)
*** ANTE/BLINDS ***
_SKR posts small blind 15
PoKAir-Max posts big blind 30
Dealt to _SKR [Ts Jh]
*** PRE-FLOP *** 
_SKR folds
PoKAir-Max collected 45 from pot
*** SUMMARY ***
Total pot 45 | No rake
Seat 1: PoKAir-Max (big blind) won 45


Winamax Poker - Tournament "Expresso Nitro" buyIn: 0.93€ + 0.07€ level: 3 - HandId: #2717964083545505793-13-1676241506 - Holdem no limit (20/40) - 2023/02/12 22:38:26 UTC
Table: 'Expresso Nitro(632825327)#0' 3-max (real money) Seat #1 is the button
Seat 1: PoKAir-Max (580)
Seat 3: _SKR (320)
*** ANTE/BLINDS ***
PoKAir-Max posts small blind 20
_SKR posts big blind 40
Dealt to _SKR [4s 2c]
*** PRE-FLOP *** 
PoKAir-Max raises 540 to 580 and is all-in
_SKR folds
PoKAir-Max collected 620 from pot
*** SUMMARY ***
Total pot 620 | No rake
Seat 1: PoKAir-Max (small blind) (button) won 620


Winamax Poker - Tournament "Expresso Nitro" buyIn: 0.93€ + 0.07€ level: 3 - HandId: #2717964083545505793-14-1676241516 - Holdem no limit (20/40) - 2023/02/12 22:38:36 UTC
Table: 'Expresso Nitro(632825327)#0' 3-max (real money) Seat #3 is the button
Seat 1: PoKAir-Max (620)
Seat 3: _SKR (280)
*** ANTE/BLINDS ***
_SKR posts small blind 20
PoKAir-Max posts big blind 40
Dealt to _SKR [3d 6h]
*** PRE-FLOP *** 
_SKR folds
PoKAir-Max collected 60 from pot
*** SUMMARY ***
Total pot 60 | No rake
Seat 1: PoKAir-Max (big blind) won 60


Winamax Poker - Tournament "Expresso Nitro" buyIn: 0.93€ + 0.07€ level: 3 - HandId: #2717964083545505793-15-1676241520 - Holdem no limit (20/40) - 2023/02/12 22:38:40 UTC
Table: 'Expresso Nitro(632825327)#0' 3-max (real money) Seat #1 is the button
Seat 1: PoKAir-Max (640)
Seat 3: _SKR (260)
*** ANTE/BLINDS ***
PoKAir-Max posts small blind 20
_SKR posts big blind 40
Dealt to _SKR [4h Ah]
*** PRE-FLOP *** 
PoKAir-Max folds
_SKR collected 60 from pot
*** SUMMARY ***
Total pot 60 | No rake
Seat 3: _SKR (big blind) won 60


Winamax Poker - Tournament "Expresso Nitro" buyIn: 0.93€ + 0.07€ level: 3 - HandId: #2717964083545505793-16-1676241524 - Holdem no limit (20/40) - 2023/02/12 22:38:44 UTC
Table: 'Expresso Nitro(632825327)#0' 3-max (real money) Seat #3 is the button
Seat 1: PoKAir-Max (620)
Seat 3: _SKR (280)
*** ANTE/BLINDS ***
_SKR posts small blind 20
PoKAir-Max posts big blind 40
Dealt to _SKR [Tc 5c]
*** PRE-FLOP *** 
_SKR folds
PoKAir-Max collected 60 from pot
*** SUMMARY ***
Total pot 60 | No rake
Seat 1: PoKAir-Max (big blind) won 60


Winamax Poker - Tournament "Expresso Nitro" buyIn: 0.93€ + 0.07€ level: 3 - HandId: #2717964083545505793-17-1676241528 - Holdem no limit (20/40) - 2023/02/12 22:38:48 UTC
Table: 'Expresso Nitro(632825327)#0' 3-max (real money) Seat #1 is the button
Seat 1: PoKAir-Max (640)
Seat 3: _SKR (260)
*** ANTE/BLINDS ***
PoKAir-Max posts small blind 20
_SKR posts big blind 40
Dealt to _SKR [Ah 2s]
*** PRE-FLOP *** 
PoKAir-Max folds
_SKR collected 60 from pot
*** SUMMARY ***
Total pot 60 | No rake
Seat 3: _SKR (big blind) won 60


Winamax Poker - Tournament "Expresso Nitro" buyIn: 0.93€ + 0.07€ level: 3 - HandId: #2717964083545505793-18-1676241531 - Holdem no limit (20/40) - 2023/02/12 22:38:51 UTC
Table: 'Expresso Nitro(632825327)#0' 3-max (real money) Seat #3 is the button
Seat 1: PoKAir-Max (620)
Seat 3: _SKR (280)
*** ANTE/BLINDS ***
_SKR posts small blind 20
PoKAir-Max posts big blind 40
Dealt to _SKR [Kh Js]
*** PRE-FLOP *** 
_SKR raises 240 to 280 and is all-in
PoKAir-Max folds
_SKR collected 320 from pot
*** SUMMARY ***
Total pot 320 | No rake
Seat 3: _SKR (small blind) (button) won 320


Winamax Poker - Tournament "Expresso Nitro" buyIn: 0.93€ + 0.07€ level: 3 - HandId: #2717964083545505793-19-1676241537 - Holdem no limit (20/40) - 2023/02/12 22:38:57 UTC
Table: 'Expresso Nitro(632825327)#0' 3-max (real money) Seat #1 is the button
Seat 1: PoKAir-Max (580)
Seat 3: _SKR (320)
*** ANTE/BLINDS ***
PoKAir-Max posts small blind 20
_SKR posts big blind 40
Dealt to _SKR [7d 7s]
*** PRE-FLOP *** 
PoKAir-Max raises 540 to 580 and is all-in
_SKR calls 280 and is all-in
*** FLOP *** [8h 4c Qh]
*** TURN *** [8h 4c Qh][9h]
*** RIVER *** [8h 4c Qh 9h][2s]
*** SHOW DOWN ***
PoKAir-Max shows [Kd Td] (High card : King)
_SKR shows [7d 7s] (One pair : 7)
_SKR collected 640 from main pot
PoKAir-Max collected 260 from side pot 1
*** SUMMARY ***
Total pot 900 | No rake
Board: [8h 4c Qh 9h 2s]
Seat 1: PoKAir-Max (small blind) (button) showed [Kd Td] and won 260 with High card : King
Seat 3: _SKR (big blind) showed [7d 7s] and won 640 with One pair : 7


Winamax Poker - Tournament "Expresso Nitro" buyIn: 0.93€ + 0.07€ level: 3 - HandId: #2717964083545505793-20-1676241555 - Holdem no limit (20/40) - 2023/02/12 22:39:15 UTC
Table: 'Expresso Nitro(632825327)#0' 3-max (real money) Seat #3 is the button
Seat 1: PoKAir-Max (260)
Seat 3: _SKR (640)
*** ANTE/BLINDS ***
_SKR posts small blind 20
PoKAir-Max posts big blind 40
Dealt to _SKR [Ac Ks]
*** PRE-FLOP *** 
_SKR raises 600 to 640 and is all-in
PoKAir-Max calls 220 and is all-in
*** FLOP *** [4s 6d 4c]
*** TURN *** [4s 6d 4c][9h]
*** RIVER *** [4s 6d 4c 9h][Ts]
*** SHOW DOWN ***
PoKAir-Max shows [As 7d] (One pair : 4)
_SKR shows [Ac Ks] (One pair : 4)
_SKR collected 900 from pot
*** SUMMARY ***
Total pot 900 | No rake
Board: [4s 6d 4c 9h Ts]
Seat 1: PoKAir-Max (big blind) showed [As 7d] and lost with One pair : 4
Seat 3: _SKR (small blind) (button) showed [Ac Ks] and won 900 with One pair : 4


