Winamax Poker - Tournament "Expresso Nitro" buyIn: 1.86€ + 0.14€ level: 1 - HandId: #2696579265285062657-1-1675088090 - Holdem no limit (10/20) - 2023/01/30 14:14:50 UTC
Table: 'Expresso Nitro(627846286)#0' 3-max (real money) Seat #3 is the button
Seat 1: Lecler28 (300)
Seat 2: El Loco Fish (300)
Seat 3: _SKR (300)
*** ANTE/BLINDS ***
Lecler28 posts small blind 10
El Loco Fish posts big blind 20
Dealt to _SKR [4s Qs]
*** PRE-FLOP *** 
_SKR folds
Lecler28 calls 10
El Loco Fish raises 280 to 300 and is all-in
Lecler28 folds
El Loco Fish collected 320 from pot
*** SUMMARY ***
Total pot 320 | No rake
Seat 2: El Loco Fish (big blind) won 320


Winamax Poker - Tournament "Expresso Nitro" buyIn: 1.86€ + 0.14€ level: 1 - HandId: #2696579265285062657-2-1675088099 - Holdem no limit (10/20) - 2023/01/30 14:14:59 UTC
Table: 'Expresso Nitro(627846286)#0' 3-max (real money) Seat #1 is the button
Seat 1: Lecler28 (280)
Seat 2: El Loco Fish (320)
Seat 3: _SKR (300)
*** ANTE/BLINDS ***
El Loco Fish posts small blind 10
_SKR posts big blind 20
Dealt to _SKR [Jh 5s]
*** PRE-FLOP *** 
Lecler28 folds
El Loco Fish calls 10
_SKR checks
*** FLOP *** [9c 6s 7c]
El Loco Fish checks
_SKR checks
*** TURN *** [9c 6s 7c][3s]
El Loco Fish checks
_SKR checks
*** RIVER *** [9c 6s 7c 3s][7d]
El Loco Fish checks
_SKR checks
*** SHOW DOWN ***
_SKR shows [Jh 5s] (One pair : 7)
El Loco Fish shows [Ah 4c] (One pair : 7)
El Loco Fish collected 40 from pot
*** SUMMARY ***
Total pot 40 | No rake
Board: [9c 6s 7c 3s 7d]
Seat 2: El Loco Fish (small blind) showed [Ah 4c] and won 40 with One pair : 7
Seat 3: _SKR (big blind) showed [Jh 5s] and lost with One pair : 7


Winamax Poker - Tournament "Expresso Nitro" buyIn: 1.86€ + 0.14€ level: 1 - HandId: #2696579265285062657-3-1675088141 - Holdem no limit (10/20) - 2023/01/30 14:15:41 UTC
Table: 'Expresso Nitro(627846286)#0' 3-max (real money) Seat #2 is the button
Seat 1: Lecler28 (280)
Seat 2: El Loco Fish (340)
Seat 3: _SKR (280)
*** ANTE/BLINDS ***
_SKR posts small blind 10
Lecler28 posts big blind 20
Dealt to _SKR [7h 2h]
*** PRE-FLOP *** 
El Loco Fish raises 320 to 340 and is all-in
_SKR folds
Lecler28 folds
El Loco Fish collected 370 from pot
*** SUMMARY ***
Total pot 370 | No rake
Seat 2: El Loco Fish (button) won 370


Winamax Poker - Tournament "Expresso Nitro" buyIn: 1.86€ + 0.14€ level: 2 - HandId: #2696579265285062657-4-1675088150 - Holdem no limit (15/30) - 2023/01/30 14:15:50 UTC
Table: 'Expresso Nitro(627846286)#0' 3-max (real money) Seat #3 is the button
Seat 1: Lecler28 (260)
Seat 2: El Loco Fish (370)
Seat 3: _SKR (270)
*** ANTE/BLINDS ***
Lecler28 posts small blind 15
El Loco Fish posts big blind 30
Dealt to _SKR [8h Tc]
*** PRE-FLOP *** 
_SKR folds
Lecler28 calls 15
El Loco Fish checks
*** FLOP *** [3d 6h 5s]
Lecler28 checks
El Loco Fish checks
*** TURN *** [3d 6h 5s][Ks]
Lecler28 checks
El Loco Fish checks
*** RIVER *** [3d 6h 5s Ks][3c]
Lecler28 bets 60
El Loco Fish folds
Lecler28 collected 120 from pot
*** SUMMARY ***
Total pot 120 | No rake
Board: [3d 6h 5s Ks 3c]
Seat 1: Lecler28 (small blind) won 120


Winamax Poker - Tournament "Expresso Nitro" buyIn: 1.86€ + 0.14€ level: 2 - HandId: #2696579265285062657-5-1675088174 - Holdem no limit (15/30) - 2023/01/30 14:16:14 UTC
Table: 'Expresso Nitro(627846286)#0' 3-max (real money) Seat #1 is the button
Seat 1: Lecler28 (290)
Seat 2: El Loco Fish (340)
Seat 3: _SKR (270)
*** ANTE/BLINDS ***
El Loco Fish posts small blind 15
_SKR posts big blind 30
Dealt to _SKR [9s 7c]
*** PRE-FLOP *** 
Lecler28 calls 30
El Loco Fish folds
_SKR checks
*** FLOP *** [6c 2c As]
_SKR checks
Lecler28 bets 75
_SKR folds
Lecler28 collected 150 from pot
*** SUMMARY ***
Total pot 150 | No rake
Board: [6c 2c As]
Seat 1: Lecler28 (button) won 150


Winamax Poker - Tournament "Expresso Nitro" buyIn: 1.86€ + 0.14€ level: 2 - HandId: #2696579265285062657-6-1675088195 - Holdem no limit (15/30) - 2023/01/30 14:16:35 UTC
Table: 'Expresso Nitro(627846286)#0' 3-max (real money) Seat #2 is the button
Seat 1: Lecler28 (335)
Seat 2: El Loco Fish (325)
Seat 3: _SKR (240)
*** ANTE/BLINDS ***
_SKR posts small blind 15
Lecler28 posts big blind 30
Dealt to _SKR [8h 5h]
*** PRE-FLOP *** 
El Loco Fish folds
_SKR folds
Lecler28 collected 45 from pot
*** SUMMARY ***
Total pot 45 | No rake
Seat 1: Lecler28 (big blind) won 45


Winamax Poker - Tournament "Expresso Nitro" buyIn: 1.86€ + 0.14€ level: 2 - HandId: #2696579265285062657-7-1675088204 - Holdem no limit (15/30) - 2023/01/30 14:16:44 UTC
Table: 'Expresso Nitro(627846286)#0' 3-max (real money) Seat #3 is the button
Seat 1: Lecler28 (350)
Seat 2: El Loco Fish (325)
Seat 3: _SKR (225)
*** ANTE/BLINDS ***
Lecler28 posts small blind 15
El Loco Fish posts big blind 30
Dealt to _SKR [8d 2c]
*** PRE-FLOP *** 
_SKR folds
Lecler28 calls 15
El Loco Fish checks
*** FLOP *** [Qh 4d 8h]
Lecler28 checks
El Loco Fish checks
*** TURN *** [Qh 4d 8h][2d]
Lecler28 checks
El Loco Fish checks
*** RIVER *** [Qh 4d 8h 2d][Jh]
Lecler28 bets 39
El Loco Fish raises 76 to 115
Lecler28 calls 76
*** SHOW DOWN ***
Lecler28 shows [9h Jd] (One pair : Jacks)
El Loco Fish shows [4c Jc] (Two pairs : Jacks and 4)
El Loco Fish collected 290 from pot
*** SUMMARY ***
Total pot 290 | No rake
Board: [Qh 4d 8h 2d Jh]
Seat 1: Lecler28 (small blind) showed [9h Jd] and lost with One pair : Jacks
Seat 2: El Loco Fish (big blind) showed [4c Jc] and won 290 with Two pairs : Jacks and 4


Winamax Poker - Tournament "Expresso Nitro" buyIn: 1.86€ + 0.14€ level: 3 - HandId: #2696579265285062657-8-1675088230 - Holdem no limit (20/40) - 2023/01/30 14:17:10 UTC
Table: 'Expresso Nitro(627846286)#0' 3-max (real money) Seat #1 is the button
Seat 1: Lecler28 (205)
Seat 2: El Loco Fish (470)
Seat 3: _SKR (225)
*** ANTE/BLINDS ***
El Loco Fish posts small blind 20
_SKR posts big blind 40
Dealt to _SKR [2c 2d]
*** PRE-FLOP *** 
Lecler28 folds
El Loco Fish folds
_SKR collected 60 from pot
*** SUMMARY ***
Total pot 60 | No rake
Seat 3: _SKR (big blind) won 60


Winamax Poker - Tournament "Expresso Nitro" buyIn: 1.86€ + 0.14€ level: 3 - HandId: #2696579265285062657-9-1675088233 - Holdem no limit (20/40) - 2023/01/30 14:17:13 UTC
Table: 'Expresso Nitro(627846286)#0' 3-max (real money) Seat #2 is the button
Seat 1: Lecler28 (205)
Seat 2: El Loco Fish (450)
Seat 3: _SKR (245)
*** ANTE/BLINDS ***
_SKR posts small blind 20
Lecler28 posts big blind 40
Dealt to _SKR [6d Jd]
*** PRE-FLOP *** 
El Loco Fish folds
_SKR raises 205 to 245 and is all-in
Lecler28 folds
_SKR collected 285 from pot
*** SUMMARY ***
Total pot 285 | No rake
Seat 3: _SKR (small blind) won 285


Winamax Poker - Tournament "Expresso Nitro" buyIn: 1.86€ + 0.14€ level: 3 - HandId: #2696579265285062657-10-1675088241 - Holdem no limit (20/40) - 2023/01/30 14:17:21 UTC
Table: 'Expresso Nitro(627846286)#0' 3-max (real money) Seat #3 is the button
Seat 1: Lecler28 (165)
Seat 2: El Loco Fish (450)
Seat 3: _SKR (285)
*** ANTE/BLINDS ***
Lecler28 posts small blind 20
El Loco Fish posts big blind 40
Dealt to _SKR [4h 7s]
*** PRE-FLOP *** 
_SKR folds
Lecler28 calls 20
El Loco Fish checks
*** FLOP *** [9s 4s 9d]
Lecler28 checks
El Loco Fish checks
*** TURN *** [9s 4s 9d][Ks]
Lecler28 checks
El Loco Fish checks
*** RIVER *** [9s 4s 9d Ks][4c]
Lecler28 checks
El Loco Fish checks
*** SHOW DOWN ***
Lecler28 shows [Jd 2d] (Two pairs : 9 and 4)
El Loco Fish shows [5c Tc] (Two pairs : 9 and 4)
El Loco Fish collected 40 from pot
Lecler28 collected 40 from pot
*** SUMMARY ***
Total pot 80 | No rake
Board: [9s 4s 9d Ks 4c]
Seat 1: Lecler28 (small blind) showed [Jd 2d] and won 40 with Two pairs : 9 and 4
Seat 2: El Loco Fish (big blind) showed [5c Tc] and won 40 with Two pairs : 9 and 4


Winamax Poker - Tournament "Expresso Nitro" buyIn: 1.86€ + 0.14€ level: 3 - HandId: #2696579265285062657-11-1675088253 - Holdem no limit (20/40) - 2023/01/30 14:17:33 UTC
Table: 'Expresso Nitro(627846286)#0' 3-max (real money) Seat #1 is the button
Seat 1: Lecler28 (165)
Seat 2: El Loco Fish (450)
Seat 3: _SKR (285)
*** ANTE/BLINDS ***
El Loco Fish posts small blind 20
_SKR posts big blind 40
Dealt to _SKR [5h 4h]
*** PRE-FLOP *** 
Lecler28 folds
El Loco Fish raises 40 to 80
_SKR folds
El Loco Fish collected 120 from pot
*** SUMMARY ***
Total pot 120 | No rake
Seat 2: El Loco Fish (small blind) won 120


Winamax Poker - Tournament "Expresso Nitro" buyIn: 1.86€ + 0.14€ level: 3 - HandId: #2696579265285062657-12-1675088260 - Holdem no limit (20/40) - 2023/01/30 14:17:40 UTC
Table: 'Expresso Nitro(627846286)#0' 3-max (real money) Seat #2 is the button
Seat 1: Lecler28 (165)
Seat 2: El Loco Fish (490)
Seat 3: _SKR (245)
*** ANTE/BLINDS ***
_SKR posts small blind 20
Lecler28 posts big blind 40
Dealt to _SKR [5h 2h]
*** PRE-FLOP *** 
El Loco Fish folds
_SKR folds
Lecler28 collected 60 from pot
*** SUMMARY ***
Total pot 60 | No rake
Seat 1: Lecler28 (big blind) won 60


Winamax Poker - Tournament "Expresso Nitro" buyIn: 1.86€ + 0.14€ level: 3 - HandId: #2696579265285062657-13-1675088264 - Holdem no limit (20/40) - 2023/01/30 14:17:44 UTC
Table: 'Expresso Nitro(627846286)#0' 3-max (real money) Seat #3 is the button
Seat 1: Lecler28 (185)
Seat 2: El Loco Fish (490)
Seat 3: _SKR (225)
*** ANTE/BLINDS ***
Lecler28 posts small blind 20
El Loco Fish posts big blind 40
Dealt to _SKR [Jd Jh]
*** PRE-FLOP *** 
_SKR raises 185 to 225 and is all-in
Lecler28 folds
El Loco Fish folds
_SKR collected 285 from pot
*** SUMMARY ***
Total pot 285 | No rake
Seat 3: _SKR (button) won 285


Winamax Poker - Tournament "Expresso Nitro" buyIn: 1.86€ + 0.14€ level: 4 - HandId: #2696579265285062657-14-1675088269 - Holdem no limit (30/60) - 2023/01/30 14:17:49 UTC
Table: 'Expresso Nitro(627846286)#0' 3-max (real money) Seat #1 is the button
Seat 1: Lecler28 (165)
Seat 2: El Loco Fish (450)
Seat 3: _SKR (285)
*** ANTE/BLINDS ***
El Loco Fish posts small blind 30
_SKR posts big blind 60
Dealt to _SKR [2c 2h]
*** PRE-FLOP *** 
Lecler28 folds
El Loco Fish folds
_SKR collected 90 from pot
*** SUMMARY ***
Total pot 90 | No rake
Seat 3: _SKR (big blind) won 90


Winamax Poker - Tournament "Expresso Nitro" buyIn: 1.86€ + 0.14€ level: 4 - HandId: #2696579265285062657-15-1675088273 - Holdem no limit (30/60) - 2023/01/30 14:17:53 UTC
Table: 'Expresso Nitro(627846286)#0' 3-max (real money) Seat #2 is the button
Seat 1: Lecler28 (165)
Seat 2: El Loco Fish (420)
Seat 3: _SKR (315)
*** ANTE/BLINDS ***
_SKR posts small blind 30
Lecler28 posts big blind 60
Dealt to _SKR [8d Qc]
*** PRE-FLOP *** 
El Loco Fish calls 60
_SKR raises 255 to 315 and is all-in
Lecler28 folds
El Loco Fish folds
_SKR collected 435 from pot
*** SUMMARY ***
Total pot 435 | No rake
Seat 3: _SKR (small blind) won 435


Winamax Poker - Tournament "Expresso Nitro" buyIn: 1.86€ + 0.14€ level: 4 - HandId: #2696579265285062657-16-1675088284 - Holdem no limit (30/60) - 2023/01/30 14:18:04 UTC
Table: 'Expresso Nitro(627846286)#0' 3-max (real money) Seat #3 is the button
Seat 1: Lecler28 (105)
Seat 2: El Loco Fish (360)
Seat 3: _SKR (435)
*** ANTE/BLINDS ***
Lecler28 posts small blind 30
El Loco Fish posts big blind 60
Dealt to _SKR [Js Jh]
*** PRE-FLOP *** 
_SKR raises 375 to 435 and is all-in
Lecler28 folds
El Loco Fish folds
_SKR collected 525 from pot
*** SUMMARY ***
Total pot 525 | No rake
Seat 3: _SKR (button) won 525


Winamax Poker - Tournament "Expresso Nitro" buyIn: 1.86€ + 0.14€ level: 4 - HandId: #2696579265285062657-17-1675088293 - Holdem no limit (30/60) - 2023/01/30 14:18:13 UTC
Table: 'Expresso Nitro(627846286)#0' 3-max (real money) Seat #1 is the button
Seat 1: Lecler28 (75)
Seat 2: El Loco Fish (300)
Seat 3: _SKR (525)
*** ANTE/BLINDS ***
El Loco Fish posts small blind 30
_SKR posts big blind 60
Dealt to _SKR [As 2c]
*** PRE-FLOP *** 
Lecler28 raises 15 to 75 and is all-in
El Loco Fish folds
_SKR calls 15
*** FLOP *** [2s 5s 3h]
*** TURN *** [2s 5s 3h][3c]
*** RIVER *** [2s 5s 3h 3c][6c]
*** SHOW DOWN ***
Lecler28 shows [Ks 7h] (One pair : 3)
_SKR shows [As 2c] (Two pairs : 3 and 2)
_SKR collected 180 from pot
*** SUMMARY ***
Total pot 180 | No rake
Board: [2s 5s 3h 3c 6c]
Seat 1: Lecler28 (button) showed [Ks 7h] and lost with One pair : 3
Seat 3: _SKR (big blind) showed [As 2c] and won 180 with Two pairs : 3 and 2


Winamax Poker - Tournament "Expresso Nitro" buyIn: 1.86€ + 0.14€ level: 4 - HandId: #2696579265285062657-18-1675088306 - Holdem no limit (30/60) - 2023/01/30 14:18:26 UTC
Table: 'Expresso Nitro(627846286)#0' 3-max (real money) Seat #3 is the button
Seat 2: El Loco Fish (270)
Seat 3: _SKR (630)
*** ANTE/BLINDS ***
_SKR posts small blind 30
El Loco Fish posts big blind 60
Dealt to _SKR [9d 3d]
*** PRE-FLOP *** 
_SKR folds
El Loco Fish collected 90 from pot
*** SUMMARY ***
Total pot 90 | No rake
Seat 2: El Loco Fish (big blind) won 90


Winamax Poker - Tournament "Expresso Nitro" buyIn: 1.86€ + 0.14€ level: 4 - HandId: #2696579265285062657-19-1675088310 - Holdem no limit (30/60) - 2023/01/30 14:18:30 UTC
Table: 'Expresso Nitro(627846286)#0' 3-max (real money) Seat #2 is the button
Seat 2: El Loco Fish (300)
Seat 3: _SKR (600)
*** ANTE/BLINDS ***
El Loco Fish posts small blind 30
_SKR posts big blind 60
Dealt to _SKR [3c 9c]
*** PRE-FLOP *** 
El Loco Fish raises 240 to 300 and is all-in
_SKR folds
El Loco Fish collected 360 from pot
*** SUMMARY ***
Total pot 360 | No rake
Seat 2: El Loco Fish (small blind) (button) won 360


Winamax Poker - Tournament "Expresso Nitro" buyIn: 1.86€ + 0.14€ level: 4 - HandId: #2696579265285062657-20-1675088314 - Holdem no limit (30/60) - 2023/01/30 14:18:34 UTC
Table: 'Expresso Nitro(627846286)#0' 3-max (real money) Seat #3 is the button
Seat 2: El Loco Fish (360)
Seat 3: _SKR (540)
*** ANTE/BLINDS ***
_SKR posts small blind 30
El Loco Fish posts big blind 60
Dealt to _SKR [Kd 7h]
*** PRE-FLOP *** 
_SKR raises 480 to 540 and is all-in
El Loco Fish folds
_SKR collected 600 from pot
*** SUMMARY ***
Total pot 600 | No rake
Seat 3: _SKR (small blind) (button) won 600


Winamax Poker - Tournament "Expresso Nitro" buyIn: 1.86€ + 0.14€ level: 4 - HandId: #2696579265285062657-21-1675088320 - Holdem no limit (30/60) - 2023/01/30 14:18:40 UTC
Table: 'Expresso Nitro(627846286)#0' 3-max (real money) Seat #2 is the button
Seat 2: El Loco Fish (300)
Seat 3: _SKR (600)
*** ANTE/BLINDS ***
El Loco Fish posts small blind 30
_SKR posts big blind 60
Dealt to _SKR [Th Kc]
*** PRE-FLOP *** 
El Loco Fish folds
_SKR collected 90 from pot
*** SUMMARY ***
Total pot 90 | No rake
Seat 3: _SKR (big blind) won 90


Winamax Poker - Tournament "Expresso Nitro" buyIn: 1.86€ + 0.14€ level: 4 - HandId: #2696579265285062657-22-1675088324 - Holdem no limit (30/60) - 2023/01/30 14:18:44 UTC
Table: 'Expresso Nitro(627846286)#0' 3-max (real money) Seat #3 is the button
Seat 2: El Loco Fish (270)
Seat 3: _SKR (630)
*** ANTE/BLINDS ***
_SKR posts small blind 30
El Loco Fish posts big blind 60
Dealt to _SKR [5s Tc]
*** PRE-FLOP *** 
_SKR folds
El Loco Fish collected 90 from pot
*** SUMMARY ***
Total pot 90 | No rake
Seat 2: El Loco Fish (big blind) won 90


Winamax Poker - Tournament "Expresso Nitro" buyIn: 1.86€ + 0.14€ level: 5 - HandId: #2696579265285062657-23-1675088326 - Holdem no limit (40/80) - 2023/01/30 14:18:46 UTC
Table: 'Expresso Nitro(627846286)#0' 3-max (real money) Seat #2 is the button
Seat 2: El Loco Fish (300)
Seat 3: _SKR (600)
*** ANTE/BLINDS ***
El Loco Fish posts small blind 40
_SKR posts big blind 80
Dealt to _SKR [2h Qs]
*** PRE-FLOP *** 
El Loco Fish raises 220 to 300 and is all-in
_SKR calls 220
*** FLOP *** [Jh Kd 8d]
*** TURN *** [Jh Kd 8d][Ts]
*** RIVER *** [Jh Kd 8d Ts][8c]
*** SHOW DOWN ***
_SKR shows [2h Qs] (One pair : 8)
El Loco Fish shows [6h Jd] (Two pairs : Jacks and 8)
El Loco Fish collected 600 from pot
*** SUMMARY ***
Total pot 600 | No rake
Board: [Jh Kd 8d Ts 8c]
Seat 2: El Loco Fish (small blind) (button) showed [6h Jd] and won 600 with Two pairs : Jacks and 8
Seat 3: _SKR (big blind) showed [2h Qs] and lost with One pair : 8


Winamax Poker - Tournament "Expresso Nitro" buyIn: 1.86€ + 0.14€ level: 5 - HandId: #2696579265285062657-24-1675088341 - Holdem no limit (40/80) - 2023/01/30 14:19:01 UTC
Table: 'Expresso Nitro(627846286)#0' 3-max (real money) Seat #3 is the button
Seat 2: El Loco Fish (600)
Seat 3: _SKR (300)
*** ANTE/BLINDS ***
_SKR posts small blind 40
El Loco Fish posts big blind 80
Dealt to _SKR [4s Ah]
*** PRE-FLOP *** 
_SKR raises 220 to 300 and is all-in
El Loco Fish calls 220
*** FLOP *** [Jh 2c Kd]
*** TURN *** [Jh 2c Kd][5s]
*** RIVER *** [Jh 2c Kd 5s][2s]
*** SHOW DOWN ***
El Loco Fish shows [8h 6h] (One pair : 2)
_SKR shows [4s Ah] (One pair : 2)
_SKR collected 600 from pot
*** SUMMARY ***
Total pot 600 | No rake
Board: [Jh 2c Kd 5s 2s]
Seat 2: El Loco Fish (big blind) showed [8h 6h] and lost with One pair : 2
Seat 3: _SKR (small blind) (button) showed [4s Ah] and won 600 with One pair : 2


Winamax Poker - Tournament "Expresso Nitro" buyIn: 1.86€ + 0.14€ level: 5 - HandId: #2696579265285062657-25-1675088355 - Holdem no limit (40/80) - 2023/01/30 14:19:15 UTC
Table: 'Expresso Nitro(627846286)#0' 3-max (real money) Seat #2 is the button
Seat 2: El Loco Fish (300)
Seat 3: _SKR (600)
*** ANTE/BLINDS ***
El Loco Fish posts small blind 40
_SKR posts big blind 80
Dealt to _SKR [2s 7s]
*** PRE-FLOP *** 
El Loco Fish raises 220 to 300 and is all-in
_SKR folds
El Loco Fish collected 380 from pot
*** SUMMARY ***
Total pot 380 | No rake
Seat 2: El Loco Fish (small blind) (button) won 380


Winamax Poker - Tournament "Expresso Nitro" buyIn: 1.86€ + 0.14€ level: 5 - HandId: #2696579265285062657-26-1675088360 - Holdem no limit (40/80) - 2023/01/30 14:19:20 UTC
Table: 'Expresso Nitro(627846286)#0' 3-max (real money) Seat #3 is the button
Seat 2: El Loco Fish (380)
Seat 3: _SKR (520)
*** ANTE/BLINDS ***
_SKR posts small blind 40
El Loco Fish posts big blind 80
Dealt to _SKR [Js 6s]
*** PRE-FLOP *** 
_SKR raises 440 to 520 and is all-in
El Loco Fish calls 300 and is all-in
*** FLOP *** [9s Td Qs]
*** TURN *** [9s Td Qs][Th]
*** RIVER *** [9s Td Qs Th][3s]
*** SHOW DOWN ***
El Loco Fish shows [Kc 4h] (One pair : Tens)
_SKR shows [Js 6s] (Flush Queen high)
_SKR collected 900 from pot
*** SUMMARY ***
Total pot 900 | No rake
Board: [9s Td Qs Th 3s]
Seat 2: El Loco Fish (big blind) showed [Kc 4h] and lost with One pair : Tens
Seat 3: _SKR (small blind) (button) showed [Js 6s] and won 900 with Flush Queen high


