Winamax Poker - Tournament "Expresso Nitro" buyIn: 1.86€ + 0.14€ level: 1 - HandId: #2696628829207658497-1-1675090615 - Holdem no limit (10/20) - 2023/01/30 14:56:55 UTC
Table: 'Expresso Nitro(627857826)#0' 3-max (real money) Seat #3 is the button
Seat 1: CastoDrama75 (300)
Seat 2: _SKR (300)
Seat 3: Lou_33 (300)
*** ANTE/BLINDS ***
CastoDrama75 posts small blind 10
_SKR posts big blind 20
Dealt to _SKR [2h 7h]
*** PRE-FLOP *** 
Lou_33 folds
CastoDrama75 folds
_SKR collected 30 from pot
*** SUMMARY ***
Total pot 30 | No rake
Seat 2: _SKR (big blind) won 30


Winamax Poker - Tournament "Expresso Nitro" buyIn: 1.86€ + 0.14€ level: 1 - HandId: #2696628829207658497-2-1675090622 - Holdem no limit (10/20) - 2023/01/30 14:57:02 UTC
Table: 'Expresso Nitro(627857826)#0' 3-max (real money) Seat #1 is the button
Seat 1: CastoDrama75 (290)
Seat 2: _SKR (310)
Seat 3: Lou_33 (300)
*** ANTE/BLINDS ***
_SKR posts small blind 10
Lou_33 posts big blind 20
Dealt to _SKR [Ks Js]
*** PRE-FLOP *** 
CastoDrama75 raises 270 to 290 and is all-in
_SKR folds
Lou_33 folds
CastoDrama75 collected 320 from pot
*** SUMMARY ***
Total pot 320 | No rake
Seat 1: CastoDrama75 (button) won 320


Winamax Poker - Tournament "Expresso Nitro" buyIn: 1.86€ + 0.14€ level: 1 - HandId: #2696628829207658497-3-1675090629 - Holdem no limit (10/20) - 2023/01/30 14:57:09 UTC
Table: 'Expresso Nitro(627857826)#0' 3-max (real money) Seat #2 is the button
Seat 1: CastoDrama75 (320)
Seat 2: _SKR (300)
Seat 3: Lou_33 (280)
*** ANTE/BLINDS ***
Lou_33 posts small blind 10
CastoDrama75 posts big blind 20
Dealt to _SKR [Js Th]
*** PRE-FLOP *** 
_SKR folds
Lou_33 folds
CastoDrama75 collected 30 from pot
*** SUMMARY ***
Total pot 30 | No rake
Seat 1: CastoDrama75 (big blind) won 30


Winamax Poker - Tournament "Expresso Nitro" buyIn: 1.86€ + 0.14€ level: 1 - HandId: #2696628829207658497-4-1675090633 - Holdem no limit (10/20) - 2023/01/30 14:57:13 UTC
Table: 'Expresso Nitro(627857826)#0' 3-max (real money) Seat #3 is the button
Seat 1: CastoDrama75 (330)
Seat 2: _SKR (300)
Seat 3: Lou_33 (270)
*** ANTE/BLINDS ***
CastoDrama75 posts small blind 10
_SKR posts big blind 20
Dealt to _SKR [Jc 6h]
*** PRE-FLOP *** 
Lou_33 folds
CastoDrama75 calls 10
_SKR checks
*** FLOP *** [3d 2s 7s]
CastoDrama75 checks
_SKR checks
*** TURN *** [3d 2s 7s][7h]
CastoDrama75 bets 30
_SKR folds
CastoDrama75 collected 70 from pot
*** SUMMARY ***
Total pot 70 | No rake
Board: [3d 2s 7s 7h]
Seat 1: CastoDrama75 (small blind) won 70


Winamax Poker - Tournament "Expresso Nitro" buyIn: 1.86€ + 0.14€ level: 1 - HandId: #2696628829207658497-5-1675090656 - Holdem no limit (10/20) - 2023/01/30 14:57:36 UTC
Table: 'Expresso Nitro(627857826)#0' 3-max (real money) Seat #1 is the button
Seat 1: CastoDrama75 (350)
Seat 2: _SKR (280)
Seat 3: Lou_33 (270)
*** ANTE/BLINDS ***
_SKR posts small blind 10
Lou_33 posts big blind 20
Dealt to _SKR [4c Qd]
*** PRE-FLOP *** 
CastoDrama75 folds
_SKR folds
Lou_33 collected 30 from pot
*** SUMMARY ***
Total pot 30 | No rake
Seat 3: Lou_33 (big blind) won 30


Winamax Poker - Tournament "Expresso Nitro" buyIn: 1.86€ + 0.14€ level: 1 - HandId: #2696628829207658497-6-1675090662 - Holdem no limit (10/20) - 2023/01/30 14:57:42 UTC
Table: 'Expresso Nitro(627857826)#0' 3-max (real money) Seat #2 is the button
Seat 1: CastoDrama75 (350)
Seat 2: _SKR (270)
Seat 3: Lou_33 (280)
*** ANTE/BLINDS ***
Lou_33 posts small blind 10
CastoDrama75 posts big blind 20
Dealt to _SKR [Kc Qc]
*** PRE-FLOP *** 
_SKR raises 250 to 270 and is all-in
Lou_33 calls 260
CastoDrama75 folds
*** FLOP *** [Jc 5h 7s]
*** TURN *** [Jc 5h 7s][2h]
*** RIVER *** [Jc 5h 7s 2h][3h]
*** SHOW DOWN ***
_SKR shows [Kc Qc] (High card : King)
Lou_33 shows [7c Ks] (One pair : 7)
Lou_33 collected 560 from pot
*** SUMMARY ***
Total pot 560 | No rake
Board: [Jc 5h 7s 2h 3h]
Seat 2: _SKR (button) showed [Kc Qc] and lost with High card : King
Seat 3: Lou_33 (small blind) showed [7c Ks] and won 560 with One pair : 7


