Winamax Poker - Tournament "Expresso Nitro" buyIn: 0.93€ + 0.07€ level: 1 - HandId: #2671068417972240385-1-1673529519 - Holdem no limit (10/20) - 2023/01/12 13:18:39 UTC
Table: 'Expresso Nitro(621906579)#0' 3-max (real money) Seat #2 is the button
Seat 1: _SKR (300)
Seat 2: LordFonscard (300)
Seat 3: WWWRED5 (300)
*** ANTE/BLINDS ***
WWWRED5 posts small blind 10
_SKR posts big blind 20
Dealt to _SKR [4c 4s]
*** PRE-FLOP *** 
LordFonscard raises 20 to 40
WWWRED5 raises 260 to 300 and is all-in
_SKR folds
LordFonscard folds
WWWRED5 collected 360 from pot
*** SUMMARY ***
Total pot 360 | No rake
Seat 3: WWWRED5 (small blind) won 360


Winamax Poker - Tournament "Expresso Nitro" buyIn: 0.93€ + 0.07€ level: 1 - HandId: #2671068417972240385-2-1673529538 - Holdem no limit (10/20) - 2023/01/12 13:18:58 UTC
Table: 'Expresso Nitro(621906579)#0' 3-max (real money) Seat #3 is the button
Seat 1: _SKR (280)
Seat 2: LordFonscard (260)
Seat 3: WWWRED5 (360)
*** ANTE/BLINDS ***
_SKR posts small blind 10
LordFonscard posts big blind 20
Dealt to _SKR [Ks 9c]
*** PRE-FLOP *** 
WWWRED5 folds
_SKR raises 260 to 280 and is all-in
LordFonscard folds
_SKR collected 300 from pot
*** SUMMARY ***
Total pot 300 | No rake
Seat 1: _SKR (small blind) won 300


Winamax Poker - Tournament "Expresso Nitro" buyIn: 0.93€ + 0.07€ level: 1 - HandId: #2671068417972240385-3-1673529546 - Holdem no limit (10/20) - 2023/01/12 13:19:06 UTC
Table: 'Expresso Nitro(621906579)#0' 3-max (real money) Seat #1 is the button
Seat 1: _SKR (300)
Seat 2: LordFonscard (240)
Seat 3: WWWRED5 (360)
*** ANTE/BLINDS ***
LordFonscard posts small blind 10
WWWRED5 posts big blind 20
Dealt to _SKR [3d Qh]
*** PRE-FLOP *** 
_SKR folds
LordFonscard folds
WWWRED5 collected 30 from pot
*** SUMMARY ***
Total pot 30 | No rake
Seat 3: WWWRED5 (big blind) won 30


Winamax Poker - Tournament "Expresso Nitro" buyIn: 0.93€ + 0.07€ level: 1 - HandId: #2671068417972240385-4-1673529557 - Holdem no limit (10/20) - 2023/01/12 13:19:17 UTC
Table: 'Expresso Nitro(621906579)#0' 3-max (real money) Seat #2 is the button
Seat 1: _SKR (300)
Seat 2: LordFonscard (230)
Seat 3: WWWRED5 (370)
*** ANTE/BLINDS ***
WWWRED5 posts small blind 10
_SKR posts big blind 20
Dealt to _SKR [5c Jc]
*** PRE-FLOP *** 
LordFonscard raises 20 to 40
WWWRED5 raises 330 to 370 and is all-in
_SKR folds
LordFonscard calls 190 and is all-in
*** FLOP *** [Qd 2h 7c]
*** TURN *** [Qd 2h 7c][2s]
*** RIVER *** [Qd 2h 7c 2s][Jh]
*** SHOW DOWN ***
LordFonscard shows [Qs Tc] (Two pairs : Queens and 2)
WWWRED5 shows [Ad Td] (One pair : 2)
WWWRED5 collected 140 from side pot 1
LordFonscard collected 480 from main pot
*** SUMMARY ***
Total pot 620 | No rake
Board: [Qd 2h 7c 2s Jh]
Seat 2: LordFonscard (button) showed [Qs Tc] and won 480 with Two pairs : Queens and 2
Seat 3: WWWRED5 (small blind) showed [Ad Td] and won 140 with One pair : 2


Winamax Poker - Tournament "Expresso Nitro" buyIn: 0.93€ + 0.07€ level: 2 - HandId: #2671068417972240385-5-1673529576 - Holdem no limit (15/30) - 2023/01/12 13:19:36 UTC
Table: 'Expresso Nitro(621906579)#0' 3-max (real money) Seat #3 is the button
Seat 1: _SKR (280)
Seat 2: LordFonscard (480)
Seat 3: WWWRED5 (140)
*** ANTE/BLINDS ***
_SKR posts small blind 15
LordFonscard posts big blind 30
Dealt to _SKR [Js 4d]
*** PRE-FLOP *** 
WWWRED5 raises 110 to 140 and is all-in
_SKR folds
LordFonscard folds
WWWRED5 collected 185 from pot
*** SUMMARY ***
Total pot 185 | No rake
Seat 3: WWWRED5 (button) won 185


Winamax Poker - Tournament "Expresso Nitro" buyIn: 0.93€ + 0.07€ level: 2 - HandId: #2671068417972240385-6-1673529588 - Holdem no limit (15/30) - 2023/01/12 13:19:48 UTC
Table: 'Expresso Nitro(621906579)#0' 3-max (real money) Seat #1 is the button
Seat 1: _SKR (265)
Seat 2: LordFonscard (450)
Seat 3: WWWRED5 (185)
*** ANTE/BLINDS ***
LordFonscard posts small blind 15
WWWRED5 posts big blind 30
Dealt to _SKR [Td Kd]
*** PRE-FLOP *** 
_SKR raises 235 to 265 and is all-in
LordFonscard folds
WWWRED5 calls 155 and is all-in
*** FLOP *** [Ad Js 7h]
*** TURN *** [Ad Js 7h][Ac]
*** RIVER *** [Ad Js 7h Ac][2c]
*** SHOW DOWN ***
_SKR shows [Td Kd] (One pair : Aces)
WWWRED5 shows [2h 3h] (Two pairs : Aces and 2)
WWWRED5 collected 385 from main pot
_SKR collected 80 from side pot 1
*** SUMMARY ***
Total pot 465 | No rake
Board: [Ad Js 7h Ac 2c]
Seat 1: _SKR (button) showed [Td Kd] and won 80 with One pair : Aces
Seat 3: WWWRED5 (big blind) showed [2h 3h] and won 385 with Two pairs : Aces and 2


Winamax Poker - Tournament "Expresso Nitro" buyIn: 0.93€ + 0.07€ level: 2 - HandId: #2671068417972240385-7-1673529610 - Holdem no limit (15/30) - 2023/01/12 13:20:10 UTC
Table: 'Expresso Nitro(621906579)#0' 3-max (real money) Seat #2 is the button
Seat 1: _SKR (80)
Seat 2: LordFonscard (435)
Seat 3: WWWRED5 (385)
*** ANTE/BLINDS ***
WWWRED5 posts small blind 15
_SKR posts big blind 30
Dealt to _SKR [Jh Ac]
*** PRE-FLOP *** 
LordFonscard raises 405 to 435 and is all-in
WWWRED5 calls 370 and is all-in
_SKR calls 50 and is all-in
*** FLOP *** [6d Js As]
*** TURN *** [6d Js As][9d]
*** RIVER *** [6d Js As 9d][Jc]
*** SHOW DOWN ***
_SKR shows [Jh Ac] (Full of Jacks and Aces)
LordFonscard shows [5c Qc] (One pair : Jacks)
WWWRED5 shows [Qh 9c] (Two pairs : Jacks and 9)
WWWRED5 collected 610 from side pot 1
LordFonscard collected 50 from side pot 2
_SKR collected 240 from main pot
*** SUMMARY ***
Total pot 900 | No rake
Board: [6d Js As 9d Jc]
Seat 1: _SKR (big blind) showed [Jh Ac] and won 240 with Full of Jacks and Aces
Seat 2: LordFonscard (button) showed [5c Qc] and won 50 with One pair : Jacks
Seat 3: WWWRED5 (small blind) showed [Qh 9c] and won 610 with Two pairs : Jacks and 9


Winamax Poker - Tournament "Expresso Nitro" buyIn: 0.93€ + 0.07€ level: 2 - HandId: #2671068417972240385-8-1673529625 - Holdem no limit (15/30) - 2023/01/12 13:20:25 UTC
Table: 'Expresso Nitro(621906579)#0' 3-max (real money) Seat #3 is the button
Seat 1: _SKR (240)
Seat 2: LordFonscard (50)
Seat 3: WWWRED5 (610)
*** ANTE/BLINDS ***
_SKR posts small blind 15
LordFonscard posts big blind 30
Dealt to _SKR [Ah As]
*** PRE-FLOP *** 
WWWRED5 raises 580 to 610 and is all-in
_SKR calls 225 and is all-in
LordFonscard calls 20 and is all-in
*** FLOP *** [Qh 6d 4d]
*** TURN *** [Qh 6d 4d][4c]
*** RIVER *** [Qh 6d 4d 4c][Ad]
*** SHOW DOWN ***
LordFonscard shows [9c Jh] (One pair : 4)
_SKR shows [Ah As] (Full of Aces and 4)
WWWRED5 shows [Tc 8c] (One pair : 4)
WWWRED5 collected 370 from side pot 1
_SKR collected 530 from main pot
*** SUMMARY ***
Total pot 900 | No rake
Board: [Qh 6d 4d 4c Ad]
Seat 1: _SKR (small blind) showed [Ah As] and won 530 with Full of Aces and 4
Seat 2: LordFonscard (big blind) showed [9c Jh] and lost with One pair : 4
Seat 3: WWWRED5 (button) showed [Tc 8c] and won 370 with One pair : 4


Winamax Poker - Tournament "Expresso Nitro" buyIn: 0.93€ + 0.07€ level: 3 - HandId: #2671068417972240385-9-1673529639 - Holdem no limit (20/40) - 2023/01/12 13:20:39 UTC
Table: 'Expresso Nitro(621906579)#0' 3-max (real money) Seat #3 is the button
Seat 1: _SKR (530)
Seat 3: WWWRED5 (370)
*** ANTE/BLINDS ***
WWWRED5 posts small blind 20
_SKR posts big blind 40
Dealt to _SKR [6c Th]
*** PRE-FLOP *** 
WWWRED5 raises 330 to 370 and is all-in
_SKR folds
WWWRED5 collected 410 from pot
*** SUMMARY ***
Total pot 410 | No rake
Seat 3: WWWRED5 (small blind) (button) won 410


Winamax Poker - Tournament "Expresso Nitro" buyIn: 0.93€ + 0.07€ level: 3 - HandId: #2671068417972240385-10-1673529646 - Holdem no limit (20/40) - 2023/01/12 13:20:46 UTC
Table: 'Expresso Nitro(621906579)#0' 3-max (real money) Seat #1 is the button
Seat 1: _SKR (490)
Seat 3: WWWRED5 (410)
*** ANTE/BLINDS ***
_SKR posts small blind 20
WWWRED5 posts big blind 40
Dealt to _SKR [6s Jc]
*** PRE-FLOP *** 
_SKR folds
WWWRED5 collected 60 from pot
*** SUMMARY ***
Total pot 60 | No rake
Seat 3: WWWRED5 (big blind) won 60


Winamax Poker - Tournament "Expresso Nitro" buyIn: 0.93€ + 0.07€ level: 3 - HandId: #2671068417972240385-11-1673529657 - Holdem no limit (20/40) - 2023/01/12 13:20:57 UTC
Table: 'Expresso Nitro(621906579)#0' 3-max (real money) Seat #3 is the button
Seat 1: _SKR (470)
Seat 3: WWWRED5 (430)
*** ANTE/BLINDS ***
WWWRED5 posts small blind 20
_SKR posts big blind 40
Dealt to _SKR [3h 8c]
*** PRE-FLOP *** 
WWWRED5 folds
_SKR collected 60 from pot
*** SUMMARY ***
Total pot 60 | No rake
Seat 1: _SKR (big blind) won 60


Winamax Poker - Tournament "Expresso Nitro" buyIn: 0.93€ + 0.07€ level: 3 - HandId: #2671068417972240385-12-1673529660 - Holdem no limit (20/40) - 2023/01/12 13:21:00 UTC
Table: 'Expresso Nitro(621906579)#0' 3-max (real money) Seat #1 is the button
Seat 1: _SKR (490)
Seat 3: WWWRED5 (410)
*** ANTE/BLINDS ***
_SKR posts small blind 20
WWWRED5 posts big blind 40
Dealt to _SKR [3s Td]
*** PRE-FLOP *** 
_SKR folds
WWWRED5 collected 60 from pot
*** SUMMARY ***
Total pot 60 | No rake
Seat 3: WWWRED5 (big blind) won 60


Winamax Poker - Tournament "Expresso Nitro" buyIn: 0.93€ + 0.07€ level: 3 - HandId: #2671068417972240385-13-1673529664 - Holdem no limit (20/40) - 2023/01/12 13:21:04 UTC
Table: 'Expresso Nitro(621906579)#0' 3-max (real money) Seat #3 is the button
Seat 1: _SKR (470)
Seat 3: WWWRED5 (430)
*** ANTE/BLINDS ***
WWWRED5 posts small blind 20
_SKR posts big blind 40
Dealt to _SKR [6s Kc]
*** PRE-FLOP *** 
WWWRED5 raises 390 to 430 and is all-in
_SKR folds
WWWRED5 collected 470 from pot
*** SUMMARY ***
Total pot 470 | No rake
Seat 3: WWWRED5 (small blind) (button) won 470


Winamax Poker - Tournament "Expresso Nitro" buyIn: 0.93€ + 0.07€ level: 3 - HandId: #2671068417972240385-14-1673529670 - Holdem no limit (20/40) - 2023/01/12 13:21:10 UTC
Table: 'Expresso Nitro(621906579)#0' 3-max (real money) Seat #1 is the button
Seat 1: _SKR (430)
Seat 3: WWWRED5 (470)
*** ANTE/BLINDS ***
_SKR posts small blind 20
WWWRED5 posts big blind 40
Dealt to _SKR [Ad Jc]
*** PRE-FLOP *** 
_SKR raises 390 to 430 and is all-in
WWWRED5 calls 390
*** FLOP *** [8d Kd 8s]
*** TURN *** [8d Kd 8s][7h]
*** RIVER *** [8d Kd 8s 7h][Kh]
*** SHOW DOWN ***
WWWRED5 shows [9h 3h] (Two pairs : Kings and 8)
_SKR shows [Ad Jc] (Two pairs : Kings and 8)
_SKR collected 860 from pot
*** SUMMARY ***
Total pot 860 | No rake
Board: [8d Kd 8s 7h Kh]
Seat 1: _SKR (small blind) (button) showed [Ad Jc] and won 860 with Two pairs : Kings and 8
Seat 3: WWWRED5 (big blind) showed [9h 3h] and lost with Two pairs : Kings and 8


Winamax Poker - Tournament "Expresso Nitro" buyIn: 0.93€ + 0.07€ level: 3 - HandId: #2671068417972240385-15-1673529694 - Holdem no limit (20/40) - 2023/01/12 13:21:34 UTC
Table: 'Expresso Nitro(621906579)#0' 3-max (real money) Seat #3 is the button
Seat 1: _SKR (860)
Seat 3: WWWRED5 (40)
*** ANTE/BLINDS ***
WWWRED5 posts small blind 20
_SKR posts big blind 40
Dealt to _SKR [Ts 3c]
*** PRE-FLOP *** 
WWWRED5 calls 20 and is all-in
*** FLOP *** [4s Ad 8c]
*** TURN *** [4s Ad 8c][Ac]
*** RIVER *** [4s Ad 8c Ac][9s]
*** SHOW DOWN ***
_SKR shows [Ts 3c] (One pair : Aces)
WWWRED5 shows [8h 4c] (Two pairs : Aces and 8)
WWWRED5 collected 80 from pot
*** SUMMARY ***
Total pot 80 | No rake
Board: [4s Ad 8c Ac 9s]
Seat 1: _SKR (big blind) showed [Ts 3c] and lost with One pair : Aces
Seat 3: WWWRED5 (small blind) (button) showed [8h 4c] and won 80 with Two pairs : Aces and 8


Winamax Poker - Tournament "Expresso Nitro" buyIn: 0.93€ + 0.07€ level: 4 - HandId: #2671068417972240385-16-1673529706 - Holdem no limit (30/60) - 2023/01/12 13:21:46 UTC
Table: 'Expresso Nitro(621906579)#0' 3-max (real money) Seat #1 is the button
Seat 1: _SKR (820)
Seat 3: WWWRED5 (80)
*** ANTE/BLINDS ***
_SKR posts small blind 30
WWWRED5 posts big blind 60
Dealt to _SKR [7c 2s]
*** PRE-FLOP *** 
_SKR folds
WWWRED5 collected 90 from pot
*** SUMMARY ***
Total pot 90 | No rake
Seat 3: WWWRED5 (big blind) won 90


Winamax Poker - Tournament "Expresso Nitro" buyIn: 0.93€ + 0.07€ level: 4 - HandId: #2671068417972240385-17-1673529710 - Holdem no limit (30/60) - 2023/01/12 13:21:50 UTC
Table: 'Expresso Nitro(621906579)#0' 3-max (real money) Seat #3 is the button
Seat 1: _SKR (790)
Seat 3: WWWRED5 (110)
*** ANTE/BLINDS ***
WWWRED5 posts small blind 30
_SKR posts big blind 60
Dealt to _SKR [Qs 2s]
*** PRE-FLOP *** 
WWWRED5 raises 50 to 110 and is all-in
_SKR calls 50
*** FLOP *** [Ad Kh Ks]
*** TURN *** [Ad Kh Ks][4d]
*** RIVER *** [Ad Kh Ks 4d][Kd]
*** SHOW DOWN ***
_SKR shows [Qs 2s] (Trips of Kings)
WWWRED5 shows [8d 4s] (Full of Kings and 4)
WWWRED5 collected 220 from pot
*** SUMMARY ***
Total pot 220 | No rake
Board: [Ad Kh Ks 4d Kd]
Seat 1: _SKR (big blind) showed [Qs 2s] and lost with Trips of Kings
Seat 3: WWWRED5 (small blind) (button) showed [8d 4s] and won 220 with Full of Kings and 4


Winamax Poker - Tournament "Expresso Nitro" buyIn: 0.93€ + 0.07€ level: 4 - HandId: #2671068417972240385-18-1673529723 - Holdem no limit (30/60) - 2023/01/12 13:22:03 UTC
Table: 'Expresso Nitro(621906579)#0' 3-max (real money) Seat #1 is the button
Seat 1: _SKR (680)
Seat 3: WWWRED5 (220)
*** ANTE/BLINDS ***
_SKR posts small blind 30
WWWRED5 posts big blind 60
Dealt to _SKR [8s 8c]
*** PRE-FLOP *** 
_SKR raises 620 to 680 and is all-in
WWWRED5 calls 160 and is all-in
*** FLOP *** [7s Jd 6d]
*** TURN *** [7s Jd 6d][4d]
*** RIVER *** [7s Jd 6d 4d][Qd]
*** SHOW DOWN ***
WWWRED5 shows [4h 3h] (One pair : 4)
_SKR shows [8s 8c] (One pair : 8)
_SKR collected 900 from pot
*** SUMMARY ***
Total pot 900 | No rake
Board: [7s Jd 6d 4d Qd]
Seat 1: _SKR (small blind) (button) showed [8s 8c] and won 900 with One pair : 8
Seat 3: WWWRED5 (big blind) showed [4h 3h] and lost with One pair : 4


