Winamax Poker - Tournament "Expresso Nitro" buyIn: 0.93€ + 0.07€ level: 1 - HandId: #2676363391093702657-1-1673821401 - Holdem no limit (10/20) - 2023/01/15 22:23:21 UTC
Table: 'Expresso Nitro(623139411)#0' 3-max (real money) Seat #3 is the button
Seat 1: AR-Alchimist (300)
Seat 2: _SKR (300)
Seat 3: Azdiingue94 (300)
*** ANTE/BLINDS ***
AR-Alchimist posts small blind 10
_SKR posts big blind 20
Dealt to _SKR [Js As]
*** PRE-FLOP *** 
Azdiingue94 raises 280 to 300 and is all-in
AR-Alchimist folds
_SKR calls 280 and is all-in
*** FLOP *** [8h 7c Kc]
*** TURN *** [8h 7c Kc][2h]
*** RIVER *** [8h 7c Kc 2h][4s]
*** SHOW DOWN ***
Azdiingue94 shows [Th 3h] (High card : King)
_SKR shows [Js As] (High card : Ace)
_SKR collected 610 from pot
*** SUMMARY ***
Total pot 610 | No rake
Board: [8h 7c Kc 2h 4s]
Seat 2: _SKR (big blind) showed [Js As] and won 610 with High card : Ace
Seat 3: Azdiingue94 (button) showed [Th 3h] and lost with High card : King


Winamax Poker - Tournament "Expresso Nitro" buyIn: 0.93€ + 0.07€ level: 1 - HandId: #2676363391093702657-2-1673821419 - Holdem no limit (10/20) - 2023/01/15 22:23:39 UTC
Table: 'Expresso Nitro(623139411)#0' 3-max (real money) Seat #2 is the button
Seat 1: AR-Alchimist (290)
Seat 2: _SKR (610)
*** ANTE/BLINDS ***
_SKR posts small blind 10
AR-Alchimist posts big blind 20
Dealt to _SKR [Jd 9s]
*** PRE-FLOP *** 
_SKR folds
AR-Alchimist collected 30 from pot
*** SUMMARY ***
Total pot 30 | No rake
Seat 1: AR-Alchimist (big blind) won 30


Winamax Poker - Tournament "Expresso Nitro" buyIn: 0.93€ + 0.07€ level: 1 - HandId: #2676363391093702657-3-1673821436 - Holdem no limit (10/20) - 2023/01/15 22:23:56 UTC
Table: 'Expresso Nitro(623139411)#0' 3-max (real money) Seat #1 is the button
Seat 1: AR-Alchimist (300)
Seat 2: _SKR (600)
*** ANTE/BLINDS ***
AR-Alchimist posts small blind 10
_SKR posts big blind 20
Dealt to _SKR [Jh 7c]
*** PRE-FLOP *** 
AR-Alchimist raises 20 to 40
_SKR calls 20
*** FLOP *** [Qh Tc Ks]
_SKR checks
AR-Alchimist bets 28
_SKR folds
AR-Alchimist collected 108 from pot
*** SUMMARY ***
Total pot 108 | No rake
Board: [Qh Tc Ks]
Seat 1: AR-Alchimist (small blind) (button) won 108


Winamax Poker - Tournament "Expresso Nitro" buyIn: 0.93€ + 0.07€ level: 2 - HandId: #2676363391093702657-4-1673821466 - Holdem no limit (15/30) - 2023/01/15 22:24:26 UTC
Table: 'Expresso Nitro(623139411)#0' 3-max (real money) Seat #2 is the button
Seat 1: AR-Alchimist (340)
Seat 2: _SKR (560)
*** ANTE/BLINDS ***
_SKR posts small blind 15
AR-Alchimist posts big blind 30
Dealt to _SKR [4h 2d]
*** PRE-FLOP *** 
_SKR folds
AR-Alchimist collected 45 from pot
*** SUMMARY ***
Total pot 45 | No rake
Seat 1: AR-Alchimist (big blind) won 45


Winamax Poker - Tournament "Expresso Nitro" buyIn: 0.93€ + 0.07€ level: 2 - HandId: #2676363391093702657-5-1673821470 - Holdem no limit (15/30) - 2023/01/15 22:24:30 UTC
Table: 'Expresso Nitro(623139411)#0' 3-max (real money) Seat #1 is the button
Seat 1: AR-Alchimist (355)
Seat 2: _SKR (545)
*** ANTE/BLINDS ***
AR-Alchimist posts small blind 15
_SKR posts big blind 30
Dealt to _SKR [Js Qh]
*** PRE-FLOP *** 
AR-Alchimist calls 15
_SKR checks
*** FLOP *** [9s 9d 3c]
_SKR checks
AR-Alchimist checks
*** TURN *** [9s 9d 3c][5c]
_SKR checks
AR-Alchimist bets 30
_SKR folds
AR-Alchimist collected 90 from pot
*** SUMMARY ***
Total pot 90 | No rake
Board: [9s 9d 3c 5c]
Seat 1: AR-Alchimist (small blind) (button) won 90


Winamax Poker - Tournament "Expresso Nitro" buyIn: 0.93€ + 0.07€ level: 2 - HandId: #2676363391093702657-6-1673821496 - Holdem no limit (15/30) - 2023/01/15 22:24:56 UTC
Table: 'Expresso Nitro(623139411)#0' 3-max (real money) Seat #2 is the button
Seat 1: AR-Alchimist (385)
Seat 2: _SKR (515)
*** ANTE/BLINDS ***
_SKR posts small blind 15
AR-Alchimist posts big blind 30
Dealt to _SKR [5h Ks]
*** PRE-FLOP *** 
_SKR calls 15
AR-Alchimist checks
*** FLOP *** [3h Jc 6c]
AR-Alchimist bets 30
_SKR folds
AR-Alchimist collected 90 from pot
*** SUMMARY ***
Total pot 90 | No rake
Board: [3h Jc 6c]
Seat 1: AR-Alchimist (big blind) won 90


Winamax Poker - Tournament "Expresso Nitro" buyIn: 0.93€ + 0.07€ level: 2 - HandId: #2676363391093702657-7-1673821510 - Holdem no limit (15/30) - 2023/01/15 22:25:10 UTC
Table: 'Expresso Nitro(623139411)#0' 3-max (real money) Seat #1 is the button
Seat 1: AR-Alchimist (415)
Seat 2: _SKR (485)
*** ANTE/BLINDS ***
AR-Alchimist posts small blind 15
_SKR posts big blind 30
Dealt to _SKR [6c 3s]
*** PRE-FLOP *** 
AR-Alchimist raises 30 to 60
_SKR folds
AR-Alchimist collected 90 from pot
*** SUMMARY ***
Total pot 90 | No rake
Seat 1: AR-Alchimist (small blind) (button) won 90


Winamax Poker - Tournament "Expresso Nitro" buyIn: 0.93€ + 0.07€ level: 3 - HandId: #2676363391093702657-8-1673821518 - Holdem no limit (20/40) - 2023/01/15 22:25:18 UTC
Table: 'Expresso Nitro(623139411)#0' 3-max (real money) Seat #2 is the button
Seat 1: AR-Alchimist (445)
Seat 2: _SKR (455)
*** ANTE/BLINDS ***
_SKR posts small blind 20
AR-Alchimist posts big blind 40
Dealt to _SKR [Qs Kh]
*** PRE-FLOP *** 
_SKR raises 415 to 455 and is all-in
AR-Alchimist calls 405 and is all-in
*** FLOP *** [3h 2c 9s]
*** TURN *** [3h 2c 9s][8s]
*** RIVER *** [3h 2c 9s 8s][Ah]
*** SHOW DOWN ***
AR-Alchimist shows [8c 8d] (Trips of 8)
_SKR shows [Qs Kh] (High card : Ace)
_SKR collected 10 from side pot 1
AR-Alchimist collected 890 from main pot
*** SUMMARY ***
Total pot 900 | No rake
Board: [3h 2c 9s 8s Ah]
Seat 1: AR-Alchimist (big blind) showed [8c 8d] and won 890 with Trips of 8
Seat 2: _SKR (small blind) (button) showed [Qs Kh] and won 10 with High card : Ace


Winamax Poker - Tournament "Expresso Nitro" buyIn: 0.93€ + 0.07€ level: 3 - HandId: #2676363391093702657-9-1673821530 - Holdem no limit (20/40) - 2023/01/15 22:25:30 UTC
Table: 'Expresso Nitro(623139411)#0' 3-max (real money) Seat #1 is the button
Seat 1: AR-Alchimist (890)
Seat 2: _SKR (10)
*** ANTE/BLINDS ***
AR-Alchimist posts small blind 20
_SKR posts big blind 10 and is all-in
Dealt to _SKR [3d 8s]
*** PRE-FLOP *** 
*** FLOP *** [Jd 7s 5s]
*** TURN *** [Jd 7s 5s][8d]
*** RIVER *** [Jd 7s 5s 8d][Qd]
*** SHOW DOWN ***
AR-Alchimist shows [3h 9d] (High card : Queen)
_SKR shows [3d 8s] (One pair : 8)
_SKR collected 20 from main pot
AR-Alchimist collected 10 from side pot 1
*** SUMMARY ***
Total pot 30 | No rake
Board: [Jd 7s 5s 8d Qd]
Seat 1: AR-Alchimist (small blind) (button) showed [3h 9d] and won 10 with High card : Queen
Seat 2: _SKR (big blind) showed [3d 8s] and won 20 with One pair : 8


Winamax Poker - Tournament "Expresso Nitro" buyIn: 0.93€ + 0.07€ level: 3 - HandId: #2676363391093702657-10-1673821538 - Holdem no limit (20/40) - 2023/01/15 22:25:38 UTC
Table: 'Expresso Nitro(623139411)#0' 3-max (real money) Seat #2 is the button
Seat 1: AR-Alchimist (880)
Seat 2: _SKR (20)
*** ANTE/BLINDS ***
_SKR posts small blind 20 and is all-in
AR-Alchimist posts big blind 40
Dealt to _SKR [3h Ac]
*** PRE-FLOP *** 
*** FLOP *** [9d 5d 4d]
*** TURN *** [9d 5d 4d][4c]
*** RIVER *** [9d 5d 4d 4c][2d]
*** SHOW DOWN ***
_SKR shows [3h Ac] (Straight 5 high)
AR-Alchimist shows [Td 2c] (Flush Ten high)
AR-Alchimist collected 60 from pot
*** SUMMARY ***
Total pot 60 | No rake
Board: [9d 5d 4d 4c 2d]
Seat 1: AR-Alchimist (big blind) showed [Td 2c] and won 60 with Flush Ten high
Seat 2: _SKR (small blind) (button) showed [3h Ac] and lost with Straight 5 high


