Winamax Poker - Tournament "Expresso Nitro" buyIn: 0.93€ + 0.07€ level: 1 - HandId: #2654474962147999745-1-1672662251 - Holdem no limit (10/20) - 2023/01/02 12:24:11 UTC
Table: 'Expresso Nitro(618043114)#0' 3-max (real money) Seat #2 is the button
Seat 1: _SKR (300)
Seat 2: Rafouette14 (300)
Seat 3: Leon.34 (300)
*** ANTE/BLINDS ***
Leon.34 posts small blind 10
_SKR posts big blind 20
Dealt to _SKR [Td 2s]
*** PRE-FLOP *** 
Rafouette14 calls 20
Leon.34 calls 10
_SKR checks
*** FLOP *** [Qs 7d 6s]
Leon.34 checks
_SKR checks
Rafouette14 bets 39
Leon.34 calls 39
_SKR folds
*** TURN *** [Qs 7d 6s][6c]
Leon.34 checks
Rafouette14 checks
*** RIVER *** [Qs 7d 6s 6c][8s]
Leon.34 bets 90
Rafouette14 calls 90
*** SHOW DOWN ***
Rafouette14 shows [7c Ks] (Two pairs : 7 and 6)
Leon.34 shows [9d Tc] (Straight Ten high)
Leon.34 collected 318 from pot
*** SUMMARY ***
Total pot 318 | No rake
Board: [Qs 7d 6s 6c 8s]
Seat 2: Rafouette14 (button) showed [7c Ks] and lost with Two pairs : 7 and 6
Seat 3: Leon.34 (small blind) showed [9d Tc] and won 318 with Straight Ten high


Winamax Poker - Tournament "Expresso Nitro" buyIn: 0.93€ + 0.07€ level: 1 - HandId: #2654474962147999745-2-1672662284 - Holdem no limit (10/20) - 2023/01/02 12:24:44 UTC
Table: 'Expresso Nitro(618043114)#0' 3-max (real money) Seat #3 is the button
Seat 1: _SKR (280)
Seat 2: Rafouette14 (151)
Seat 3: Leon.34 (469)
*** ANTE/BLINDS ***
_SKR posts small blind 10
Rafouette14 posts big blind 20
Dealt to _SKR [5c 7d]
*** PRE-FLOP *** 
Leon.34 folds
_SKR folds
Rafouette14 collected 30 from pot
*** SUMMARY ***
Total pot 30 | No rake
Seat 2: Rafouette14 (big blind) won 30


Winamax Poker - Tournament "Expresso Nitro" buyIn: 0.93€ + 0.07€ level: 1 - HandId: #2654474962147999745-3-1672662294 - Holdem no limit (10/20) - 2023/01/02 12:24:54 UTC
Table: 'Expresso Nitro(618043114)#0' 3-max (real money) Seat #1 is the button
Seat 1: _SKR (270)
Seat 2: Rafouette14 (161)
Seat 3: Leon.34 (469)
*** ANTE/BLINDS ***
Rafouette14 posts small blind 10
Leon.34 posts big blind 20
Dealt to _SKR [5s 8h]
*** PRE-FLOP *** 
_SKR folds
Rafouette14 folds
Leon.34 collected 30 from pot
*** SUMMARY ***
Total pot 30 | No rake
Seat 3: Leon.34 (big blind) won 30


Winamax Poker - Tournament "Expresso Nitro" buyIn: 0.93€ + 0.07€ level: 1 - HandId: #2654474962147999745-4-1672662299 - Holdem no limit (10/20) - 2023/01/02 12:24:59 UTC
Table: 'Expresso Nitro(618043114)#0' 3-max (real money) Seat #2 is the button
Seat 1: _SKR (270)
Seat 2: Rafouette14 (151)
Seat 3: Leon.34 (479)
*** ANTE/BLINDS ***
Leon.34 posts small blind 10
_SKR posts big blind 20
Dealt to _SKR [Qc 7d]
*** PRE-FLOP *** 
Rafouette14 folds
Leon.34 folds
_SKR collected 30 from pot
*** SUMMARY ***
Total pot 30 | No rake
Seat 1: _SKR (big blind) won 30


Winamax Poker - Tournament "Expresso Nitro" buyIn: 0.93€ + 0.07€ level: 1 - HandId: #2654474962147999745-5-1672662303 - Holdem no limit (10/20) - 2023/01/02 12:25:03 UTC
Table: 'Expresso Nitro(618043114)#0' 3-max (real money) Seat #3 is the button
Seat 1: _SKR (280)
Seat 2: Rafouette14 (151)
Seat 3: Leon.34 (469)
*** ANTE/BLINDS ***
_SKR posts small blind 10
Rafouette14 posts big blind 20
Dealt to _SKR [9c Ts]
*** PRE-FLOP *** 
Leon.34 raises 30 to 50
_SKR folds
Rafouette14 folds
Leon.34 collected 80 from pot
*** SUMMARY ***
Total pot 80 | No rake
Seat 3: Leon.34 (button) won 80


Winamax Poker - Tournament "Expresso Nitro" buyIn: 0.93€ + 0.07€ level: 2 - HandId: #2654474962147999745-6-1672662311 - Holdem no limit (15/30) - 2023/01/02 12:25:11 UTC
Table: 'Expresso Nitro(618043114)#0' 3-max (real money) Seat #1 is the button
Seat 1: _SKR (270)
Seat 2: Rafouette14 (131)
Seat 3: Leon.34 (499)
*** ANTE/BLINDS ***
Rafouette14 posts small blind 15
Leon.34 posts big blind 30
Dealt to _SKR [Js 4s]
*** PRE-FLOP *** 
_SKR folds
Rafouette14 folds
Leon.34 collected 45 from pot
*** SUMMARY ***
Total pot 45 | No rake
Seat 3: Leon.34 (big blind) won 45


Winamax Poker - Tournament "Expresso Nitro" buyIn: 0.93€ + 0.07€ level: 2 - HandId: #2654474962147999745-7-1672662316 - Holdem no limit (15/30) - 2023/01/02 12:25:16 UTC
Table: 'Expresso Nitro(618043114)#0' 3-max (real money) Seat #2 is the button
Seat 1: _SKR (270)
Seat 2: Rafouette14 (116)
Seat 3: Leon.34 (514)
*** ANTE/BLINDS ***
Leon.34 posts small blind 15
_SKR posts big blind 30
Dealt to _SKR [Tc 9s]
*** PRE-FLOP *** 
Rafouette14 folds
Leon.34 folds
_SKR collected 45 from pot
*** SUMMARY ***
Total pot 45 | No rake
Seat 1: _SKR (big blind) won 45


Winamax Poker - Tournament "Expresso Nitro" buyIn: 0.93€ + 0.07€ level: 2 - HandId: #2654474962147999745-8-1672662321 - Holdem no limit (15/30) - 2023/01/02 12:25:21 UTC
Table: 'Expresso Nitro(618043114)#0' 3-max (real money) Seat #3 is the button
Seat 1: _SKR (285)
Seat 2: Rafouette14 (116)
Seat 3: Leon.34 (499)
*** ANTE/BLINDS ***
_SKR posts small blind 15
Rafouette14 posts big blind 30
Dealt to _SKR [Ks Ah]
*** PRE-FLOP *** 
Leon.34 folds
_SKR raises 255 to 285 and is all-in
Rafouette14 calls 86 and is all-in
*** FLOP *** [8h 4c Ac]
*** TURN *** [8h 4c Ac][3h]
*** RIVER *** [8h 4c Ac 3h][Qc]
*** SHOW DOWN ***
Rafouette14 shows [Ts Tc] (One pair : Tens)
_SKR shows [Ks Ah] (One pair : Aces)
_SKR collected 401 from pot
*** SUMMARY ***
Total pot 401 | No rake
Board: [8h 4c Ac 3h Qc]
Seat 1: _SKR (small blind) showed [Ks Ah] and won 401 with One pair : Aces
Seat 2: Rafouette14 (big blind) showed [Ts Tc] and lost with One pair : Tens


Winamax Poker - Tournament "Expresso Nitro" buyIn: 0.93€ + 0.07€ level: 2 - HandId: #2654474962147999745-9-1672662337 - Holdem no limit (15/30) - 2023/01/02 12:25:37 UTC
Table: 'Expresso Nitro(618043114)#0' 3-max (real money) Seat #3 is the button
Seat 1: _SKR (401)
Seat 3: Leon.34 (499)
*** ANTE/BLINDS ***
Leon.34 posts small blind 15
_SKR posts big blind 30
Dealt to _SKR [8h 4d]
*** PRE-FLOP *** 
Leon.34 calls 15
_SKR checks
*** FLOP *** [5c Qh Qs]
_SKR checks
Leon.34 bets 60
_SKR folds
Leon.34 collected 120 from pot
*** SUMMARY ***
Total pot 120 | No rake
Board: [5c Qh Qs]
Seat 3: Leon.34 (small blind) (button) won 120


Winamax Poker - Tournament "Expresso Nitro" buyIn: 0.93€ + 0.07€ level: 2 - HandId: #2654474962147999745-10-1672662348 - Holdem no limit (15/30) - 2023/01/02 12:25:48 UTC
Table: 'Expresso Nitro(618043114)#0' 3-max (real money) Seat #1 is the button
Seat 1: _SKR (371)
Seat 3: Leon.34 (529)
*** ANTE/BLINDS ***
_SKR posts small blind 15
Leon.34 posts big blind 30
Dealt to _SKR [Qh 9d]
*** PRE-FLOP *** 
_SKR raises 341 to 371 and is all-in
Leon.34 calls 341
*** FLOP *** [6d 4d 3c]
*** TURN *** [6d 4d 3c][7d]
*** RIVER *** [6d 4d 3c 7d][Ad]
*** SHOW DOWN ***
Leon.34 shows [2s Kh] (High card : Ace)
_SKR shows [Qh 9d] (Flush Ace high)
_SKR collected 742 from pot
*** SUMMARY ***
Total pot 742 | No rake
Board: [6d 4d 3c 7d Ad]
Seat 1: _SKR (small blind) (button) showed [Qh 9d] and won 742 with Flush Ace high
Seat 3: Leon.34 (big blind) showed [2s Kh] and lost with High card : Ace


Winamax Poker - Tournament "Expresso Nitro" buyIn: 0.93€ + 0.07€ level: 3 - HandId: #2654474962147999745-11-1672662367 - Holdem no limit (20/40) - 2023/01/02 12:26:07 UTC
Table: 'Expresso Nitro(618043114)#0' 3-max (real money) Seat #3 is the button
Seat 1: _SKR (742)
Seat 3: Leon.34 (158)
*** ANTE/BLINDS ***
Leon.34 posts small blind 20
_SKR posts big blind 40
Dealt to _SKR [As Kd]
*** PRE-FLOP *** 
Leon.34 raises 118 to 158 and is all-in
_SKR raises 118 to 276
*** FLOP *** [5c Tc Jh]
*** TURN *** [5c Tc Jh][5h]
*** RIVER *** [5c Tc Jh 5h][Jd]
*** SHOW DOWN ***
_SKR shows [As Kd] (Two pairs : Jacks and 5)
Leon.34 shows [Ah 4s] (Two pairs : Jacks and 5)
Leon.34 collected 158 from main pot
_SKR collected 276 from side pot 1
*** SUMMARY ***
Total pot 434 | No rake
Board: [5c Tc Jh 5h Jd]
Seat 1: _SKR (big blind) showed [As Kd] and won 276 with Two pairs : Jacks and 5
Seat 3: Leon.34 (small blind) (button) showed [Ah 4s] and won 158 with Two pairs : Jacks and 5


Winamax Poker - Tournament "Expresso Nitro" buyIn: 0.93€ + 0.07€ level: 3 - HandId: #2654474962147999745-12-1672662384 - Holdem no limit (20/40) - 2023/01/02 12:26:24 UTC
Table: 'Expresso Nitro(618043114)#0' 3-max (real money) Seat #1 is the button
Seat 1: _SKR (742)
Seat 3: Leon.34 (158)
*** ANTE/BLINDS ***
_SKR posts small blind 20
Leon.34 posts big blind 40
Dealt to _SKR [Ks Ac]
*** PRE-FLOP *** 
_SKR raises 702 to 742 and is all-in
Leon.34 calls 118 and is all-in
*** FLOP *** [Th 4d Ad]
*** TURN *** [Th 4d Ad][4s]
*** RIVER *** [Th 4d Ad 4s][Kc]
*** SHOW DOWN ***
Leon.34 shows [9d Tc] (Two pairs : Tens and 4)
_SKR shows [Ks Ac] (Two pairs : Aces and Kings)
_SKR collected 900 from pot
*** SUMMARY ***
Total pot 900 | No rake
Board: [Th 4d Ad 4s Kc]
Seat 1: _SKR (small blind) (button) showed [Ks Ac] and won 900 with Two pairs : Aces and Kings
Seat 3: Leon.34 (big blind) showed [9d Tc] and lost with Two pairs : Tens and 4


