Winamax Poker - Tournament "Expresso Nitro" buyIn: 0.93€ + 0.07€ level: 1 - HandId: #2717609594124763137-1-1676228763 - Holdem no limit (10/20) - 2023/02/12 19:06:03 UTC
Table: 'Expresso Nitro(632742791)#0' 3-max (real money) Seat #1 is the button
Seat 1: _SKR (300)
Seat 2: puiiipuii (300)
Seat 3: DL_Joker27 (300)
*** ANTE/BLINDS ***
puiiipuii posts small blind 10
DL_Joker27 posts big blind 20
Dealt to _SKR [4s 3h]
*** PRE-FLOP *** 
_SKR folds
puiiipuii calls 10
DL_Joker27 checks
*** FLOP *** [As 6h Ac]
puiiipuii checks
DL_Joker27 checks
*** TURN *** [As 6h Ac][2d]
puiiipuii checks
DL_Joker27 bets 20
puiiipuii folds
DL_Joker27 collected 60 from pot
*** SUMMARY ***
Total pot 60 | No rake
Board: [As 6h Ac 2d]
Seat 3: DL_Joker27 (big blind) won 60


Winamax Poker - Tournament "Expresso Nitro" buyIn: 0.93€ + 0.07€ level: 1 - HandId: #2717609594124763137-2-1676228783 - Holdem no limit (10/20) - 2023/02/12 19:06:23 UTC
Table: 'Expresso Nitro(632742791)#0' 3-max (real money) Seat #2 is the button
Seat 1: _SKR (300)
Seat 2: puiiipuii (280)
Seat 3: DL_Joker27 (320)
*** ANTE/BLINDS ***
DL_Joker27 posts small blind 10
_SKR posts big blind 20
Dealt to _SKR [9s Ad]
*** PRE-FLOP *** 
puiiipuii folds
DL_Joker27 calls 10
_SKR raises 280 to 300 and is all-in
DL_Joker27 folds
_SKR collected 320 from pot
*** SUMMARY ***
Total pot 320 | No rake
Seat 1: _SKR (big blind) won 320


Winamax Poker - Tournament "Expresso Nitro" buyIn: 0.93€ + 0.07€ level: 1 - HandId: #2717609594124763137-3-1676228791 - Holdem no limit (10/20) - 2023/02/12 19:06:31 UTC
Table: 'Expresso Nitro(632742791)#0' 3-max (real money) Seat #3 is the button
Seat 1: _SKR (320)
Seat 2: puiiipuii (280)
Seat 3: DL_Joker27 (300)
*** ANTE/BLINDS ***
_SKR posts small blind 10
puiiipuii posts big blind 20
Dealt to _SKR [5s 9d]
*** PRE-FLOP *** 
DL_Joker27 calls 20
_SKR folds
puiiipuii checks
*** FLOP *** [Qd 3c Td]
puiiipuii bets 20
DL_Joker27 calls 20
*** TURN *** [Qd 3c Td][Jd]
puiiipuii bets 20
DL_Joker27 raises 78 to 98
puiiipuii calls 78
*** RIVER *** [Qd 3c Td Jd][Jc]
puiiipuii checks
DL_Joker27 bets 20
puiiipuii folds
DL_Joker27 collected 306 from pot
*** SUMMARY ***
Total pot 306 | No rake
Board: [Qd 3c Td Jd Jc]
Seat 3: DL_Joker27 (button) won 306


Winamax Poker - Tournament "Expresso Nitro" buyIn: 0.93€ + 0.07€ level: 1 - HandId: #2717609594124763137-4-1676228815 - Holdem no limit (10/20) - 2023/02/12 19:06:55 UTC
Table: 'Expresso Nitro(632742791)#0' 3-max (real money) Seat #1 is the button
Seat 1: _SKR (310)
Seat 2: puiiipuii (142)
Seat 3: DL_Joker27 (448)
*** ANTE/BLINDS ***
puiiipuii posts small blind 10
DL_Joker27 posts big blind 20
Dealt to _SKR [3c Ah]
*** PRE-FLOP *** 
_SKR raises 290 to 310 and is all-in
puiiipuii calls 132 and is all-in
DL_Joker27 folds
*** FLOP *** [7d 2d 9s]
*** TURN *** [7d 2d 9s][5h]
*** RIVER *** [7d 2d 9s 5h][7c]
*** SHOW DOWN ***
_SKR shows [3c Ah] (One pair : 7)
puiiipuii shows [7s 4s] (Trips of 7)
puiiipuii collected 304 from main pot
_SKR collected 168 from side pot 1
*** SUMMARY ***
Total pot 472 | No rake
Board: [7d 2d 9s 5h 7c]
Seat 1: _SKR (button) showed [3c Ah] and won 168 with One pair : 7
Seat 2: puiiipuii (small blind) showed [7s 4s] and won 304 with Trips of 7


Winamax Poker - Tournament "Expresso Nitro" buyIn: 0.93€ + 0.07€ level: 2 - HandId: #2717609594124763137-5-1676228834 - Holdem no limit (15/30) - 2023/02/12 19:07:14 UTC
Table: 'Expresso Nitro(632742791)#0' 3-max (real money) Seat #2 is the button
Seat 1: _SKR (168)
Seat 2: puiiipuii (304)
Seat 3: DL_Joker27 (428)
*** ANTE/BLINDS ***
DL_Joker27 posts small blind 15
_SKR posts big blind 30
Dealt to _SKR [Jc 6s]
*** PRE-FLOP *** 
puiiipuii folds
DL_Joker27 calls 15
_SKR raises 138 to 168 and is all-in
DL_Joker27 calls 138
*** FLOP *** [Qd Js 5c]
*** TURN *** [Qd Js 5c][6c]
*** RIVER *** [Qd Js 5c 6c][5d]
*** SHOW DOWN ***
_SKR shows [Jc 6s] (Two pairs : Jacks and 6)
DL_Joker27 shows [5s Ac] (Trips of 5)
DL_Joker27 collected 336 from pot
*** SUMMARY ***
Total pot 336 | No rake
Board: [Qd Js 5c 6c 5d]
Seat 1: _SKR (big blind) showed [Jc 6s] and lost with Two pairs : Jacks and 6
Seat 3: DL_Joker27 (small blind) showed [5s Ac] and won 336 with Trips of 5


