Winamax Poker - Tournament "Expresso Nitro" buyIn: 0.93€ + 0.07€ level: 1 - HandId: #2717220388483366913-1-1676212486 - Holdem no limit (10/20) - 2023/02/12 14:34:46 UTC
Table: 'Expresso Nitro(632652172)#0' 3-max (real money) Seat #1 is the button
Seat 1: _SKR (300)
Seat 2: CHATIEU. (300)
Seat 3: LA SOMTUEUSE (300)
*** ANTE/BLINDS ***
CHATIEU. posts small blind 10
LA SOMTUEUSE posts big blind 20
Dealt to _SKR [Qh 9h]
*** PRE-FLOP *** 
_SKR raises 20 to 40
CHATIEU. raises 260 to 300 and is all-in
LA SOMTUEUSE folds
_SKR folds
CHATIEU. collected 360 from pot
*** SUMMARY ***
Total pot 360 | No rake
Seat 2: CHATIEU. (small blind) won 360


Winamax Poker - Tournament "Expresso Nitro" buyIn: 0.93€ + 0.07€ level: 1 - HandId: #2717220388483366913-2-1676212496 - Holdem no limit (10/20) - 2023/02/12 14:34:56 UTC
Table: 'Expresso Nitro(632652172)#0' 3-max (real money) Seat #2 is the button
Seat 1: _SKR (260)
Seat 2: CHATIEU. (360)
Seat 3: LA SOMTUEUSE (280)
*** ANTE/BLINDS ***
LA SOMTUEUSE posts small blind 10
_SKR posts big blind 20
Dealt to _SKR [Ah 4c]
*** PRE-FLOP *** 
CHATIEU. raises 40 to 60
LA SOMTUEUSE folds
_SKR folds
CHATIEU. collected 90 from pot
*** SUMMARY ***
Total pot 90 | No rake
Seat 2: CHATIEU. (button) won 90


Winamax Poker - Tournament "Expresso Nitro" buyIn: 0.93€ + 0.07€ level: 1 - HandId: #2717220388483366913-3-1676212510 - Holdem no limit (10/20) - 2023/02/12 14:35:10 UTC
Table: 'Expresso Nitro(632652172)#0' 3-max (real money) Seat #3 is the button
Seat 1: _SKR (240)
Seat 2: CHATIEU. (390)
Seat 3: LA SOMTUEUSE (270)
*** ANTE/BLINDS ***
_SKR posts small blind 10
CHATIEU. posts big blind 20
Dealt to _SKR [9c 8h]
*** PRE-FLOP *** 
LA SOMTUEUSE folds
_SKR calls 10
CHATIEU. checks
*** FLOP *** [3h Qs 5h]
_SKR checks
CHATIEU. bets 40
_SKR folds
CHATIEU. collected 80 from pot
*** SUMMARY ***
Total pot 80 | No rake
Board: [3h Qs 5h]
Seat 2: CHATIEU. (big blind) won 80


Winamax Poker - Tournament "Expresso Nitro" buyIn: 0.93€ + 0.07€ level: 1 - HandId: #2717220388483366913-4-1676212525 - Holdem no limit (10/20) - 2023/02/12 14:35:25 UTC
Table: 'Expresso Nitro(632652172)#0' 3-max (real money) Seat #1 is the button
Seat 1: _SKR (220)
Seat 2: CHATIEU. (410)
Seat 3: LA SOMTUEUSE (270)
*** ANTE/BLINDS ***
CHATIEU. posts small blind 10
LA SOMTUEUSE posts big blind 20
Dealt to _SKR [Th 9c]
*** PRE-FLOP *** 
_SKR folds
CHATIEU. calls 10
LA SOMTUEUSE checks
*** FLOP *** [Qs 4s Jd]
CHATIEU. checks
LA SOMTUEUSE checks
*** TURN *** [Qs 4s Jd][5h]
CHATIEU. checks
LA SOMTUEUSE checks
*** RIVER *** [Qs 4s Jd 5h][7s]
CHATIEU. bets 40
LA SOMTUEUSE folds
CHATIEU. collected 80 from pot
*** SUMMARY ***
Total pot 80 | No rake
Board: [Qs 4s Jd 5h 7s]
Seat 2: CHATIEU. (small blind) won 80


Winamax Poker - Tournament "Expresso Nitro" buyIn: 0.93€ + 0.07€ level: 2 - HandId: #2717220388483366913-5-1676212558 - Holdem no limit (15/30) - 2023/02/12 14:35:58 UTC
Table: 'Expresso Nitro(632652172)#0' 3-max (real money) Seat #2 is the button
Seat 1: _SKR (220)
Seat 2: CHATIEU. (430)
Seat 3: LA SOMTUEUSE (250)
*** ANTE/BLINDS ***
LA SOMTUEUSE posts small blind 15
_SKR posts big blind 30
Dealt to _SKR [3d Td]
*** PRE-FLOP *** 
CHATIEU. raises 30 to 60
LA SOMTUEUSE folds
_SKR folds
CHATIEU. collected 105 from pot
*** SUMMARY ***
Total pot 105 | No rake
Seat 2: CHATIEU. (button) won 105


Winamax Poker - Tournament "Expresso Nitro" buyIn: 0.93€ + 0.07€ level: 2 - HandId: #2717220388483366913-6-1676212569 - Holdem no limit (15/30) - 2023/02/12 14:36:09 UTC
Table: 'Expresso Nitro(632652172)#0' 3-max (real money) Seat #3 is the button
Seat 1: _SKR (190)
Seat 2: CHATIEU. (475)
Seat 3: LA SOMTUEUSE (235)
*** ANTE/BLINDS ***
_SKR posts small blind 15
CHATIEU. posts big blind 30
Dealt to _SKR [7s 5h]
*** PRE-FLOP *** 
LA SOMTUEUSE raises 45 to 75
_SKR folds
CHATIEU. raises 400 to 475 and is all-in
LA SOMTUEUSE calls 160 and is all-in
*** FLOP *** [8s 6c 9c]
*** TURN *** [8s 6c 9c][Ts]
*** RIVER *** [8s 6c 9c Ts][Ad]
*** SHOW DOWN ***
CHATIEU. shows [9s Jh] (One pair : 9)
LA SOMTUEUSE shows [As 3h] (One pair : Aces)
LA SOMTUEUSE collected 485 from main pot
CHATIEU. collected 240 from side pot 1
*** SUMMARY ***
Total pot 725 | No rake
Board: [8s 6c 9c Ts Ad]
Seat 2: CHATIEU. (big blind) showed [9s Jh] and won 240 with One pair : 9
Seat 3: LA SOMTUEUSE (button) showed [As 3h] and won 485 with One pair : Aces


Winamax Poker - Tournament "Expresso Nitro" buyIn: 0.93€ + 0.07€ level: 3 - HandId: #2717220388483366913-7-1676212608 - Holdem no limit (20/40) - 2023/02/12 14:36:48 UTC
Table: 'Expresso Nitro(632652172)#0' 3-max (real money) Seat #1 is the button
Seat 1: _SKR (175)
Seat 2: CHATIEU. (240)
Seat 3: LA SOMTUEUSE (485)
*** ANTE/BLINDS ***
CHATIEU. posts small blind 20
LA SOMTUEUSE posts big blind 40
Dealt to _SKR [2c 4c]
*** PRE-FLOP *** 
_SKR folds
CHATIEU. calls 20
LA SOMTUEUSE raises 60 to 100
CHATIEU. folds
LA SOMTUEUSE collected 140 from pot
*** SUMMARY ***
Total pot 140 | No rake
Seat 3: LA SOMTUEUSE (big blind) won 140


Winamax Poker - Tournament "Expresso Nitro" buyIn: 0.93€ + 0.07€ level: 3 - HandId: #2717220388483366913-8-1676212620 - Holdem no limit (20/40) - 2023/02/12 14:37:00 UTC
Table: 'Expresso Nitro(632652172)#0' 3-max (real money) Seat #2 is the button
Seat 1: _SKR (175)
Seat 2: CHATIEU. (200)
Seat 3: LA SOMTUEUSE (525)
*** ANTE/BLINDS ***
LA SOMTUEUSE posts small blind 20
_SKR posts big blind 40
Dealt to _SKR [8d 6s]
*** PRE-FLOP *** 
CHATIEU. raises 160 to 200 and is all-in
LA SOMTUEUSE folds
_SKR folds
CHATIEU. collected 260 from pot
*** SUMMARY ***
Total pot 260 | No rake
Seat 2: CHATIEU. (button) won 260


Winamax Poker - Tournament "Expresso Nitro" buyIn: 0.93€ + 0.07€ level: 3 - HandId: #2717220388483366913-9-1676212644 - Holdem no limit (20/40) - 2023/02/12 14:37:24 UTC
Table: 'Expresso Nitro(632652172)#0' 3-max (real money) Seat #3 is the button
Seat 1: _SKR (135)
Seat 2: CHATIEU. (260)
Seat 3: LA SOMTUEUSE (505)
*** ANTE/BLINDS ***
_SKR posts small blind 20
CHATIEU. posts big blind 40
Dealt to _SKR [Tc Ad]
*** PRE-FLOP *** 
LA SOMTUEUSE raises 60 to 100
_SKR raises 35 to 135 and is all-in
CHATIEU. raises 125 to 260 and is all-in
LA SOMTUEUSE calls 160
*** FLOP *** [5h 9c 7c]
*** TURN *** [5h 9c 7c][3d]
*** RIVER *** [5h 9c 7c 3d][9h]
*** SHOW DOWN ***
_SKR shows [Tc Ad] (One pair : 9)
CHATIEU. shows [Ac Jc] (One pair : 9)
LA SOMTUEUSE shows [Qd 9d] (Trips of 9)
LA SOMTUEUSE collected 655 from pot
*** SUMMARY ***
Total pot 655 | No rake
Board: [5h 9c 7c 3d 9h]
Seat 1: _SKR (small blind) showed [Tc Ad] and lost with One pair : 9
Seat 2: CHATIEU. (big blind) showed [Ac Jc] and lost with One pair : 9
Seat 3: LA SOMTUEUSE (button) showed [Qd 9d] and won 655 with Trips of 9


