Winamax Poker - Tournament "Expresso Nitro" buyIn: 0.93€ + 0.07€ level: 1 - HandId: #2729138665031729153-1-1676902713 - Holdem no limit (10/20) - 2023/02/20 14:18:33 UTC
Table: 'Expresso Nitro(635427112)#0' 3-max (real money) Seat #1 is the button
Seat 1: _SKR (300)
Seat 2: enzo76200 (300)
Seat 3: MattMurdock (300)
*** ANTE/BLINDS ***
enzo76200 posts small blind 10
MattMurdock posts big blind 20
Dealt to _SKR [Tc 7d]
*** PRE-FLOP *** 
_SKR folds
enzo76200 raises 40 to 60
MattMurdock calls 40
*** FLOP *** [Ah 9d 4c]
enzo76200 bets 60
MattMurdock folds
enzo76200 collected 180 from pot
*** SUMMARY ***
Total pot 180 | No rake
Board: [Ah 9d 4c]
Seat 2: enzo76200 (small blind) won 180


Winamax Poker - Tournament "Expresso Nitro" buyIn: 0.93€ + 0.07€ level: 1 - HandId: #2729138665031729153-2-1676902731 - Holdem no limit (10/20) - 2023/02/20 14:18:51 UTC
Table: 'Expresso Nitro(635427112)#0' 3-max (real money) Seat #2 is the button
Seat 1: _SKR (300)
Seat 2: enzo76200 (360)
Seat 3: MattMurdock (240)
*** ANTE/BLINDS ***
MattMurdock posts small blind 10
_SKR posts big blind 20
Dealt to _SKR [5s 6c]
*** PRE-FLOP *** 
enzo76200 folds
MattMurdock folds
_SKR collected 30 from pot
*** SUMMARY ***
Total pot 30 | No rake
Seat 1: _SKR (big blind) won 30


Winamax Poker - Tournament "Expresso Nitro" buyIn: 0.93€ + 0.07€ level: 1 - HandId: #2729138665031729153-3-1676902737 - Holdem no limit (10/20) - 2023/02/20 14:18:57 UTC
Table: 'Expresso Nitro(635427112)#0' 3-max (real money) Seat #3 is the button
Seat 1: _SKR (310)
Seat 2: enzo76200 (360)
Seat 3: MattMurdock (230)
*** ANTE/BLINDS ***
_SKR posts small blind 10
enzo76200 posts big blind 20
Dealt to _SKR [6h 4s]
*** PRE-FLOP *** 
MattMurdock folds
_SKR folds
enzo76200 collected 30 from pot
*** SUMMARY ***
Total pot 30 | No rake
Seat 2: enzo76200 (big blind) won 30


Winamax Poker - Tournament "Expresso Nitro" buyIn: 0.93€ + 0.07€ level: 1 - HandId: #2729138665031729153-4-1676902748 - Holdem no limit (10/20) - 2023/02/20 14:19:08 UTC
Table: 'Expresso Nitro(635427112)#0' 3-max (real money) Seat #1 is the button
Seat 1: _SKR (300)
Seat 2: enzo76200 (370)
Seat 3: MattMurdock (230)
*** ANTE/BLINDS ***
enzo76200 posts small blind 10
MattMurdock posts big blind 20
Dealt to _SKR [4s 6c]
*** PRE-FLOP *** 
_SKR folds
enzo76200 calls 10
MattMurdock checks
*** FLOP *** [5h 2c 7d]
enzo76200 bets 40
MattMurdock folds
enzo76200 collected 80 from pot
*** SUMMARY ***
Total pot 80 | No rake
Board: [5h 2c 7d]
Seat 2: enzo76200 (small blind) won 80


Winamax Poker - Tournament "Expresso Nitro" buyIn: 0.93€ + 0.07€ level: 1 - HandId: #2729138665031729153-5-1676902768 - Holdem no limit (10/20) - 2023/02/20 14:19:28 UTC
Table: 'Expresso Nitro(635427112)#0' 3-max (real money) Seat #2 is the button
Seat 1: _SKR (300)
Seat 2: enzo76200 (390)
Seat 3: MattMurdock (210)
*** ANTE/BLINDS ***
MattMurdock posts small blind 10
_SKR posts big blind 20
Dealt to _SKR [As 3s]
*** PRE-FLOP *** 
enzo76200 folds
MattMurdock folds
_SKR collected 30 from pot
*** SUMMARY ***
Total pot 30 | No rake
Seat 1: _SKR (big blind) won 30


Winamax Poker - Tournament "Expresso Nitro" buyIn: 0.93€ + 0.07€ level: 2 - HandId: #2729138665031729153-6-1676902776 - Holdem no limit (15/30) - 2023/02/20 14:19:36 UTC
Table: 'Expresso Nitro(635427112)#0' 3-max (real money) Seat #3 is the button
Seat 1: _SKR (310)
Seat 2: enzo76200 (390)
Seat 3: MattMurdock (200)
*** ANTE/BLINDS ***
_SKR posts small blind 15
enzo76200 posts big blind 30
Dealt to _SKR [6d Th]
*** PRE-FLOP *** 
MattMurdock folds
_SKR folds
enzo76200 collected 45 from pot
*** SUMMARY ***
Total pot 45 | No rake
Seat 2: enzo76200 (big blind) won 45


Winamax Poker - Tournament "Expresso Nitro" buyIn: 0.93€ + 0.07€ level: 2 - HandId: #2729138665031729153-7-1676902785 - Holdem no limit (15/30) - 2023/02/20 14:19:45 UTC
Table: 'Expresso Nitro(635427112)#0' 3-max (real money) Seat #1 is the button
Seat 1: _SKR (295)
Seat 2: enzo76200 (405)
Seat 3: MattMurdock (200)
*** ANTE/BLINDS ***
enzo76200 posts small blind 15
MattMurdock posts big blind 30
Dealt to _SKR [Kc 3c]
*** PRE-FLOP *** 
_SKR folds
enzo76200 raises 60 to 90
MattMurdock folds
enzo76200 collected 120 from pot
*** SUMMARY ***
Total pot 120 | No rake
Seat 2: enzo76200 (small blind) won 120


Winamax Poker - Tournament "Expresso Nitro" buyIn: 0.93€ + 0.07€ level: 2 - HandId: #2729138665031729153-8-1676902806 - Holdem no limit (15/30) - 2023/02/20 14:20:06 UTC
Table: 'Expresso Nitro(635427112)#0' 3-max (real money) Seat #2 is the button
Seat 1: _SKR (295)
Seat 2: enzo76200 (435)
Seat 3: MattMurdock (170)
*** ANTE/BLINDS ***
MattMurdock posts small blind 15
_SKR posts big blind 30
Dealt to _SKR [6d Th]
*** PRE-FLOP *** 
enzo76200 folds
MattMurdock raises 140 to 170 and is all-in
_SKR folds
MattMurdock collected 200 from pot
*** SUMMARY ***
Total pot 200 | No rake
Seat 3: MattMurdock (small blind) won 200


Winamax Poker - Tournament "Expresso Nitro" buyIn: 0.93€ + 0.07€ level: 2 - HandId: #2729138665031729153-9-1676902813 - Holdem no limit (15/30) - 2023/02/20 14:20:13 UTC
Table: 'Expresso Nitro(635427112)#0' 3-max (real money) Seat #3 is the button
Seat 1: _SKR (265)
Seat 2: enzo76200 (435)
Seat 3: MattMurdock (200)
*** ANTE/BLINDS ***
_SKR posts small blind 15
enzo76200 posts big blind 30
Dealt to _SKR [7s Qs]
*** PRE-FLOP *** 
MattMurdock folds
_SKR raises 235 to 265 and is all-in
enzo76200 calls 235
*** FLOP *** [Jc 8h 4d]
*** TURN *** [Jc 8h 4d][Qh]
*** RIVER *** [Jc 8h 4d Qh][Jd]
*** SHOW DOWN ***
enzo76200 shows [Kh Ac] (One pair : Jacks)
_SKR shows [7s Qs] (Two pairs : Queens and Jacks)
_SKR collected 530 from pot
*** SUMMARY ***
Total pot 530 | No rake
Board: [Jc 8h 4d Qh Jd]
Seat 1: _SKR (small blind) showed [7s Qs] and won 530 with Two pairs : Queens and Jacks
Seat 2: enzo76200 (big blind) showed [Kh Ac] and lost with One pair : Jacks


Winamax Poker - Tournament "Expresso Nitro" buyIn: 0.93€ + 0.07€ level: 3 - HandId: #2729138665031729153-10-1676902829 - Holdem no limit (20/40) - 2023/02/20 14:20:29 UTC
Table: 'Expresso Nitro(635427112)#0' 3-max (real money) Seat #1 is the button
Seat 1: _SKR (530)
Seat 2: enzo76200 (170)
Seat 3: MattMurdock (200)
*** ANTE/BLINDS ***
enzo76200 posts small blind 20
MattMurdock posts big blind 40
Dealt to _SKR [9h 6c]
*** PRE-FLOP *** 
_SKR folds
enzo76200 raises 130 to 170 and is all-in
MattMurdock calls 130
*** FLOP *** [2c Th 9d]
*** TURN *** [2c Th 9d][9c]
*** RIVER *** [2c Th 9d 9c][Jh]
*** SHOW DOWN ***
enzo76200 shows [5d As] (One pair : 9)
MattMurdock shows [5c 5h] (Two pairs : 9 and 5)
MattMurdock collected 340 from pot
*** SUMMARY ***
Total pot 340 | No rake
Board: [2c Th 9d 9c Jh]
Seat 2: enzo76200 (small blind) showed [5d As] and lost with One pair : 9
Seat 3: MattMurdock (big blind) showed [5c 5h] and won 340 with Two pairs : 9 and 5


Winamax Poker - Tournament "Expresso Nitro" buyIn: 0.93€ + 0.07€ level: 3 - HandId: #2729138665031729153-11-1676902855 - Holdem no limit (20/40) - 2023/02/20 14:20:55 UTC
Table: 'Expresso Nitro(635427112)#0' 3-max (real money) Seat #3 is the button
Seat 1: _SKR (530)
Seat 3: MattMurdock (370)
*** ANTE/BLINDS ***
MattMurdock posts small blind 20
_SKR posts big blind 40
Dealt to _SKR [Qd 8s]
*** PRE-FLOP *** 
MattMurdock raises 330 to 370 and is all-in
_SKR folds
MattMurdock collected 410 from pot
*** SUMMARY ***
Total pot 410 | No rake
Seat 3: MattMurdock (small blind) (button) won 410


Winamax Poker - Tournament "Expresso Nitro" buyIn: 0.93€ + 0.07€ level: 3 - HandId: #2729138665031729153-12-1676902862 - Holdem no limit (20/40) - 2023/02/20 14:21:02 UTC
Table: 'Expresso Nitro(635427112)#0' 3-max (real money) Seat #1 is the button
Seat 1: _SKR (490)
Seat 3: MattMurdock (410)
*** ANTE/BLINDS ***
_SKR posts small blind 20
MattMurdock posts big blind 40
Dealt to _SKR [Ad Qh]
*** PRE-FLOP *** 
_SKR raises 450 to 490 and is all-in
MattMurdock folds
_SKR collected 530 from pot
*** SUMMARY ***
Total pot 530 | No rake
Seat 1: _SKR (small blind) (button) won 530


Winamax Poker - Tournament "Expresso Nitro" buyIn: 0.93€ + 0.07€ level: 3 - HandId: #2729138665031729153-13-1676902874 - Holdem no limit (20/40) - 2023/02/20 14:21:14 UTC
Table: 'Expresso Nitro(635427112)#0' 3-max (real money) Seat #3 is the button
Seat 1: _SKR (530)
Seat 3: MattMurdock (370)
*** ANTE/BLINDS ***
MattMurdock posts small blind 20
_SKR posts big blind 40
Dealt to _SKR [Kd Ad]
*** PRE-FLOP *** 
MattMurdock raises 330 to 370 and is all-in
_SKR raises 160 to 530 and is all-in
*** FLOP *** [Jc Qh 7d]
*** TURN *** [Jc Qh 7d][2d]
*** RIVER *** [Jc Qh 7d 2d][4s]
*** SHOW DOWN ***
_SKR shows [Kd Ad] (High card : Ace)
MattMurdock shows [7c Ks] (One pair : 7)
MattMurdock collected 740 from main pot
_SKR collected 160 from side pot 1
*** SUMMARY ***
Total pot 900 | No rake
Board: [Jc Qh 7d 2d 4s]
Seat 1: _SKR (big blind) showed [Kd Ad] and won 160 with High card : Ace
Seat 3: MattMurdock (small blind) (button) showed [7c Ks] and won 740 with One pair : 7


Winamax Poker - Tournament "Expresso Nitro" buyIn: 0.93€ + 0.07€ level: 3 - HandId: #2729138665031729153-14-1676902886 - Holdem no limit (20/40) - 2023/02/20 14:21:26 UTC
Table: 'Expresso Nitro(635427112)#0' 3-max (real money) Seat #1 is the button
Seat 1: _SKR (160)
Seat 3: MattMurdock (740)
*** ANTE/BLINDS ***
_SKR posts small blind 20
MattMurdock posts big blind 40
Dealt to _SKR [9c 9s]
*** PRE-FLOP *** 
_SKR raises 120 to 160 and is all-in
MattMurdock calls 120
*** FLOP *** [2d Ts 7h]
*** TURN *** [2d Ts 7h][8h]
*** RIVER *** [2d Ts 7h 8h][9h]
*** SHOW DOWN ***
MattMurdock shows [4s 3c] (High card : Ten)
_SKR shows [9c 9s] (Trips of 9)
_SKR collected 320 from pot
*** SUMMARY ***
Total pot 320 | No rake
Board: [2d Ts 7h 8h 9h]
Seat 1: _SKR (small blind) (button) showed [9c 9s] and won 320 with Trips of 9
Seat 3: MattMurdock (big blind) showed [4s 3c] and lost with High card : Ten


Winamax Poker - Tournament "Expresso Nitro" buyIn: 0.93€ + 0.07€ level: 4 - HandId: #2729138665031729153-15-1676902901 - Holdem no limit (30/60) - 2023/02/20 14:21:41 UTC
Table: 'Expresso Nitro(635427112)#0' 3-max (real money) Seat #3 is the button
Seat 1: _SKR (320)
Seat 3: MattMurdock (580)
*** ANTE/BLINDS ***
MattMurdock posts small blind 30
_SKR posts big blind 60
Dealt to _SKR [Th Kh]
*** PRE-FLOP *** 
MattMurdock folds
_SKR collected 90 from pot
*** SUMMARY ***
Total pot 90 | No rake
Seat 1: _SKR (big blind) won 90


Winamax Poker - Tournament "Expresso Nitro" buyIn: 0.93€ + 0.07€ level: 4 - HandId: #2729138665031729153-16-1676902914 - Holdem no limit (30/60) - 2023/02/20 14:21:54 UTC
Table: 'Expresso Nitro(635427112)#0' 3-max (real money) Seat #1 is the button
Seat 1: _SKR (350)
Seat 3: MattMurdock (550)
*** ANTE/BLINDS ***
_SKR posts small blind 30
MattMurdock posts big blind 60
Dealt to _SKR [Kc 4s]
*** PRE-FLOP *** 
_SKR raises 290 to 350 and is all-in
MattMurdock calls 290
*** FLOP *** [Ad 5s 6c]
*** TURN *** [Ad 5s 6c][7d]
*** RIVER *** [Ad 5s 6c 7d][6h]
*** SHOW DOWN ***
_SKR shows [Kc 4s] (One pair : 6)
MattMurdock shows [2s Ks] (One pair : 6)
MattMurdock collected 350 from pot
_SKR collected 350 from pot
*** SUMMARY ***
Total pot 700 | No rake
Board: [Ad 5s 6c 7d 6h]
Seat 1: _SKR (small blind) (button) showed [Kc 4s] and won 350 with One pair : 6
Seat 3: MattMurdock (big blind) showed [2s Ks] and won 350 with One pair : 6


Winamax Poker - Tournament "Expresso Nitro" buyIn: 0.93€ + 0.07€ level: 4 - HandId: #2729138665031729153-17-1676902925 - Holdem no limit (30/60) - 2023/02/20 14:22:05 UTC
Table: 'Expresso Nitro(635427112)#0' 3-max (real money) Seat #3 is the button
Seat 1: _SKR (350)
Seat 3: MattMurdock (550)
*** ANTE/BLINDS ***
MattMurdock posts small blind 30
_SKR posts big blind 60
Dealt to _SKR [Ac 6s]
*** PRE-FLOP *** 
MattMurdock raises 490 to 550 and is all-in
_SKR calls 290 and is all-in
*** FLOP *** [6d Ad 9c]
*** TURN *** [6d Ad 9c][8h]
*** RIVER *** [6d Ad 9c 8h][3h]
*** SHOW DOWN ***
_SKR shows [Ac 6s] (Two pairs : Aces and 6)
MattMurdock shows [8d 7d] (One pair : 8)
MattMurdock collected 200 from side pot 1
_SKR collected 700 from main pot
*** SUMMARY ***
Total pot 900 | No rake
Board: [6d Ad 9c 8h 3h]
Seat 1: _SKR (big blind) showed [Ac 6s] and won 700 with Two pairs : Aces and 6
Seat 3: MattMurdock (small blind) (button) showed [8d 7d] and won 200 with One pair : 8


Winamax Poker - Tournament "Expresso Nitro" buyIn: 0.93€ + 0.07€ level: 4 - HandId: #2729138665031729153-18-1676902941 - Holdem no limit (30/60) - 2023/02/20 14:22:21 UTC
Table: 'Expresso Nitro(635427112)#0' 3-max (real money) Seat #1 is the button
Seat 1: _SKR (700)
Seat 3: MattMurdock (200)
*** ANTE/BLINDS ***
_SKR posts small blind 30
MattMurdock posts big blind 60
Dealt to _SKR [4d Kh]
*** PRE-FLOP *** 
_SKR raises 640 to 700 and is all-in
MattMurdock calls 140 and is all-in
*** FLOP *** [5c 6s Ad]
*** TURN *** [5c 6s Ad][Tc]
*** RIVER *** [5c 6s Ad Tc][5h]
*** SHOW DOWN ***
_SKR shows [4d Kh] (One pair : 5)
MattMurdock shows [9d Th] (Two pairs : Tens and 5)
MattMurdock collected 400 from main pot
_SKR collected 500 from side pot 1
*** SUMMARY ***
Total pot 900 | No rake
Board: [5c 6s Ad Tc 5h]
Seat 1: _SKR (small blind) (button) showed [4d Kh] and won 500 with One pair : 5
Seat 3: MattMurdock (big blind) showed [9d Th] and won 400 with Two pairs : Tens and 5


Winamax Poker - Tournament "Expresso Nitro" buyIn: 0.93€ + 0.07€ level: 5 - HandId: #2729138665031729153-19-1676902953 - Holdem no limit (40/80) - 2023/02/20 14:22:33 UTC
Table: 'Expresso Nitro(635427112)#0' 3-max (real money) Seat #3 is the button
Seat 1: _SKR (500)
Seat 3: MattMurdock (400)
*** ANTE/BLINDS ***
MattMurdock posts small blind 40
_SKR posts big blind 80
Dealt to _SKR [Jc 2c]
*** PRE-FLOP *** 
MattMurdock raises 320 to 400 and is all-in
_SKR folds
MattMurdock collected 480 from pot
*** SUMMARY ***
Total pot 480 | No rake
Seat 3: MattMurdock (small blind) (button) won 480


Winamax Poker - Tournament "Expresso Nitro" buyIn: 0.93€ + 0.07€ level: 5 - HandId: #2729138665031729153-20-1676902958 - Holdem no limit (40/80) - 2023/02/20 14:22:38 UTC
Table: 'Expresso Nitro(635427112)#0' 3-max (real money) Seat #1 is the button
Seat 1: _SKR (420)
Seat 3: MattMurdock (480)
*** ANTE/BLINDS ***
_SKR posts small blind 40
MattMurdock posts big blind 80
Dealt to _SKR [Tc As]
*** PRE-FLOP *** 
_SKR raises 340 to 420 and is all-in
MattMurdock calls 340
*** FLOP *** [Ac 3h 9s]
*** TURN *** [Ac 3h 9s][4d]
*** RIVER *** [Ac 3h 9s 4d][Kc]
*** SHOW DOWN ***
MattMurdock shows [Qc Qh] (One pair : Queens)
_SKR shows [Tc As] (One pair : Aces)
_SKR collected 840 from pot
*** SUMMARY ***
Total pot 840 | No rake
Board: [Ac 3h 9s 4d Kc]
Seat 1: _SKR (small blind) (button) showed [Tc As] and won 840 with One pair : Aces
Seat 3: MattMurdock (big blind) showed [Qc Qh] and lost with One pair : Queens


Winamax Poker - Tournament "Expresso Nitro" buyIn: 0.93€ + 0.07€ level: 5 - HandId: #2729138665031729153-21-1676902972 - Holdem no limit (40/80) - 2023/02/20 14:22:52 UTC
Table: 'Expresso Nitro(635427112)#0' 3-max (real money) Seat #3 is the button
Seat 1: _SKR (840)
Seat 3: MattMurdock (60)
*** ANTE/BLINDS ***
MattMurdock posts small blind 40
_SKR posts big blind 80
Dealt to _SKR [4s 9c]
*** PRE-FLOP *** 
MattMurdock calls 20 and is all-in
*** FLOP *** [5h Kd 7c]
*** TURN *** [5h Kd 7c][8s]
*** RIVER *** [5h Kd 7c 8s][Tc]
*** SHOW DOWN ***
_SKR shows [4s 9c] (High card : King)
MattMurdock shows [4d Ac] (High card : Ace)
MattMurdock collected 120 from main pot
_SKR collected 20 from side pot 1
*** SUMMARY ***
Total pot 140 | No rake
Board: [5h Kd 7c 8s Tc]
Seat 1: _SKR (big blind) showed [4s 9c] and won 20 with High card : King
Seat 3: MattMurdock (small blind) (button) showed [4d Ac] and won 120 with High card : Ace


Winamax Poker - Tournament "Expresso Nitro" buyIn: 0.93€ + 0.07€ level: 5 - HandId: #2729138665031729153-22-1676902981 - Holdem no limit (40/80) - 2023/02/20 14:23:01 UTC
Table: 'Expresso Nitro(635427112)#0' 3-max (real money) Seat #1 is the button
Seat 1: _SKR (780)
Seat 3: MattMurdock (120)
*** ANTE/BLINDS ***
_SKR posts small blind 40
MattMurdock posts big blind 80
Dealt to _SKR [Qd 8h]
*** PRE-FLOP *** 
_SKR raises 80 to 160
MattMurdock calls 40 and is all-in
*** FLOP *** [9c 2s 6d]
*** TURN *** [9c 2s 6d][9d]
*** RIVER *** [9c 2s 6d 9d][Ac]
*** SHOW DOWN ***
_SKR shows [Qd 8h] (One pair : 9)
MattMurdock shows [Ad Kd] (Two pairs : Aces and 9)
MattMurdock collected 240 from main pot
_SKR collected 40 from side pot 1
*** SUMMARY ***
Total pot 280 | No rake
Board: [9c 2s 6d 9d Ac]
Seat 1: _SKR (small blind) (button) showed [Qd 8h] and won 40 with One pair : 9
Seat 3: MattMurdock (big blind) showed [Ad Kd] and won 240 with Two pairs : Aces and 9


Winamax Poker - Tournament "Expresso Nitro" buyIn: 0.93€ + 0.07€ level: 5 - HandId: #2729138665031729153-23-1676902991 - Holdem no limit (40/80) - 2023/02/20 14:23:11 UTC
Table: 'Expresso Nitro(635427112)#0' 3-max (real money) Seat #3 is the button
Seat 1: _SKR (660)
Seat 3: MattMurdock (240)
*** ANTE/BLINDS ***
MattMurdock posts small blind 40
_SKR posts big blind 80
Dealt to _SKR [6c 4s]
*** PRE-FLOP *** 
MattMurdock raises 160 to 240 and is all-in
_SKR folds
MattMurdock collected 320 from pot
*** SUMMARY ***
Total pot 320 | No rake
Seat 3: MattMurdock (small blind) (button) won 320


Winamax Poker - Tournament "Expresso Nitro" buyIn: 0.93€ + 0.07€ level: 5 - HandId: #2729138665031729153-24-1676902999 - Holdem no limit (40/80) - 2023/02/20 14:23:19 UTC
Table: 'Expresso Nitro(635427112)#0' 3-max (real money) Seat #1 is the button
Seat 1: _SKR (580)
Seat 3: MattMurdock (320)
*** ANTE/BLINDS ***
_SKR posts small blind 40
MattMurdock posts big blind 80
Dealt to _SKR [2c 8h]
*** PRE-FLOP *** 
_SKR folds
MattMurdock collected 120 from pot
*** SUMMARY ***
Total pot 120 | No rake
Seat 3: MattMurdock (big blind) won 120


Winamax Poker - Tournament "Expresso Nitro" buyIn: 0.93€ + 0.07€ level: 5 - HandId: #2729138665031729153-25-1676903004 - Holdem no limit (40/80) - 2023/02/20 14:23:24 UTC
Table: 'Expresso Nitro(635427112)#0' 3-max (real money) Seat #3 is the button
Seat 1: _SKR (540)
Seat 3: MattMurdock (360)
*** ANTE/BLINDS ***
MattMurdock posts small blind 40
_SKR posts big blind 80
Dealt to _SKR [2d Kd]
*** PRE-FLOP *** 
MattMurdock raises 280 to 360 and is all-in
_SKR calls 280
*** FLOP *** [2s Jh Th]
*** TURN *** [2s Jh Th][8c]
*** RIVER *** [2s Jh Th 8c][5c]
*** SHOW DOWN ***
MattMurdock shows [Qc Kh] (High card : King)
_SKR shows [2d Kd] (One pair : 2)
_SKR collected 720 from pot
*** SUMMARY ***
Total pot 720 | No rake
Board: [2s Jh Th 8c 5c]
Seat 1: _SKR (big blind) showed [2d Kd] and won 720 with One pair : 2
Seat 3: MattMurdock (small blind) (button) showed [Qc Kh] and lost with High card : King


