Winamax Poker - Tournament "Expresso Nitro" buyIn: 0.93€ + 0.07€ level: 1 - HandId: #2691978492022620161-1-1674776117 - Holdem no limit (10/20) - 2023/01/26 23:35:17 UTC
Table: 'Expresso Nitro(626775085)#0' 3-max (real money) Seat #3 is the button
Seat 1: Branco19 (300)
Seat 2: _SKR (300)
Seat 3: nohe697 (300)
*** ANTE/BLINDS ***
Branco19 posts small blind 10
_SKR posts big blind 20
Dealt to _SKR [6c 3s]
*** PRE-FLOP *** 
nohe697 raises 280 to 300 and is all-in
Branco19 calls 290 and is all-in
_SKR folds
*** FLOP *** [6h Td 8h]
*** TURN *** [6h Td 8h][3d]
*** RIVER *** [6h Td 8h 3d][2s]
*** SHOW DOWN ***
nohe697 shows [Kh Js] (High card : King)
Branco19 shows [Tc Qc] (One pair : Tens)
Branco19 collected 620 from pot
*** SUMMARY ***
Total pot 620 | No rake
Board: [6h Td 8h 3d 2s]
Seat 1: Branco19 (small blind) showed [Tc Qc] and won 620 with One pair : Tens
Seat 3: nohe697 (button) showed [Kh Js] and lost with High card : King


Winamax Poker - Tournament "Expresso Nitro" buyIn: 0.93€ + 0.07€ level: 1 - HandId: #2691978492022620161-2-1674776137 - Holdem no limit (10/20) - 2023/01/26 23:35:37 UTC
Table: 'Expresso Nitro(626775085)#0' 3-max (real money) Seat #2 is the button
Seat 1: Branco19 (620)
Seat 2: _SKR (280)
*** ANTE/BLINDS ***
_SKR posts small blind 10
Branco19 posts big blind 20
Dealt to _SKR [8h Th]
*** PRE-FLOP *** 
_SKR calls 10
Branco19 checks
*** FLOP *** [5s 8d 6d]
Branco19 checks
_SKR bets 20
Branco19 calls 20
*** TURN *** [5s 8d 6d][4c]
Branco19 checks
_SKR bets 40
Branco19 calls 40
*** RIVER *** [5s 8d 6d 4c][2c]
Branco19 checks
_SKR bets 80
Branco19 folds
_SKR collected 240 from pot
*** SUMMARY ***
Total pot 240 | No rake
Board: [5s 8d 6d 4c 2c]
Seat 2: _SKR (small blind) (button) won 240


Winamax Poker - Tournament "Expresso Nitro" buyIn: 0.93€ + 0.07€ level: 1 - HandId: #2691978492022620161-3-1674776167 - Holdem no limit (10/20) - 2023/01/26 23:36:07 UTC
Table: 'Expresso Nitro(626775085)#0' 3-max (real money) Seat #1 is the button
Seat 1: Branco19 (540)
Seat 2: _SKR (360)
*** ANTE/BLINDS ***
Branco19 posts small blind 10
_SKR posts big blind 20
Dealt to _SKR [4c 3h]
*** PRE-FLOP *** 
Branco19 raises 520 to 540 and is all-in
_SKR folds
Branco19 collected 560 from pot
*** SUMMARY ***
Total pot 560 | No rake
Seat 1: Branco19 (small blind) (button) won 560


Winamax Poker - Tournament "Expresso Nitro" buyIn: 0.93€ + 0.07€ level: 2 - HandId: #2691978492022620161-4-1674776173 - Holdem no limit (15/30) - 2023/01/26 23:36:13 UTC
Table: 'Expresso Nitro(626775085)#0' 3-max (real money) Seat #2 is the button
Seat 1: Branco19 (560)
Seat 2: _SKR (340)
*** ANTE/BLINDS ***
_SKR posts small blind 15
Branco19 posts big blind 30
Dealt to _SKR [Qd 3s]
*** PRE-FLOP *** 
_SKR folds
Branco19 collected 45 from pot
*** SUMMARY ***
Total pot 45 | No rake
Seat 1: Branco19 (big blind) won 45


Winamax Poker - Tournament "Expresso Nitro" buyIn: 0.93€ + 0.07€ level: 2 - HandId: #2691978492022620161-5-1674776177 - Holdem no limit (15/30) - 2023/01/26 23:36:17 UTC
Table: 'Expresso Nitro(626775085)#0' 3-max (real money) Seat #1 is the button
Seat 1: Branco19 (575)
Seat 2: _SKR (325)
*** ANTE/BLINDS ***
Branco19 posts small blind 15
_SKR posts big blind 30
Dealt to _SKR [8c Th]
*** PRE-FLOP *** 
Branco19 calls 15
_SKR checks
*** FLOP *** [Ts 9s 6d]
_SKR checks
Branco19 bets 545 and is all-in
_SKR calls 295 and is all-in
*** TURN *** [Ts 9s 6d][5c]
*** RIVER *** [Ts 9s 6d 5c][4h]
*** SHOW DOWN ***
Branco19 shows [Tc 7s] (One pair : Tens)
_SKR shows [8c Th] (One pair : Tens)
_SKR collected 650 from main pot
Branco19 collected 250 from side pot 1
*** SUMMARY ***
Total pot 900 | No rake
Board: [Ts 9s 6d 5c 4h]
Seat 1: Branco19 (small blind) (button) showed [Tc 7s] and won 250 with One pair : Tens
Seat 2: _SKR (big blind) showed [8c Th] and won 650 with One pair : Tens


Winamax Poker - Tournament "Expresso Nitro" buyIn: 0.93€ + 0.07€ level: 2 - HandId: #2691978492022620161-6-1674776202 - Holdem no limit (15/30) - 2023/01/26 23:36:42 UTC
Table: 'Expresso Nitro(626775085)#0' 3-max (real money) Seat #2 is the button
Seat 1: Branco19 (250)
Seat 2: _SKR (650)
*** ANTE/BLINDS ***
_SKR posts small blind 15
Branco19 posts big blind 30
Dealt to _SKR [6h 8h]
*** PRE-FLOP *** 
_SKR calls 15
Branco19 raises 220 to 250 and is all-in
_SKR folds
Branco19 collected 280 from pot
*** SUMMARY ***
Total pot 280 | No rake
Seat 1: Branco19 (big blind) won 280


Winamax Poker - Tournament "Expresso Nitro" buyIn: 0.93€ + 0.07€ level: 2 - HandId: #2691978492022620161-7-1674776217 - Holdem no limit (15/30) - 2023/01/26 23:36:57 UTC
Table: 'Expresso Nitro(626775085)#0' 3-max (real money) Seat #1 is the button
Seat 1: Branco19 (280)
Seat 2: _SKR (620)
*** ANTE/BLINDS ***
Branco19 posts small blind 15
_SKR posts big blind 30
Dealt to _SKR [2h Jd]
*** PRE-FLOP *** 
Branco19 calls 15
_SKR checks
*** FLOP *** [9s 3s 9c]
_SKR checks
Branco19 checks
*** TURN *** [9s 3s 9c][5c]
_SKR checks
Branco19 checks
*** RIVER *** [9s 3s 9c 5c][6d]
_SKR checks
Branco19 checks
*** SHOW DOWN ***
Branco19 shows [4d Jh] (One pair : 9)
_SKR shows [2h Jd] (One pair : 9)
_SKR collected 30 from pot
Branco19 collected 30 from pot
*** SUMMARY ***
Total pot 60 | No rake
Board: [9s 3s 9c 5c 6d]
Seat 1: Branco19 (small blind) (button) showed [4d Jh] and won 30 with One pair : 9
Seat 2: _SKR (big blind) showed [2h Jd] and won 30 with One pair : 9


Winamax Poker - Tournament "Expresso Nitro" buyIn: 0.93€ + 0.07€ level: 3 - HandId: #2691978492022620161-8-1674776234 - Holdem no limit (20/40) - 2023/01/26 23:37:14 UTC
Table: 'Expresso Nitro(626775085)#0' 3-max (real money) Seat #2 is the button
Seat 1: Branco19 (280)
Seat 2: _SKR (620)
*** ANTE/BLINDS ***
_SKR posts small blind 20
Branco19 posts big blind 40
Dealt to _SKR [Kd 5d]
*** PRE-FLOP *** 
_SKR raises 580 to 620 and is all-in
Branco19 calls 240 and is all-in
*** FLOP *** [7c 9s 9c]
*** TURN *** [7c 9s 9c][6h]
*** RIVER *** [7c 9s 9c 6h][Ts]
*** SHOW DOWN ***
Branco19 shows [Qh Kc] (One pair : 9)
_SKR shows [Kd 5d] (One pair : 9)
_SKR collected 340 from side pot 1
Branco19 collected 560 from main pot
*** SUMMARY ***
Total pot 900 | No rake
Board: [7c 9s 9c 6h Ts]
Seat 1: Branco19 (big blind) showed [Qh Kc] and won 560 with One pair : 9
Seat 2: _SKR (small blind) (button) showed [Kd 5d] and won 340 with One pair : 9


Winamax Poker - Tournament "Expresso Nitro" buyIn: 0.93€ + 0.07€ level: 3 - HandId: #2691978492022620161-9-1674776246 - Holdem no limit (20/40) - 2023/01/26 23:37:26 UTC
Table: 'Expresso Nitro(626775085)#0' 3-max (real money) Seat #1 is the button
Seat 1: Branco19 (560)
Seat 2: _SKR (340)
*** ANTE/BLINDS ***
Branco19 posts small blind 20
_SKR posts big blind 40
Dealt to _SKR [3h Qs]
*** PRE-FLOP *** 
Branco19 calls 20
_SKR checks
*** FLOP *** [4d 7d Tc]
_SKR checks
Branco19 checks
*** TURN *** [4d 7d Tc][8h]
_SKR checks
Branco19 checks
*** RIVER *** [4d 7d Tc 8h][3s]
_SKR checks
Branco19 checks
*** SHOW DOWN ***
Branco19 shows [5s 9s] (High card : Ten)
_SKR shows [3h Qs] (One pair : 3)
_SKR collected 80 from pot
*** SUMMARY ***
Total pot 80 | No rake
Board: [4d 7d Tc 8h 3s]
Seat 1: Branco19 (small blind) (button) showed [5s 9s] and lost with High card : Ten
Seat 2: _SKR (big blind) showed [3h Qs] and won 80 with One pair : 3


Winamax Poker - Tournament "Expresso Nitro" buyIn: 0.93€ + 0.07€ level: 3 - HandId: #2691978492022620161-10-1674776277 - Holdem no limit (20/40) - 2023/01/26 23:37:57 UTC
Table: 'Expresso Nitro(626775085)#0' 3-max (real money) Seat #2 is the button
Seat 1: Branco19 (520)
Seat 2: _SKR (380)
*** ANTE/BLINDS ***
_SKR posts small blind 20
Branco19 posts big blind 40
Dealt to _SKR [7s As]
*** PRE-FLOP *** 
_SKR raises 340 to 380 and is all-in
Branco19 calls 340
*** FLOP *** [8s 4d 4c]
*** TURN *** [8s 4d 4c][Qc]
*** RIVER *** [8s 4d 4c Qc][Ts]
*** SHOW DOWN ***
Branco19 shows [9d Kc] (One pair : 4)
_SKR shows [7s As] (One pair : 4)
_SKR collected 760 from pot
*** SUMMARY ***
Total pot 760 | No rake
Board: [8s 4d 4c Qc Ts]
Seat 1: Branco19 (big blind) showed [9d Kc] and lost with One pair : 4
Seat 2: _SKR (small blind) (button) showed [7s As] and won 760 with One pair : 4


Winamax Poker - Tournament "Expresso Nitro" buyIn: 0.93€ + 0.07€ level: 3 - HandId: #2691978492022620161-11-1674776292 - Holdem no limit (20/40) - 2023/01/26 23:38:12 UTC
Table: 'Expresso Nitro(626775085)#0' 3-max (real money) Seat #1 is the button
Seat 1: Branco19 (140)
Seat 2: _SKR (760)
*** ANTE/BLINDS ***
Branco19 posts small blind 20
_SKR posts big blind 40
Dealt to _SKR [Jd Ac]
*** PRE-FLOP *** 
Branco19 raises 100 to 140 and is all-in
_SKR calls 100
*** FLOP *** [8c Jc Jh]
*** TURN *** [8c Jc Jh][6h]
*** RIVER *** [8c Jc Jh 6h][4s]
*** SHOW DOWN ***
Branco19 shows [5h Kd] (One pair : Jacks)
_SKR shows [Jd Ac] (Trips of Jacks)
_SKR collected 280 from pot
*** SUMMARY ***
Total pot 280 | No rake
Board: [8c Jc Jh 6h 4s]
Seat 1: Branco19 (small blind) (button) showed [5h Kd] and lost with One pair : Jacks
Seat 2: _SKR (big blind) showed [Jd Ac] and won 280 with Trips of Jacks


