Winamax Poker - Tournament "Expresso Nitro" buyIn: 1.86€ + 0.14€ level: 1 - HandId: #2696555930727743489-1-1675086843 - Holdem no limit (10/20) - 2023/01/30 13:54:03 UTC
Table: 'Expresso Nitro(627840853)#0' 3-max (real money) Seat #2 is the button
Seat 1: SHARK06600 (300)
Seat 2: Coq82 (300)
Seat 3: _SKR (300)
*** ANTE/BLINDS ***
_SKR posts small blind 10
SHARK06600 posts big blind 20
Dealt to _SKR [9s Kh]
*** PRE-FLOP *** 
Coq82 folds
_SKR raises 20 to 40
SHARK06600 calls 20
*** FLOP *** [8c 6d 5d]
_SKR checks
SHARK06600 checks
*** TURN *** [8c 6d 5d][6s]
_SKR checks
SHARK06600 bets 20
_SKR folds
SHARK06600 collected 100 from pot
*** SUMMARY ***
Total pot 100 | No rake
Board: [8c 6d 5d 6s]
Seat 1: SHARK06600 (big blind) won 100


Winamax Poker - Tournament "Expresso Nitro" buyIn: 1.86€ + 0.14€ level: 1 - HandId: #2696555930727743489-2-1675086865 - Holdem no limit (10/20) - 2023/01/30 13:54:25 UTC
Table: 'Expresso Nitro(627840853)#0' 3-max (real money) Seat #3 is the button
Seat 1: SHARK06600 (340)
Seat 2: Coq82 (300)
Seat 3: _SKR (260)
*** ANTE/BLINDS ***
SHARK06600 posts small blind 10
Coq82 posts big blind 20
Dealt to _SKR [Qc 2d]
*** PRE-FLOP *** 
_SKR folds
SHARK06600 raises 30 to 50
Coq82 folds
SHARK06600 collected 70 from pot
*** SUMMARY ***
Total pot 70 | No rake
Seat 1: SHARK06600 (small blind) won 70


Winamax Poker - Tournament "Expresso Nitro" buyIn: 1.86€ + 0.14€ level: 1 - HandId: #2696555930727743489-3-1675086875 - Holdem no limit (10/20) - 2023/01/30 13:54:35 UTC
Table: 'Expresso Nitro(627840853)#0' 3-max (real money) Seat #1 is the button
Seat 1: SHARK06600 (360)
Seat 2: Coq82 (280)
Seat 3: _SKR (260)
*** ANTE/BLINDS ***
Coq82 posts small blind 10
_SKR posts big blind 20
Dealt to _SKR [5d Tc]
*** PRE-FLOP *** 
SHARK06600 raises 20 to 40
Coq82 folds
_SKR folds
SHARK06600 collected 70 from pot
*** SUMMARY ***
Total pot 70 | No rake
Seat 1: SHARK06600 (button) won 70


Winamax Poker - Tournament "Expresso Nitro" buyIn: 1.86€ + 0.14€ level: 1 - HandId: #2696555930727743489-4-1675086884 - Holdem no limit (10/20) - 2023/01/30 13:54:44 UTC
Table: 'Expresso Nitro(627840853)#0' 3-max (real money) Seat #2 is the button
Seat 1: SHARK06600 (390)
Seat 2: Coq82 (270)
Seat 3: _SKR (240)
*** ANTE/BLINDS ***
_SKR posts small blind 10
SHARK06600 posts big blind 20
Dealt to _SKR [7d 5h]
*** PRE-FLOP *** 
Coq82 folds
_SKR folds
SHARK06600 collected 30 from pot
*** SUMMARY ***
Total pot 30 | No rake
Seat 1: SHARK06600 (big blind) won 30


Winamax Poker - Tournament "Expresso Nitro" buyIn: 1.86€ + 0.14€ level: 1 - HandId: #2696555930727743489-5-1675086888 - Holdem no limit (10/20) - 2023/01/30 13:54:48 UTC
Table: 'Expresso Nitro(627840853)#0' 3-max (real money) Seat #3 is the button
Seat 1: SHARK06600 (400)
Seat 2: Coq82 (270)
Seat 3: _SKR (230)
*** ANTE/BLINDS ***
SHARK06600 posts small blind 10
Coq82 posts big blind 20
Dealt to _SKR [2c Jd]
*** PRE-FLOP *** 
_SKR folds
SHARK06600 raises 380 to 400 and is all-in
Coq82 folds
SHARK06600 collected 420 from pot
*** SUMMARY ***
Total pot 420 | No rake
Seat 1: SHARK06600 (small blind) won 420


Winamax Poker - Tournament "Expresso Nitro" buyIn: 1.86€ + 0.14€ level: 1 - HandId: #2696555930727743489-6-1675086894 - Holdem no limit (10/20) - 2023/01/30 13:54:54 UTC
Table: 'Expresso Nitro(627840853)#0' 3-max (real money) Seat #1 is the button
Seat 1: SHARK06600 (420)
Seat 2: Coq82 (250)
Seat 3: _SKR (230)
*** ANTE/BLINDS ***
Coq82 posts small blind 10
_SKR posts big blind 20
Dealt to _SKR [Jc 5d]
*** PRE-FLOP *** 
SHARK06600 folds
Coq82 folds
_SKR collected 30 from pot
*** SUMMARY ***
Total pot 30 | No rake
Seat 3: _SKR (big blind) won 30


Winamax Poker - Tournament "Expresso Nitro" buyIn: 1.86€ + 0.14€ level: 2 - HandId: #2696555930727743489-7-1675086900 - Holdem no limit (15/30) - 2023/01/30 13:55:00 UTC
Table: 'Expresso Nitro(627840853)#0' 3-max (real money) Seat #2 is the button
Seat 1: SHARK06600 (420)
Seat 2: Coq82 (240)
Seat 3: _SKR (240)
*** ANTE/BLINDS ***
_SKR posts small blind 15
SHARK06600 posts big blind 30
Dealt to _SKR [8c 9d]
*** PRE-FLOP *** 
Coq82 folds
_SKR folds
SHARK06600 collected 45 from pot
*** SUMMARY ***
Total pot 45 | No rake
Seat 1: SHARK06600 (big blind) won 45


Winamax Poker - Tournament "Expresso Nitro" buyIn: 1.86€ + 0.14€ level: 2 - HandId: #2696555930727743489-8-1675086905 - Holdem no limit (15/30) - 2023/01/30 13:55:05 UTC
Table: 'Expresso Nitro(627840853)#0' 3-max (real money) Seat #3 is the button
Seat 1: SHARK06600 (435)
Seat 2: Coq82 (240)
Seat 3: _SKR (225)
*** ANTE/BLINDS ***
SHARK06600 posts small blind 15
Coq82 posts big blind 30
Dealt to _SKR [Jh 9d]
*** PRE-FLOP *** 
_SKR folds
SHARK06600 raises 60 to 90
Coq82 folds
SHARK06600 collected 120 from pot
*** SUMMARY ***
Total pot 120 | No rake
Seat 1: SHARK06600 (small blind) won 120


Winamax Poker - Tournament "Expresso Nitro" buyIn: 1.86€ + 0.14€ level: 2 - HandId: #2696555930727743489-9-1675086921 - Holdem no limit (15/30) - 2023/01/30 13:55:21 UTC
Table: 'Expresso Nitro(627840853)#0' 3-max (real money) Seat #1 is the button
Seat 1: SHARK06600 (465)
Seat 2: Coq82 (210)
Seat 3: _SKR (225)
*** ANTE/BLINDS ***
Coq82 posts small blind 15
_SKR posts big blind 30
Dealt to _SKR [6h Jc]
*** PRE-FLOP *** 
SHARK06600 raises 435 to 465 and is all-in
Coq82 folds
_SKR folds
SHARK06600 collected 510 from pot
*** SUMMARY ***
Total pot 510 | No rake
Seat 1: SHARK06600 (button) won 510


Winamax Poker - Tournament "Expresso Nitro" buyIn: 1.86€ + 0.14€ level: 2 - HandId: #2696555930727743489-10-1675086928 - Holdem no limit (15/30) - 2023/01/30 13:55:28 UTC
Table: 'Expresso Nitro(627840853)#0' 3-max (real money) Seat #2 is the button
Seat 1: SHARK06600 (510)
Seat 2: Coq82 (195)
Seat 3: _SKR (195)
*** ANTE/BLINDS ***
_SKR posts small blind 15
SHARK06600 posts big blind 30
Dealt to _SKR [3c 8c]
*** PRE-FLOP *** 
Coq82 folds
_SKR folds
SHARK06600 collected 45 from pot
*** SUMMARY ***
Total pot 45 | No rake
Seat 1: SHARK06600 (big blind) won 45


Winamax Poker - Tournament "Expresso Nitro" buyIn: 1.86€ + 0.14€ level: 2 - HandId: #2696555930727743489-11-1675086934 - Holdem no limit (15/30) - 2023/01/30 13:55:34 UTC
Table: 'Expresso Nitro(627840853)#0' 3-max (real money) Seat #3 is the button
Seat 1: SHARK06600 (525)
Seat 2: Coq82 (195)
Seat 3: _SKR (180)
*** ANTE/BLINDS ***
SHARK06600 posts small blind 15
Coq82 posts big blind 30
Dealt to _SKR [Jh 8s]
*** PRE-FLOP *** 
_SKR folds
SHARK06600 raises 495 to 525 and is all-in
Coq82 folds
SHARK06600 collected 555 from pot
*** SUMMARY ***
Total pot 555 | No rake
Seat 1: SHARK06600 (small blind) won 555


Winamax Poker - Tournament "Expresso Nitro" buyIn: 1.86€ + 0.14€ level: 2 - HandId: #2696555930727743489-12-1675086943 - Holdem no limit (15/30) - 2023/01/30 13:55:43 UTC
Table: 'Expresso Nitro(627840853)#0' 3-max (real money) Seat #1 is the button
Seat 1: SHARK06600 (555)
Seat 2: Coq82 (165)
Seat 3: _SKR (180)
*** ANTE/BLINDS ***
Coq82 posts small blind 15
_SKR posts big blind 30
Dealt to _SKR [6h Jc]
*** PRE-FLOP *** 
SHARK06600 raises 525 to 555 and is all-in
Coq82 folds
_SKR folds
SHARK06600 collected 600 from pot
*** SUMMARY ***
Total pot 600 | No rake
Seat 1: SHARK06600 (button) won 600


Winamax Poker - Tournament "Expresso Nitro" buyIn: 1.86€ + 0.14€ level: 2 - HandId: #2696555930727743489-13-1675086948 - Holdem no limit (15/30) - 2023/01/30 13:55:48 UTC
Table: 'Expresso Nitro(627840853)#0' 3-max (real money) Seat #2 is the button
Seat 1: SHARK06600 (600)
Seat 2: Coq82 (150)
Seat 3: _SKR (150)
*** ANTE/BLINDS ***
_SKR posts small blind 15
SHARK06600 posts big blind 30
Dealt to _SKR [Qc 6d]
*** PRE-FLOP *** 
Coq82 folds
_SKR raises 120 to 150 and is all-in
SHARK06600 raises 225 to 375
*** FLOP *** [Td 5d 9d]
*** TURN *** [Td 5d 9d][8d]
*** RIVER *** [Td 5d 9d 8d][8s]
*** SHOW DOWN ***
_SKR shows [Qc 6d] (Flush Ten high)
SHARK06600 shows [Kd 2d] (Flush King high)
SHARK06600 collected 525 from pot
*** SUMMARY ***
Total pot 525 | No rake
Board: [Td 5d 9d 8d 8s]
Seat 1: SHARK06600 (big blind) showed [Kd 2d] and won 525 with Flush King high
Seat 3: _SKR (small blind) showed [Qc 6d] and lost with Flush Ten high


