Winamax Poker - Tournament "Expresso Nitro" buyIn: 1.86€ + 0.14€ level: 1 - HandId: #2698226909229088769-1-1675186385 - Holdem no limit (10/20) - 2023/01/31 17:33:05 UTC
Table: 'Expresso Nitro(628229908)#0' 3-max (real money) Seat #3 is the button
Seat 1: KylmatBkR (300)
Seat 2: chomludo59 (300)
Seat 3: _SKR (300)
*** ANTE/BLINDS ***
KylmatBkR posts small blind 10
chomludo59 posts big blind 20
Dealt to _SKR [5s Ac]
*** PRE-FLOP *** 
_SKR raises 280 to 300 and is all-in
KylmatBkR folds
chomludo59 calls 280 and is all-in
*** FLOP *** [5c Ts As]
*** TURN *** [5c Ts As][Th]
*** RIVER *** [5c Ts As Th][2h]
*** SHOW DOWN ***
chomludo59 shows [8h 7s] (One pair : Tens)
_SKR shows [5s Ac] (Two pairs : Aces and Tens)
_SKR collected 610 from pot
*** SUMMARY ***
Total pot 610 | No rake
Board: [5c Ts As Th 2h]
Seat 2: chomludo59 (big blind) showed [8h 7s] and lost with One pair : Tens
Seat 3: _SKR (button) showed [5s Ac] and won 610 with Two pairs : Aces and Tens


Winamax Poker - Tournament "Expresso Nitro" buyIn: 1.86€ + 0.14€ level: 1 - HandId: #2698226909229088769-2-1675186406 - Holdem no limit (10/20) - 2023/01/31 17:33:26 UTC
Table: 'Expresso Nitro(628229908)#0' 3-max (real money) Seat #3 is the button
Seat 1: KylmatBkR (290)
Seat 3: _SKR (610)
*** ANTE/BLINDS ***
_SKR posts small blind 10
KylmatBkR posts big blind 20
Dealt to _SKR [3d 7c]
*** PRE-FLOP *** 
_SKR folds
KylmatBkR collected 30 from pot
*** SUMMARY ***
Total pot 30 | No rake
Seat 1: KylmatBkR (big blind) won 30


Winamax Poker - Tournament "Expresso Nitro" buyIn: 1.86€ + 0.14€ level: 1 - HandId: #2698226909229088769-3-1675186413 - Holdem no limit (10/20) - 2023/01/31 17:33:33 UTC
Table: 'Expresso Nitro(628229908)#0' 3-max (real money) Seat #1 is the button
Seat 1: KylmatBkR (300)
Seat 3: _SKR (600)
*** ANTE/BLINDS ***
KylmatBkR posts small blind 10
_SKR posts big blind 20
Dealt to _SKR [9d 8c]
*** PRE-FLOP *** 
KylmatBkR raises 280 to 300 and is all-in
_SKR folds
KylmatBkR collected 320 from pot
*** SUMMARY ***
Total pot 320 | No rake
Seat 1: KylmatBkR (small blind) (button) won 320


Winamax Poker - Tournament "Expresso Nitro" buyIn: 1.86€ + 0.14€ level: 1 - HandId: #2698226909229088769-4-1675186419 - Holdem no limit (10/20) - 2023/01/31 17:33:39 UTC
Table: 'Expresso Nitro(628229908)#0' 3-max (real money) Seat #3 is the button
Seat 1: KylmatBkR (320)
Seat 3: _SKR (580)
*** ANTE/BLINDS ***
_SKR posts small blind 10
KylmatBkR posts big blind 20
Dealt to _SKR [Ac 9h]
*** PRE-FLOP *** 
_SKR raises 560 to 580 and is all-in
KylmatBkR folds
_SKR collected 600 from pot
*** SUMMARY ***
Total pot 600 | No rake
Seat 3: _SKR (small blind) (button) won 600


Winamax Poker - Tournament "Expresso Nitro" buyIn: 1.86€ + 0.14€ level: 1 - HandId: #2698226909229088769-5-1675186437 - Holdem no limit (10/20) - 2023/01/31 17:33:57 UTC
Table: 'Expresso Nitro(628229908)#0' 3-max (real money) Seat #1 is the button
Seat 1: KylmatBkR (300)
Seat 3: _SKR (600)
*** ANTE/BLINDS ***
KylmatBkR posts small blind 10
_SKR posts big blind 20
Dealt to _SKR [3h 3c]
*** PRE-FLOP *** 
KylmatBkR raises 280 to 300 and is all-in
_SKR calls 280
*** FLOP *** [2s 6h 9c]
*** TURN *** [2s 6h 9c][Th]
*** RIVER *** [2s 6h 9c Th][7d]
*** SHOW DOWN ***
_SKR shows [3h 3c] (One pair : 3)
KylmatBkR shows [8d Ac] (Straight Ten high)
KylmatBkR collected 600 from pot
*** SUMMARY ***
Total pot 600 | No rake
Board: [2s 6h 9c Th 7d]
Seat 1: KylmatBkR (small blind) (button) showed [8d Ac] and won 600 with Straight Ten high
Seat 3: _SKR (big blind) showed [3h 3c] and lost with One pair : 3


Winamax Poker - Tournament "Expresso Nitro" buyIn: 1.86€ + 0.14€ level: 2 - HandId: #2698226909229088769-6-1675186456 - Holdem no limit (15/30) - 2023/01/31 17:34:16 UTC
Table: 'Expresso Nitro(628229908)#0' 3-max (real money) Seat #3 is the button
Seat 1: KylmatBkR (600)
Seat 3: _SKR (300)
*** ANTE/BLINDS ***
_SKR posts small blind 15
KylmatBkR posts big blind 30
Dealt to _SKR [Ac 2h]
*** PRE-FLOP *** 
_SKR raises 270 to 300 and is all-in
KylmatBkR calls 270
*** FLOP *** [5d 6s 9h]
*** TURN *** [5d 6s 9h][8d]
*** RIVER *** [5d 6s 9h 8d][5s]
*** SHOW DOWN ***
KylmatBkR shows [4c As] (One pair : 5)
_SKR shows [Ac 2h] (One pair : 5)
_SKR collected 300 from pot
KylmatBkR collected 300 from pot
*** SUMMARY ***
Total pot 600 | No rake
Board: [5d 6s 9h 8d 5s]
Seat 1: KylmatBkR (big blind) showed [4c As] and won 300 with One pair : 5
Seat 3: _SKR (small blind) (button) showed [Ac 2h] and won 300 with One pair : 5


Winamax Poker - Tournament "Expresso Nitro" buyIn: 1.86€ + 0.14€ level: 2 - HandId: #2698226909229088769-7-1675186474 - Holdem no limit (15/30) - 2023/01/31 17:34:34 UTC
Table: 'Expresso Nitro(628229908)#0' 3-max (real money) Seat #1 is the button
Seat 1: KylmatBkR (600)
Seat 3: _SKR (300)
*** ANTE/BLINDS ***
KylmatBkR posts small blind 15
_SKR posts big blind 30
Dealt to _SKR [5h Tc]
*** PRE-FLOP *** 
KylmatBkR folds
_SKR collected 45 from pot
*** SUMMARY ***
Total pot 45 | No rake
Seat 3: _SKR (big blind) won 45


Winamax Poker - Tournament "Expresso Nitro" buyIn: 1.86€ + 0.14€ level: 2 - HandId: #2698226909229088769-8-1675186478 - Holdem no limit (15/30) - 2023/01/31 17:34:38 UTC
Table: 'Expresso Nitro(628229908)#0' 3-max (real money) Seat #3 is the button
Seat 1: KylmatBkR (585)
Seat 3: _SKR (315)
*** ANTE/BLINDS ***
_SKR posts small blind 15
KylmatBkR posts big blind 30
Dealt to _SKR [Kc 5h]
*** PRE-FLOP *** 
_SKR folds
KylmatBkR collected 45 from pot
*** SUMMARY ***
Total pot 45 | No rake
Seat 1: KylmatBkR (big blind) won 45


Winamax Poker - Tournament "Expresso Nitro" buyIn: 1.86€ + 0.14€ level: 2 - HandId: #2698226909229088769-9-1675186482 - Holdem no limit (15/30) - 2023/01/31 17:34:42 UTC
Table: 'Expresso Nitro(628229908)#0' 3-max (real money) Seat #1 is the button
Seat 1: KylmatBkR (600)
Seat 3: _SKR (300)
*** ANTE/BLINDS ***
KylmatBkR posts small blind 15
_SKR posts big blind 30
Dealt to _SKR [8h As]
*** PRE-FLOP *** 
KylmatBkR raises 570 to 600 and is all-in
_SKR calls 270 and is all-in
*** FLOP *** [6h Td Kh]
*** TURN *** [6h Td Kh][9s]
*** RIVER *** [6h Td Kh 9s][8s]
*** SHOW DOWN ***
_SKR shows [8h As] (One pair : 8)
KylmatBkR shows [8d 8c] (Trips of 8)
KylmatBkR collected 900 from pot
*** SUMMARY ***
Total pot 900 | No rake
Board: [6h Td Kh 9s 8s]
Seat 1: KylmatBkR (small blind) (button) showed [8d 8c] and won 900 with Trips of 8
Seat 3: _SKR (big blind) showed [8h As] and lost with One pair : 8


