Winamax Poker - Tournament "Expresso Nitro" buyIn: 0.93€ + 0.07€ level: 1 - HandId: #2689836222464917505-1-1674654828 - Holdem no limit (10/20) - 2023/01/25 13:53:48 UTC
Table: 'Expresso Nitro(626276299)#0' 3-max (real money) Seat #1 is the button
Seat 1: kemepe (300)
Seat 2: _SKR (300)
Seat 3: x_m19_x (300)
*** ANTE/BLINDS ***
_SKR posts small blind 10
x_m19_x posts big blind 20
Dealt to _SKR [Kh Jd]
*** PRE-FLOP *** 
kemepe folds
_SKR raises 280 to 300 and is all-in
x_m19_x folds
_SKR collected 320 from pot
*** SUMMARY ***
Total pot 320 | No rake
Seat 2: _SKR (small blind) won 320


Winamax Poker - Tournament "Expresso Nitro" buyIn: 0.93€ + 0.07€ level: 1 - HandId: #2689836222464917505-2-1674654842 - Holdem no limit (10/20) - 2023/01/25 13:54:02 UTC
Table: 'Expresso Nitro(626276299)#0' 3-max (real money) Seat #2 is the button
Seat 1: kemepe (300)
Seat 2: _SKR (320)
Seat 3: x_m19_x (280)
*** ANTE/BLINDS ***
x_m19_x posts small blind 10
kemepe posts big blind 20
Dealt to _SKR [Qc 8s]
*** PRE-FLOP *** 
_SKR folds
x_m19_x folds
kemepe collected 30 from pot
*** SUMMARY ***
Total pot 30 | No rake
Seat 1: kemepe (big blind) won 30


Winamax Poker - Tournament "Expresso Nitro" buyIn: 0.93€ + 0.07€ level: 1 - HandId: #2689836222464917505-3-1674654846 - Holdem no limit (10/20) - 2023/01/25 13:54:06 UTC
Table: 'Expresso Nitro(626276299)#0' 3-max (real money) Seat #3 is the button
Seat 1: kemepe (310)
Seat 2: _SKR (320)
Seat 3: x_m19_x (270)
*** ANTE/BLINDS ***
kemepe posts small blind 10
_SKR posts big blind 20
Dealt to _SKR [As 8h]
*** PRE-FLOP *** 
x_m19_x folds
kemepe folds
_SKR collected 30 from pot
*** SUMMARY ***
Total pot 30 | No rake
Seat 2: _SKR (big blind) won 30


Winamax Poker - Tournament "Expresso Nitro" buyIn: 0.93€ + 0.07€ level: 1 - HandId: #2689836222464917505-4-1674654853 - Holdem no limit (10/20) - 2023/01/25 13:54:13 UTC
Table: 'Expresso Nitro(626276299)#0' 3-max (real money) Seat #1 is the button
Seat 1: kemepe (300)
Seat 2: _SKR (330)
Seat 3: x_m19_x (270)
*** ANTE/BLINDS ***
_SKR posts small blind 10
x_m19_x posts big blind 20
Dealt to _SKR [Ad 5c]
*** PRE-FLOP *** 
kemepe folds
_SKR raises 310 to 330 and is all-in
x_m19_x folds
_SKR collected 350 from pot
*** SUMMARY ***
Total pot 350 | No rake
Seat 2: _SKR (small blind) won 350


Winamax Poker - Tournament "Expresso Nitro" buyIn: 0.93€ + 0.07€ level: 1 - HandId: #2689836222464917505-5-1674654860 - Holdem no limit (10/20) - 2023/01/25 13:54:20 UTC
Table: 'Expresso Nitro(626276299)#0' 3-max (real money) Seat #2 is the button
Seat 1: kemepe (300)
Seat 2: _SKR (350)
Seat 3: x_m19_x (250)
*** ANTE/BLINDS ***
x_m19_x posts small blind 10
kemepe posts big blind 20
Dealt to _SKR [Ah 3d]
*** PRE-FLOP *** 
_SKR raises 330 to 350 and is all-in
x_m19_x folds
kemepe folds
_SKR collected 380 from pot
*** SUMMARY ***
Total pot 380 | No rake
Seat 2: _SKR (button) won 380


Winamax Poker - Tournament "Expresso Nitro" buyIn: 0.93€ + 0.07€ level: 1 - HandId: #2689836222464917505-6-1674654869 - Holdem no limit (10/20) - 2023/01/25 13:54:29 UTC
Table: 'Expresso Nitro(626276299)#0' 3-max (real money) Seat #3 is the button
Seat 1: kemepe (280)
Seat 2: _SKR (380)
Seat 3: x_m19_x (240)
*** ANTE/BLINDS ***
kemepe posts small blind 10
_SKR posts big blind 20
Dealt to _SKR [9h 4c]
*** PRE-FLOP *** 
x_m19_x raises 30 to 50
kemepe calls 40
_SKR folds
*** FLOP *** [Tc 5s 5h]
kemepe checks
x_m19_x bets 120
kemepe folds
x_m19_x collected 240 from pot
*** SUMMARY ***
Total pot 240 | No rake
Board: [Tc 5s 5h]
Seat 3: x_m19_x (button) won 240


Winamax Poker - Tournament "Expresso Nitro" buyIn: 0.93€ + 0.07€ level: 2 - HandId: #2689836222464917505-7-1674654900 - Holdem no limit (15/30) - 2023/01/25 13:55:00 UTC
Table: 'Expresso Nitro(626276299)#0' 3-max (real money) Seat #1 is the button
Seat 1: kemepe (230)
Seat 2: _SKR (360)
Seat 3: x_m19_x (310)
*** ANTE/BLINDS ***
_SKR posts small blind 15
x_m19_x posts big blind 30
Dealt to _SKR [2d Jh]
*** PRE-FLOP *** 
kemepe calls 30
_SKR folds
x_m19_x checks
*** FLOP *** [Kd 4d 5c]
x_m19_x checks
kemepe bets 75
x_m19_x calls 75
*** TURN *** [Kd 4d 5c][Tc]
x_m19_x checks
kemepe bets 125 and is all-in
x_m19_x folds
kemepe collected 350 from pot
*** SUMMARY ***
Total pot 350 | No rake
Board: [Kd 4d 5c Tc]
Seat 1: kemepe (button) won 350


Winamax Poker - Tournament "Expresso Nitro" buyIn: 0.93€ + 0.07€ level: 3 - HandId: #2689836222464917505-8-1674654953 - Holdem no limit (20/40) - 2023/01/25 13:55:53 UTC
Table: 'Expresso Nitro(626276299)#0' 3-max (real money) Seat #2 is the button
Seat 1: kemepe (350)
Seat 2: _SKR (345)
Seat 3: x_m19_x (205)
*** ANTE/BLINDS ***
x_m19_x posts small blind 20
kemepe posts big blind 40
Dealt to _SKR [4c 4h]
*** PRE-FLOP *** 
_SKR raises 305 to 345 and is all-in
x_m19_x calls 185 and is all-in
kemepe folds
*** FLOP *** [5c 7c Ac]
*** TURN *** [5c 7c Ac][As]
*** RIVER *** [5c 7c Ac As][3h]
*** SHOW DOWN ***
_SKR shows [4c 4h] (Two pairs : Aces and 4)
x_m19_x shows [Ad 5s] (Full of Aces and 5)
x_m19_x collected 450 from main pot
_SKR collected 140 from side pot 1
*** SUMMARY ***
Total pot 590 | No rake
Board: [5c 7c Ac As 3h]
Seat 2: _SKR (button) showed [4c 4h] and won 140 with Two pairs : Aces and 4
Seat 3: x_m19_x (small blind) showed [Ad 5s] and won 450 with Full of Aces and 5


Winamax Poker - Tournament "Expresso Nitro" buyIn: 0.93€ + 0.07€ level: 3 - HandId: #2689836222464917505-9-1674654969 - Holdem no limit (20/40) - 2023/01/25 13:56:09 UTC
Table: 'Expresso Nitro(626276299)#0' 3-max (real money) Seat #3 is the button
Seat 1: kemepe (310)
Seat 2: _SKR (140)
Seat 3: x_m19_x (450)
*** ANTE/BLINDS ***
kemepe posts small blind 20
_SKR posts big blind 40
Dealt to _SKR [9c 2s]
*** PRE-FLOP *** 
x_m19_x folds
kemepe folds
_SKR collected 60 from pot
*** SUMMARY ***
Total pot 60 | No rake
Seat 2: _SKR (big blind) won 60


Winamax Poker - Tournament "Expresso Nitro" buyIn: 0.93€ + 0.07€ level: 3 - HandId: #2689836222464917505-10-1674654974 - Holdem no limit (20/40) - 2023/01/25 13:56:14 UTC
Table: 'Expresso Nitro(626276299)#0' 3-max (real money) Seat #1 is the button
Seat 1: kemepe (290)
Seat 2: _SKR (160)
Seat 3: x_m19_x (450)
*** ANTE/BLINDS ***
_SKR posts small blind 20
x_m19_x posts big blind 40
Dealt to _SKR [9s 2c]
*** PRE-FLOP *** 
kemepe folds
_SKR folds
x_m19_x collected 60 from pot
*** SUMMARY ***
Total pot 60 | No rake
Seat 3: x_m19_x (big blind) won 60


Winamax Poker - Tournament "Expresso Nitro" buyIn: 0.93€ + 0.07€ level: 3 - HandId: #2689836222464917505-11-1674654986 - Holdem no limit (20/40) - 2023/01/25 13:56:26 UTC
Table: 'Expresso Nitro(626276299)#0' 3-max (real money) Seat #2 is the button
Seat 1: kemepe (290)
Seat 2: _SKR (140)
Seat 3: x_m19_x (470)
*** ANTE/BLINDS ***
x_m19_x posts small blind 20
kemepe posts big blind 40
Dealt to _SKR [Th Js]
*** PRE-FLOP *** 
_SKR raises 100 to 140 and is all-in
x_m19_x folds
kemepe folds
_SKR collected 200 from pot
*** SUMMARY ***
Total pot 200 | No rake
Seat 2: _SKR (button) won 200


Winamax Poker - Tournament "Expresso Nitro" buyIn: 0.93€ + 0.07€ level: 3 - HandId: #2689836222464917505-12-1674654995 - Holdem no limit (20/40) - 2023/01/25 13:56:35 UTC
Table: 'Expresso Nitro(626276299)#0' 3-max (real money) Seat #3 is the button
Seat 1: kemepe (250)
Seat 2: _SKR (200)
Seat 3: x_m19_x (450)
*** ANTE/BLINDS ***
kemepe posts small blind 20
_SKR posts big blind 40
Dealt to _SKR [8s Kc]
*** PRE-FLOP *** 
x_m19_x raises 40 to 80
kemepe folds
_SKR calls 40
*** FLOP *** [Kh 5h Ah]
_SKR checks
x_m19_x bets 63
_SKR raises 57 to 120 and is all-in
x_m19_x calls 57
*** TURN *** [Kh 5h Ah][Qc]
*** RIVER *** [Kh 5h Ah Qc][2d]
*** SHOW DOWN ***
x_m19_x shows [Qh Jd] (One pair : Queens)
_SKR shows [8s Kc] (One pair : Kings)
_SKR collected 420 from pot
*** SUMMARY ***
Total pot 420 | No rake
Board: [Kh 5h Ah Qc 2d]
Seat 2: _SKR (big blind) showed [8s Kc] and won 420 with One pair : Kings
Seat 3: x_m19_x (button) showed [Qh Jd] and lost with One pair : Queens


Winamax Poker - Tournament "Expresso Nitro" buyIn: 0.93€ + 0.07€ level: 4 - HandId: #2689836222464917505-13-1674655024 - Holdem no limit (30/60) - 2023/01/25 13:57:04 UTC
Table: 'Expresso Nitro(626276299)#0' 3-max (real money) Seat #1 is the button
Seat 1: kemepe (230)
Seat 2: _SKR (420)
Seat 3: x_m19_x (250)
*** ANTE/BLINDS ***
_SKR posts small blind 30
x_m19_x posts big blind 60
Dealt to _SKR [3h 9s]
*** PRE-FLOP *** 
kemepe folds
_SKR folds
x_m19_x collected 90 from pot
*** SUMMARY ***
Total pot 90 | No rake
Seat 3: x_m19_x (big blind) won 90


Winamax Poker - Tournament "Expresso Nitro" buyIn: 0.93€ + 0.07€ level: 4 - HandId: #2689836222464917505-14-1674655029 - Holdem no limit (30/60) - 2023/01/25 13:57:09 UTC
Table: 'Expresso Nitro(626276299)#0' 3-max (real money) Seat #2 is the button
Seat 1: kemepe (230)
Seat 2: _SKR (390)
Seat 3: x_m19_x (280)
*** ANTE/BLINDS ***
x_m19_x posts small blind 30
kemepe posts big blind 60
Dealt to _SKR [Tc 4d]
*** PRE-FLOP *** 
_SKR folds
x_m19_x folds
kemepe collected 90 from pot
*** SUMMARY ***
Total pot 90 | No rake
Seat 1: kemepe (big blind) won 90


Winamax Poker - Tournament "Expresso Nitro" buyIn: 0.93€ + 0.07€ level: 4 - HandId: #2689836222464917505-15-1674655032 - Holdem no limit (30/60) - 2023/01/25 13:57:12 UTC
Table: 'Expresso Nitro(626276299)#0' 3-max (real money) Seat #3 is the button
Seat 1: kemepe (260)
Seat 2: _SKR (390)
Seat 3: x_m19_x (250)
*** ANTE/BLINDS ***
kemepe posts small blind 30
_SKR posts big blind 60
Dealt to _SKR [7h 8d]
*** PRE-FLOP *** 
x_m19_x raises 150 to 210
kemepe folds
_SKR folds
x_m19_x collected 300 from pot
*** SUMMARY ***
Total pot 300 | No rake
Seat 3: x_m19_x (button) won 300


Winamax Poker - Tournament "Expresso Nitro" buyIn: 0.93€ + 0.07€ level: 4 - HandId: #2689836222464917505-16-1674655049 - Holdem no limit (30/60) - 2023/01/25 13:57:29 UTC
Table: 'Expresso Nitro(626276299)#0' 3-max (real money) Seat #1 is the button
Seat 1: kemepe (230)
Seat 2: _SKR (330)
Seat 3: x_m19_x (340)
*** ANTE/BLINDS ***
_SKR posts small blind 30
x_m19_x posts big blind 60
Dealt to _SKR [2h 9s]
*** PRE-FLOP *** 
kemepe calls 60
_SKR folds
x_m19_x checks
*** FLOP *** [8c 5h Kd]
x_m19_x checks
kemepe checks
*** TURN *** [8c 5h Kd][Tc]
x_m19_x checks
kemepe checks
*** RIVER *** [8c 5h Kd Tc][As]
x_m19_x checks
kemepe checks
*** SHOW DOWN ***
kemepe shows [6s Qs] (High card : Ace)
x_m19_x shows [5s 4h] (One pair : 5)
x_m19_x collected 150 from pot
*** SUMMARY ***
Total pot 150 | No rake
Board: [8c 5h Kd Tc As]
Seat 1: kemepe (button) showed [6s Qs] and lost with High card : Ace
Seat 3: x_m19_x (big blind) showed [5s 4h] and won 150 with One pair : 5


Winamax Poker - Tournament "Expresso Nitro" buyIn: 0.93€ + 0.07€ level: 5 - HandId: #2689836222464917505-17-1674655096 - Holdem no limit (40/80) - 2023/01/25 13:58:16 UTC
Table: 'Expresso Nitro(626276299)#0' 3-max (real money) Seat #2 is the button
Seat 1: kemepe (170)
Seat 2: _SKR (300)
Seat 3: x_m19_x (430)
*** ANTE/BLINDS ***
x_m19_x posts small blind 40
kemepe posts big blind 80
Dealt to _SKR [4s 7c]
*** PRE-FLOP *** 
_SKR folds
x_m19_x raises 160 to 240
kemepe folds
x_m19_x collected 320 from pot
*** SUMMARY ***
Total pot 320 | No rake
Seat 3: x_m19_x (small blind) won 320


Winamax Poker - Tournament "Expresso Nitro" buyIn: 0.93€ + 0.07€ level: 5 - HandId: #2689836222464917505-18-1674655102 - Holdem no limit (40/80) - 2023/01/25 13:58:22 UTC
Table: 'Expresso Nitro(626276299)#0' 3-max (real money) Seat #3 is the button
Seat 1: kemepe (90)
Seat 2: _SKR (300)
Seat 3: x_m19_x (510)
*** ANTE/BLINDS ***
kemepe posts small blind 40
_SKR posts big blind 80
Dealt to _SKR [2d 7s]
*** PRE-FLOP *** 
x_m19_x folds
kemepe raises 10 to 90 and is all-in
_SKR folds
kemepe collected 170 from pot
*** SUMMARY ***
Total pot 170 | No rake
Seat 1: kemepe (small blind) won 170


Winamax Poker - Tournament "Expresso Nitro" buyIn: 0.93€ + 0.07€ level: 5 - HandId: #2689836222464917505-19-1674655118 - Holdem no limit (40/80) - 2023/01/25 13:58:38 UTC
Table: 'Expresso Nitro(626276299)#0' 3-max (real money) Seat #1 is the button
Seat 1: kemepe (170)
Seat 2: _SKR (220)
Seat 3: x_m19_x (510)
*** ANTE/BLINDS ***
_SKR posts small blind 40
x_m19_x posts big blind 80
Dealt to _SKR [Kh 2d]
*** PRE-FLOP *** 
kemepe folds
_SKR raises 140 to 220 and is all-in
x_m19_x folds
_SKR collected 300 from pot
*** SUMMARY ***
Total pot 300 | No rake
Seat 2: _SKR (small blind) won 300


Winamax Poker - Tournament "Expresso Nitro" buyIn: 0.93€ + 0.07€ level: 6 - HandId: #2689836222464917505-20-1674655133 - Holdem no limit (50/100) - 2023/01/25 13:58:53 UTC
Table: 'Expresso Nitro(626276299)#0' 3-max (real money) Seat #2 is the button
Seat 1: kemepe (170)
Seat 2: _SKR (300)
Seat 3: x_m19_x (430)
*** ANTE/BLINDS ***
x_m19_x posts small blind 50
kemepe posts big blind 100
Dealt to _SKR [Ad 2h]
*** PRE-FLOP *** 
_SKR raises 200 to 300 and is all-in
x_m19_x raises 130 to 430 and is all-in
kemepe calls 70 and is all-in
*** FLOP *** [7c Qd 3c]
*** TURN *** [7c Qd 3c][8h]
*** RIVER *** [7c Qd 3c 8h][Js]
*** SHOW DOWN ***
_SKR shows [Ad 2h] (High card : Ace)
kemepe shows [3s 8s] (Two pairs : 8 and 3)
x_m19_x shows [Ts Qc] (One pair : Queens)
x_m19_x collected 390 from side pot 1
kemepe collected 510 from main pot
*** SUMMARY ***
Total pot 900 | No rake
Board: [7c Qd 3c 8h Js]
Seat 1: kemepe (big blind) showed [3s 8s] and won 510 with Two pairs : 8 and 3
Seat 2: _SKR (button) showed [Ad 2h] and lost with High card : Ace
Seat 3: x_m19_x (small blind) showed [Ts Qc] and won 390 with One pair : Queens


