Winamax Poker - Tournament "Expresso Nitro" buyIn: 0.93€ + 0.07€ level: 1 - HandId: #2680874279280574465-1-1674082863 - Holdem no limit (10/20) - 2023/01/18 23:01:03 UTC
Table: 'Expresso Nitro(624189684)#0' 3-max (real money) Seat #2 is the button
Seat 1: 261yams (300)
Seat 2: CastoDrama75 (300)
Seat 3: _SKR (300)
*** ANTE/BLINDS ***
_SKR posts small blind 10
261yams posts big blind 20
Dealt to _SKR [8h 7d]
*** PRE-FLOP *** 
CastoDrama75 folds
_SKR folds
261yams collected 30 from pot
*** SUMMARY ***
Total pot 30 | No rake
Seat 1: 261yams (big blind) won 30


Winamax Poker - Tournament "Expresso Nitro" buyIn: 0.93€ + 0.07€ level: 1 - HandId: #2680874279280574465-2-1674082869 - Holdem no limit (10/20) - 2023/01/18 23:01:09 UTC
Table: 'Expresso Nitro(624189684)#0' 3-max (real money) Seat #3 is the button
Seat 1: 261yams (310)
Seat 2: CastoDrama75 (300)
Seat 3: _SKR (290)
*** ANTE/BLINDS ***
261yams posts small blind 10
CastoDrama75 posts big blind 20
Dealt to _SKR [8d Js]
*** PRE-FLOP *** 
_SKR folds
261yams calls 10
CastoDrama75 raises 280 to 300 and is all-in
261yams calls 280
*** FLOP *** [9d 5h Ad]
*** TURN *** [9d 5h Ad][4d]
*** RIVER *** [9d 5h Ad 4d][Qd]
*** SHOW DOWN ***
261yams shows [Tc Th] (One pair : Tens)
CastoDrama75 shows [Jd Ks] (Flush Ace high)
CastoDrama75 collected 600 from pot
*** SUMMARY ***
Total pot 600 | No rake
Board: [9d 5h Ad 4d Qd]
Seat 1: 261yams (small blind) showed [Tc Th] and lost with One pair : Tens
Seat 2: CastoDrama75 (big blind) showed [Jd Ks] and won 600 with Flush Ace high


Winamax Poker - Tournament "Expresso Nitro" buyIn: 0.93€ + 0.07€ level: 1 - HandId: #2680874279280574465-3-1674082889 - Holdem no limit (10/20) - 2023/01/18 23:01:29 UTC
Table: 'Expresso Nitro(624189684)#0' 3-max (real money) Seat #1 is the button
Seat 1: 261yams (10)
Seat 2: CastoDrama75 (600)
Seat 3: _SKR (290)
*** ANTE/BLINDS ***
CastoDrama75 posts small blind 10
_SKR posts big blind 20
Dealt to _SKR [Qc Kc]
*** PRE-FLOP *** 
261yams calls 10 and is all-in
CastoDrama75 folds
*** FLOP *** [Ac Jd 9h]
*** TURN *** [Ac Jd 9h][5h]
*** RIVER *** [Ac Jd 9h 5h][2h]
*** SHOW DOWN ***
261yams shows [Kh Qh] (Flush King high)
_SKR shows [Qc Kc] (High card : Ace)
_SKR collected 10 from side pot 1
261yams collected 30 from main pot
*** SUMMARY ***
Total pot 40 | No rake
Board: [Ac Jd 9h 5h 2h]
Seat 1: 261yams (button) showed [Kh Qh] and won 30 with Flush King high
Seat 3: _SKR (big blind) showed [Qc Kc] and won 10 with High card : Ace


Winamax Poker - Tournament "Expresso Nitro" buyIn: 0.93€ + 0.07€ level: 1 - HandId: #2680874279280574465-4-1674082903 - Holdem no limit (10/20) - 2023/01/18 23:01:43 UTC
Table: 'Expresso Nitro(624189684)#0' 3-max (real money) Seat #2 is the button
Seat 1: 261yams (30)
Seat 2: CastoDrama75 (590)
Seat 3: _SKR (280)
*** ANTE/BLINDS ***
_SKR posts small blind 10
261yams posts big blind 20
Dealt to _SKR [5d 2d]
*** PRE-FLOP *** 
CastoDrama75 folds
_SKR folds
261yams collected 30 from pot
*** SUMMARY ***
Total pot 30 | No rake
Seat 1: 261yams (big blind) won 30


Winamax Poker - Tournament "Expresso Nitro" buyIn: 0.93€ + 0.07€ level: 1 - HandId: #2680874279280574465-5-1674082913 - Holdem no limit (10/20) - 2023/01/18 23:01:53 UTC
Table: 'Expresso Nitro(624189684)#0' 3-max (real money) Seat #3 is the button
Seat 1: 261yams (40)
Seat 2: CastoDrama75 (590)
Seat 3: _SKR (270)
*** ANTE/BLINDS ***
261yams posts small blind 10
CastoDrama75 posts big blind 20
Dealt to _SKR [4d 3c]
*** PRE-FLOP *** 
_SKR folds
261yams calls 10
CastoDrama75 checks
*** FLOP *** [6d 3d Ah]
261yams checks
CastoDrama75 checks
*** TURN *** [6d 3d Ah][3s]
261yams checks
CastoDrama75 checks
*** RIVER *** [6d 3d Ah 3s][Jd]
261yams checks
CastoDrama75 checks
*** SHOW DOWN ***
CastoDrama75 shows [8d Ts] (One pair : 3)
261yams shows [6s Qc] (Two pairs : 6 and 3)
261yams collected 40 from pot
*** SUMMARY ***
Total pot 40 | No rake
Board: [6d 3d Ah 3s Jd]
Seat 1: 261yams (small blind) showed [6s Qc] and won 40 with Two pairs : 6 and 3
Seat 2: CastoDrama75 (big blind) showed [8d Ts] and lost with One pair : 3


Winamax Poker - Tournament "Expresso Nitro" buyIn: 0.93€ + 0.07€ level: 2 - HandId: #2680874279280574465-6-1674082978 - Holdem no limit (15/30) - 2023/01/18 23:02:58 UTC
Table: 'Expresso Nitro(624189684)#0' 3-max (real money) Seat #1 is the button
Seat 1: 261yams (60)
Seat 2: CastoDrama75 (570)
Seat 3: _SKR (270)
*** ANTE/BLINDS ***
CastoDrama75 posts small blind 15
_SKR posts big blind 30
Dealt to _SKR [Qs 6s]
*** PRE-FLOP *** 
261yams folds
CastoDrama75 calls 15
_SKR raises 240 to 270 and is all-in
CastoDrama75 folds
_SKR collected 300 from pot
*** SUMMARY ***
Total pot 300 | No rake
Seat 3: _SKR (big blind) won 300


Winamax Poker - Tournament "Expresso Nitro" buyIn: 0.93€ + 0.07€ level: 3 - HandId: #2680874279280574465-7-1674082988 - Holdem no limit (20/40) - 2023/01/18 23:03:08 UTC
Table: 'Expresso Nitro(624189684)#0' 3-max (real money) Seat #2 is the button
Seat 1: 261yams (60)
Seat 2: CastoDrama75 (540)
Seat 3: _SKR (300)
*** ANTE/BLINDS ***
_SKR posts small blind 20
261yams posts big blind 40
Dealt to _SKR [Kc Jh]
*** PRE-FLOP *** 
CastoDrama75 folds
_SKR raises 260 to 300 and is all-in
261yams calls 20 and is all-in
*** FLOP *** [Qs 7h 7d]
*** TURN *** [Qs 7h 7d][8h]
*** RIVER *** [Qs 7h 7d 8h][Tc]
*** SHOW DOWN ***
261yams shows [2d 7s] (Trips of 7)
_SKR shows [Kc Jh] (One pair : 7)
_SKR collected 240 from side pot 1
261yams collected 120 from main pot
*** SUMMARY ***
Total pot 360 | No rake
Board: [Qs 7h 7d 8h Tc]
Seat 1: 261yams (big blind) showed [2d 7s] and won 120 with Trips of 7
Seat 3: _SKR (small blind) showed [Kc Jh] and won 240 with One pair : 7


Winamax Poker - Tournament "Expresso Nitro" buyIn: 0.93€ + 0.07€ level: 3 - HandId: #2680874279280574465-8-1674083002 - Holdem no limit (20/40) - 2023/01/18 23:03:22 UTC
Table: 'Expresso Nitro(624189684)#0' 3-max (real money) Seat #3 is the button
Seat 1: 261yams (120)
Seat 2: CastoDrama75 (540)
Seat 3: _SKR (240)
*** ANTE/BLINDS ***
261yams posts small blind 20
CastoDrama75 posts big blind 40
Dealt to _SKR [3d 3h]
*** PRE-FLOP *** 
_SKR raises 200 to 240 and is all-in
261yams folds
CastoDrama75 calls 200
*** FLOP *** [5c 7h Qh]
*** TURN *** [5c 7h Qh][5s]
*** RIVER *** [5c 7h Qh 5s][Th]
*** SHOW DOWN ***
_SKR shows [3d 3h] (Two pairs : 5 and 3)
CastoDrama75 shows [Ks 7s] (Two pairs : 7 and 5)
CastoDrama75 collected 500 from pot
*** SUMMARY ***
Total pot 500 | No rake
Board: [5c 7h Qh 5s Th]
Seat 2: CastoDrama75 (big blind) showed [Ks 7s] and won 500 with Two pairs : 7 and 5
Seat 3: _SKR (button) showed [3d 3h] and lost with Two pairs : 5 and 3


