Winamax Poker - Tournament "Expresso Nitro" buyIn: 1.86€ + 0.14€ level: 1 - HandId: #2698153087331205121-1-1675183153 - Holdem no limit (10/20) - 2023/01/31 16:39:13 UTC
Table: 'Expresso Nitro(628212720)#0' 3-max (real money) Seat #2 is the button
Seat 1: Shimel85 (300)
Seat 2: _le_hub_ (300)
Seat 3: _SKR (300)
*** ANTE/BLINDS ***
_SKR posts small blind 10
Shimel85 posts big blind 20
Dealt to _SKR [5d Th]
*** PRE-FLOP *** 
_le_hub_ folds
_SKR folds
Shimel85 collected 30 from pot
*** SUMMARY ***
Total pot 30 | No rake
Seat 1: Shimel85 (big blind) won 30


Winamax Poker - Tournament "Expresso Nitro" buyIn: 1.86€ + 0.14€ level: 1 - HandId: #2698153087331205121-2-1675183159 - Holdem no limit (10/20) - 2023/01/31 16:39:19 UTC
Table: 'Expresso Nitro(628212720)#0' 3-max (real money) Seat #3 is the button
Seat 1: Shimel85 (310)
Seat 2: _le_hub_ (300)
Seat 3: _SKR (290)
*** ANTE/BLINDS ***
Shimel85 posts small blind 10
_le_hub_ posts big blind 20
Dealt to _SKR [6h 5s]
*** PRE-FLOP *** 
_SKR folds
Shimel85 calls 10
_le_hub_ checks
*** FLOP *** [Kc 4d 2h]
Shimel85 bets 20
_le_hub_ folds
Shimel85 collected 60 from pot
*** SUMMARY ***
Total pot 60 | No rake
Board: [Kc 4d 2h]
Seat 1: Shimel85 (small blind) won 60


Winamax Poker - Tournament "Expresso Nitro" buyIn: 1.86€ + 0.14€ level: 1 - HandId: #2698153087331205121-3-1675183177 - Holdem no limit (10/20) - 2023/01/31 16:39:37 UTC
Table: 'Expresso Nitro(628212720)#0' 3-max (real money) Seat #1 is the button
Seat 1: Shimel85 (330)
Seat 2: _le_hub_ (280)
Seat 3: _SKR (290)
*** ANTE/BLINDS ***
_le_hub_ posts small blind 10
_SKR posts big blind 20
Dealt to _SKR [Js 2s]
*** PRE-FLOP *** 
Shimel85 folds
_le_hub_ folds
_SKR collected 30 from pot
*** SUMMARY ***
Total pot 30 | No rake
Seat 3: _SKR (big blind) won 30


Winamax Poker - Tournament "Expresso Nitro" buyIn: 1.86€ + 0.14€ level: 1 - HandId: #2698153087331205121-4-1675183185 - Holdem no limit (10/20) - 2023/01/31 16:39:45 UTC
Table: 'Expresso Nitro(628212720)#0' 3-max (real money) Seat #2 is the button
Seat 1: Shimel85 (330)
Seat 2: _le_hub_ (270)
Seat 3: _SKR (300)
*** ANTE/BLINDS ***
_SKR posts small blind 10
Shimel85 posts big blind 20
Dealt to _SKR [Jd 9h]
*** PRE-FLOP *** 
_le_hub_ folds
_SKR calls 10
Shimel85 raises 40 to 60
_SKR folds
Shimel85 collected 80 from pot
*** SUMMARY ***
Total pot 80 | No rake
Seat 1: Shimel85 (big blind) won 80


Winamax Poker - Tournament "Expresso Nitro" buyIn: 1.86€ + 0.14€ level: 1 - HandId: #2698153087331205121-5-1675183202 - Holdem no limit (10/20) - 2023/01/31 16:40:02 UTC
Table: 'Expresso Nitro(628212720)#0' 3-max (real money) Seat #3 is the button
Seat 1: Shimel85 (350)
Seat 2: _le_hub_ (270)
Seat 3: _SKR (280)
*** ANTE/BLINDS ***
Shimel85 posts small blind 10
_le_hub_ posts big blind 20
Dealt to _SKR [Th 9c]
*** PRE-FLOP *** 
_SKR folds
Shimel85 calls 10
_le_hub_ checks
*** FLOP *** [Jc Js As]
Shimel85 bets 20
_le_hub_ folds
Shimel85 collected 60 from pot
*** SUMMARY ***
Total pot 60 | No rake
Board: [Jc Js As]
Seat 1: Shimel85 (small blind) won 60


Winamax Poker - Tournament "Expresso Nitro" buyIn: 1.86€ + 0.14€ level: 2 - HandId: #2698153087331205121-6-1675183232 - Holdem no limit (15/30) - 2023/01/31 16:40:32 UTC
Table: 'Expresso Nitro(628212720)#0' 3-max (real money) Seat #1 is the button
Seat 1: Shimel85 (370)
Seat 2: _le_hub_ (250)
Seat 3: _SKR (280)
*** ANTE/BLINDS ***
_le_hub_ posts small blind 15
_SKR posts big blind 30
Dealt to _SKR [Jd Td]
*** PRE-FLOP *** 
Shimel85 calls 30
_le_hub_ raises 60 to 90
_SKR folds
Shimel85 raises 60 to 150
_le_hub_ calls 60
*** FLOP *** [9d 5s Ah]
_le_hub_ bets 100 and is all-in
Shimel85 calls 100
*** TURN *** [9d 5s Ah][3h]
*** RIVER *** [9d 5s Ah 3h][4h]
*** SHOW DOWN ***
Shimel85 shows [As Qs] (One pair : Aces)
_le_hub_ shows [9h Kh] (Flush Ace high)
_le_hub_ collected 530 from pot
*** SUMMARY ***
Total pot 530 | No rake
Board: [9d 5s Ah 3h 4h]
Seat 1: Shimel85 (button) showed [As Qs] and lost with One pair : Aces
Seat 2: _le_hub_ (small blind) showed [9h Kh] and won 530 with Flush Ace high


Winamax Poker - Tournament "Expresso Nitro" buyIn: 1.86€ + 0.14€ level: 3 - HandId: #2698153087331205121-7-1675183270 - Holdem no limit (20/40) - 2023/01/31 16:41:10 UTC
Table: 'Expresso Nitro(628212720)#0' 3-max (real money) Seat #2 is the button
Seat 1: Shimel85 (120)
Seat 2: _le_hub_ (530)
Seat 3: _SKR (250)
*** ANTE/BLINDS ***
_SKR posts small blind 20
Shimel85 posts big blind 40
Dealt to _SKR [8s 7c]
*** PRE-FLOP *** 
_le_hub_ raises 80 to 120
_SKR folds
Shimel85 folds
_le_hub_ collected 180 from pot
*** SUMMARY ***
Total pot 180 | No rake
Seat 2: _le_hub_ (button) won 180


Winamax Poker - Tournament "Expresso Nitro" buyIn: 1.86€ + 0.14€ level: 3 - HandId: #2698153087331205121-8-1675183281 - Holdem no limit (20/40) - 2023/01/31 16:41:21 UTC
Table: 'Expresso Nitro(628212720)#0' 3-max (real money) Seat #3 is the button
Seat 1: Shimel85 (80)
Seat 2: _le_hub_ (590)
Seat 3: _SKR (230)
*** ANTE/BLINDS ***
Shimel85 posts small blind 20
_le_hub_ posts big blind 40
Dealt to _SKR [Ks 2c]
*** PRE-FLOP *** 
_SKR raises 190 to 230 and is all-in
Shimel85 calls 60 and is all-in
_le_hub_ raises 360 to 590 and is all-in
*** FLOP *** [9h 7h 4h]
*** TURN *** [9h 7h 4h][6s]
*** RIVER *** [9h 7h 4h 6s][9s]
*** SHOW DOWN ***
_SKR shows [Ks 2c] (One pair : 9)
Shimel85 shows [Qd Qc] (Two pairs : Queens and 9)
_le_hub_ shows [8c As] (One pair : 9)
_le_hub_ collected 660 from side pot 1
Shimel85 collected 240 from main pot
*** SUMMARY ***
Total pot 900 | No rake
Board: [9h 7h 4h 6s 9s]
Seat 1: Shimel85 (small blind) showed [Qd Qc] and won 240 with Two pairs : Queens and 9
Seat 2: _le_hub_ (big blind) showed [8c As] and won 660 with One pair : 9
Seat 3: _SKR (button) showed [Ks 2c] and lost with One pair : 9


