Winamax Poker - Tournament "Expresso Nitro" buyIn: 1.86€ + 0.14€ level: 1 - HandId: #2696516060546334721-1-1675084517 - Holdem no limit (10/20) - 2023/01/30 13:15:17 UTC
Table: 'Expresso Nitro(627831570)#0' 3-max (real money) Seat #1 is the button
Seat 1: Bobobixi27 (300)
Seat 2: Roro1506 (300)
Seat 3: _SKR (300)
*** ANTE/BLINDS ***
Roro1506 posts small blind 10
_SKR posts big blind 20
Dealt to _SKR [Kh 2s]
*** PRE-FLOP *** 
Bobobixi27 raises 280 to 300 and is all-in
Roro1506 calls 290 and is all-in
_SKR folds
*** FLOP *** [Td 8h 9d]
*** TURN *** [Td 8h 9d][7c]
*** RIVER *** [Td 8h 9d 7c][5h]
*** SHOW DOWN ***
Roro1506 shows [8s As] (One pair : 8)
Bobobixi27 shows [Kd Th] (One pair : Tens)
Bobobixi27 collected 620 from pot
*** SUMMARY ***
Total pot 620 | No rake
Board: [Td 8h 9d 7c 5h]
Seat 1: Bobobixi27 (button) showed [Kd Th] and won 620 with One pair : Tens
Seat 2: Roro1506 (small blind) showed [8s As] and lost with One pair : 8


Winamax Poker - Tournament "Expresso Nitro" buyIn: 1.86€ + 0.14€ level: 1 - HandId: #2696516060546334721-2-1675084532 - Holdem no limit (10/20) - 2023/01/30 13:15:32 UTC
Table: 'Expresso Nitro(627831570)#0' 3-max (real money) Seat #3 is the button
Seat 1: Bobobixi27 (620)
Seat 3: _SKR (280)
*** ANTE/BLINDS ***
_SKR posts small blind 10
Bobobixi27 posts big blind 20
Dealt to _SKR [5h As]
*** PRE-FLOP *** 
_SKR raises 260 to 280 and is all-in
Bobobixi27 calls 260
*** FLOP *** [4s 7s Js]
*** TURN *** [4s 7s Js][2d]
*** RIVER *** [4s 7s Js 2d][Ad]
*** SHOW DOWN ***
Bobobixi27 shows [9c 2c] (One pair : 2)
_SKR shows [5h As] (One pair : Aces)
_SKR collected 560 from pot
*** SUMMARY ***
Total pot 560 | No rake
Board: [4s 7s Js 2d Ad]
Seat 1: Bobobixi27 (big blind) showed [9c 2c] and lost with One pair : 2
Seat 3: _SKR (small blind) (button) showed [5h As] and won 560 with One pair : Aces


Winamax Poker - Tournament "Expresso Nitro" buyIn: 1.86€ + 0.14€ level: 1 - HandId: #2696516060546334721-3-1675084550 - Holdem no limit (10/20) - 2023/01/30 13:15:50 UTC
Table: 'Expresso Nitro(627831570)#0' 3-max (real money) Seat #1 is the button
Seat 1: Bobobixi27 (340)
Seat 3: _SKR (560)
*** ANTE/BLINDS ***
Bobobixi27 posts small blind 10
_SKR posts big blind 20
Dealt to _SKR [Js 2h]
*** PRE-FLOP *** 
Bobobixi27 calls 10
_SKR checks
*** FLOP *** [4s 2d 4h]
_SKR checks
Bobobixi27 checks
*** TURN *** [4s 2d 4h][Ks]
_SKR checks
Bobobixi27 checks
*** RIVER *** [4s 2d 4h Ks][8s]
_SKR checks
Bobobixi27 checks
*** SHOW DOWN ***
Bobobixi27 shows [5h Jc] (One pair : 4)
_SKR shows [Js 2h] (Two pairs : 4 and 2)
_SKR collected 40 from pot
*** SUMMARY ***
Total pot 40 | No rake
Board: [4s 2d 4h Ks 8s]
Seat 1: Bobobixi27 (small blind) (button) showed [5h Jc] and lost with One pair : 4
Seat 3: _SKR (big blind) showed [Js 2h] and won 40 with Two pairs : 4 and 2


Winamax Poker - Tournament "Expresso Nitro" buyIn: 1.86€ + 0.14€ level: 2 - HandId: #2696516060546334721-4-1675084590 - Holdem no limit (15/30) - 2023/01/30 13:16:30 UTC
Table: 'Expresso Nitro(627831570)#0' 3-max (real money) Seat #3 is the button
Seat 1: Bobobixi27 (320)
Seat 3: _SKR (580)
*** ANTE/BLINDS ***
_SKR posts small blind 15
Bobobixi27 posts big blind 30
Dealt to _SKR [7h Ah]
*** PRE-FLOP *** 
_SKR raises 550 to 580 and is all-in
Bobobixi27 folds
_SKR collected 610 from pot
*** SUMMARY ***
Total pot 610 | No rake
Seat 3: _SKR (small blind) (button) won 610


Winamax Poker - Tournament "Expresso Nitro" buyIn: 1.86€ + 0.14€ level: 2 - HandId: #2696516060546334721-5-1675084599 - Holdem no limit (15/30) - 2023/01/30 13:16:39 UTC
Table: 'Expresso Nitro(627831570)#0' 3-max (real money) Seat #1 is the button
Seat 1: Bobobixi27 (290)
Seat 3: _SKR (610)
*** ANTE/BLINDS ***
Bobobixi27 posts small blind 15
_SKR posts big blind 30
Dealt to _SKR [2d Ts]
*** PRE-FLOP *** 
Bobobixi27 raises 60 to 90
_SKR folds
Bobobixi27 collected 120 from pot
*** SUMMARY ***
Total pot 120 | No rake
Seat 1: Bobobixi27 (small blind) (button) won 120


Winamax Poker - Tournament "Expresso Nitro" buyIn: 1.86€ + 0.14€ level: 2 - HandId: #2696516060546334721-6-1675084619 - Holdem no limit (15/30) - 2023/01/30 13:16:59 UTC
Table: 'Expresso Nitro(627831570)#0' 3-max (real money) Seat #3 is the button
Seat 1: Bobobixi27 (320)
Seat 3: _SKR (580)
*** ANTE/BLINDS ***
_SKR posts small blind 15
Bobobixi27 posts big blind 30
Dealt to _SKR [Ac Qs]
*** PRE-FLOP *** 
_SKR raises 550 to 580 and is all-in
Bobobixi27 calls 290 and is all-in
*** FLOP *** [3d 8c 7h]
*** TURN *** [3d 8c 7h][9h]
*** RIVER *** [3d 8c 7h 9h][5s]
*** SHOW DOWN ***
Bobobixi27 shows [Ad Ks] (High card : Ace)
_SKR shows [Ac Qs] (High card : Ace)
_SKR collected 260 from side pot 1
Bobobixi27 collected 640 from main pot
*** SUMMARY ***
Total pot 900 | No rake
Board: [3d 8c 7h 9h 5s]
Seat 1: Bobobixi27 (big blind) showed [Ad Ks] and won 640 with High card : Ace
Seat 3: _SKR (small blind) (button) showed [Ac Qs] and won 260 with High card : Ace


Winamax Poker - Tournament "Expresso Nitro" buyIn: 1.86€ + 0.14€ level: 2 - HandId: #2696516060546334721-7-1675084630 - Holdem no limit (15/30) - 2023/01/30 13:17:10 UTC
Table: 'Expresso Nitro(627831570)#0' 3-max (real money) Seat #1 is the button
Seat 1: Bobobixi27 (640)
Seat 3: _SKR (260)
*** ANTE/BLINDS ***
Bobobixi27 posts small blind 15
_SKR posts big blind 30
Dealt to _SKR [6c Ks]
*** PRE-FLOP *** 
Bobobixi27 raises 60 to 90
_SKR folds
Bobobixi27 collected 120 from pot
*** SUMMARY ***
Total pot 120 | No rake
Seat 1: Bobobixi27 (small blind) (button) won 120


Winamax Poker - Tournament "Expresso Nitro" buyIn: 1.86€ + 0.14€ level: 3 - HandId: #2696516060546334721-8-1675084637 - Holdem no limit (20/40) - 2023/01/30 13:17:17 UTC
Table: 'Expresso Nitro(627831570)#0' 3-max (real money) Seat #3 is the button
Seat 1: Bobobixi27 (670)
Seat 3: _SKR (230)
*** ANTE/BLINDS ***
_SKR posts small blind 20
Bobobixi27 posts big blind 40
Dealt to _SKR [5h 6h]
*** PRE-FLOP *** 
_SKR raises 190 to 230 and is all-in
Bobobixi27 calls 190
*** FLOP *** [Qs 8h Jc]
*** TURN *** [Qs 8h Jc][Kd]
*** RIVER *** [Qs 8h Jc Kd][4s]
*** SHOW DOWN ***
_SKR shows [5h 6h] (High card : King)
Bobobixi27 shows [Js Td] (One pair : Jacks)
Bobobixi27 collected 460 from pot
*** SUMMARY ***
Total pot 460 | No rake
Board: [Qs 8h Jc Kd 4s]
Seat 1: Bobobixi27 (big blind) showed [Js Td] and won 460 with One pair : Jacks
Seat 3: _SKR (small blind) (button) showed [5h 6h] and lost with High card : King


