Winamax Poker - Tournament "Expresso Nitro" buyIn: 0.93€ + 0.07€ level: 1 - HandId: #2680050796610977793-1-1674049748 - Holdem no limit (10/20) - 2023/01/18 13:49:08 UTC
Table: 'Expresso Nitro(623997952)#0' 3-max (real money) Seat #1 is the button
Seat 1: Coeur fou576 (300)
Seat 2: _SKR (300)
Seat 3: Doudoune18 (300)
*** ANTE/BLINDS ***
_SKR posts small blind 10
Doudoune18 posts big blind 20
Dealt to _SKR [Qh Ah]
*** PRE-FLOP *** 
Coeur fou576 calls 20
_SKR raises 60 to 80
Doudoune18 folds
Coeur fou576 calls 60
*** FLOP *** [5c As Kc]
_SKR checks
Coeur fou576 bets 220 and is all-in
_SKR calls 220 and is all-in
*** TURN *** [5c As Kc][Jh]
*** RIVER *** [5c As Kc Jh][8d]
*** SHOW DOWN ***
Coeur fou576 shows [6s Ad] (One pair : Aces)
_SKR shows [Qh Ah] (One pair : Aces)
_SKR collected 620 from pot
*** SUMMARY ***
Total pot 620 | No rake
Board: [5c As Kc Jh 8d]
Seat 1: Coeur fou576 (button) showed [6s Ad] and lost with One pair : Aces
Seat 2: _SKR (small blind) showed [Qh Ah] and won 620 with One pair : Aces


Winamax Poker - Tournament "Expresso Nitro" buyIn: 0.93€ + 0.07€ level: 1 - HandId: #2680050796610977793-2-1674049772 - Holdem no limit (10/20) - 2023/01/18 13:49:32 UTC
Table: 'Expresso Nitro(623997952)#0' 3-max (real money) Seat #3 is the button
Seat 2: _SKR (620)
Seat 3: Doudoune18 (280)
*** ANTE/BLINDS ***
Doudoune18 posts small blind 10
_SKR posts big blind 20
Dealt to _SKR [7d 9s]
*** PRE-FLOP *** 
Doudoune18 folds
_SKR collected 30 from pot
*** SUMMARY ***
Total pot 30 | No rake
Seat 2: _SKR (big blind) won 30


Winamax Poker - Tournament "Expresso Nitro" buyIn: 0.93€ + 0.07€ level: 1 - HandId: #2680050796610977793-3-1674049775 - Holdem no limit (10/20) - 2023/01/18 13:49:35 UTC
Table: 'Expresso Nitro(623997952)#0' 3-max (real money) Seat #2 is the button
Seat 2: _SKR (630)
Seat 3: Doudoune18 (270)
*** ANTE/BLINDS ***
_SKR posts small blind 10
Doudoune18 posts big blind 20
Dealt to _SKR [2h 2c]
*** PRE-FLOP *** 
_SKR raises 610 to 630 and is all-in
Doudoune18 calls 250 and is all-in
*** FLOP *** [Th 4c Qh]
*** TURN *** [Th 4c Qh][7d]
*** RIVER *** [Th 4c Qh 7d][Td]
*** SHOW DOWN ***
_SKR shows [2h 2c] (Two pairs : Tens and 2)
Doudoune18 shows [8s 7s] (Two pairs : Tens and 7)
Doudoune18 collected 540 from main pot
_SKR collected 360 from side pot 1
*** SUMMARY ***
Total pot 900 | No rake
Board: [Th 4c Qh 7d Td]
Seat 2: _SKR (small blind) (button) showed [2h 2c] and won 360 with Two pairs : Tens and 2
Seat 3: Doudoune18 (big blind) showed [8s 7s] and won 540 with Two pairs : Tens and 7


Winamax Poker - Tournament "Expresso Nitro" buyIn: 0.93€ + 0.07€ level: 1 - HandId: #2680050796610977793-4-1674049787 - Holdem no limit (10/20) - 2023/01/18 13:49:47 UTC
Table: 'Expresso Nitro(623997952)#0' 3-max (real money) Seat #3 is the button
Seat 2: _SKR (360)
Seat 3: Doudoune18 (540)
*** ANTE/BLINDS ***
Doudoune18 posts small blind 10
_SKR posts big blind 20
Dealt to _SKR [Qd Th]
*** PRE-FLOP *** 
Doudoune18 calls 10
_SKR checks
*** FLOP *** [3h 6h 4d]
_SKR checks
Doudoune18 checks
*** TURN *** [3h 6h 4d][Qs]
_SKR bets 20
Doudoune18 folds
_SKR collected 60 from pot
*** SUMMARY ***
Total pot 60 | No rake
Board: [3h 6h 4d Qs]
Seat 2: _SKR (big blind) won 60


Winamax Poker - Tournament "Expresso Nitro" buyIn: 0.93€ + 0.07€ level: 2 - HandId: #2680050796610977793-5-1674049828 - Holdem no limit (15/30) - 2023/01/18 13:50:28 UTC
Table: 'Expresso Nitro(623997952)#0' 3-max (real money) Seat #2 is the button
Seat 2: _SKR (380)
Seat 3: Doudoune18 (520)
*** ANTE/BLINDS ***
_SKR posts small blind 15
Doudoune18 posts big blind 30
Dealt to _SKR [Kd 6h]
*** PRE-FLOP *** 
_SKR folds
Doudoune18 collected 45 from pot
*** SUMMARY ***
Total pot 45 | No rake
Seat 3: Doudoune18 (big blind) won 45


Winamax Poker - Tournament "Expresso Nitro" buyIn: 0.93€ + 0.07€ level: 2 - HandId: #2680050796610977793-6-1674049833 - Holdem no limit (15/30) - 2023/01/18 13:50:33 UTC
Table: 'Expresso Nitro(623997952)#0' 3-max (real money) Seat #3 is the button
Seat 2: _SKR (365)
Seat 3: Doudoune18 (535)
*** ANTE/BLINDS ***
Doudoune18 posts small blind 15
_SKR posts big blind 30
Dealt to _SKR [8h Kh]
*** PRE-FLOP *** 
Doudoune18 calls 15
_SKR checks
*** FLOP *** [9c As Ts]
_SKR checks
Doudoune18 bets 60
_SKR folds
Doudoune18 collected 120 from pot
*** SUMMARY ***
Total pot 120 | No rake
Board: [9c As Ts]
Seat 3: Doudoune18 (small blind) (button) won 120


Winamax Poker - Tournament "Expresso Nitro" buyIn: 0.93€ + 0.07€ level: 2 - HandId: #2680050796610977793-7-1674049853 - Holdem no limit (15/30) - 2023/01/18 13:50:53 UTC
Table: 'Expresso Nitro(623997952)#0' 3-max (real money) Seat #2 is the button
Seat 2: _SKR (335)
Seat 3: Doudoune18 (565)
*** ANTE/BLINDS ***
_SKR posts small blind 15
Doudoune18 posts big blind 30
Dealt to _SKR [7d Js]
*** PRE-FLOP *** 
_SKR folds
Doudoune18 collected 45 from pot
*** SUMMARY ***
Total pot 45 | No rake
Seat 3: Doudoune18 (big blind) won 45


Winamax Poker - Tournament "Expresso Nitro" buyIn: 0.93€ + 0.07€ level: 2 - HandId: #2680050796610977793-8-1674049858 - Holdem no limit (15/30) - 2023/01/18 13:50:58 UTC
Table: 'Expresso Nitro(623997952)#0' 3-max (real money) Seat #3 is the button
Seat 2: _SKR (320)
Seat 3: Doudoune18 (580)
*** ANTE/BLINDS ***
Doudoune18 posts small blind 15
_SKR posts big blind 30
Dealt to _SKR [9d 3h]
*** PRE-FLOP *** 
Doudoune18 calls 15
_SKR checks
*** FLOP *** [5h 3s 7s]
_SKR checks
Doudoune18 checks
*** TURN *** [5h 3s 7s][Ac]
_SKR checks
Doudoune18 checks
*** RIVER *** [5h 3s 7s Ac][Jh]
_SKR checks
Doudoune18 checks
*** SHOW DOWN ***
_SKR shows [9d 3h] (One pair : 3)
Doudoune18 shows [5c 2c] (One pair : 5)
Doudoune18 collected 60 from pot
*** SUMMARY ***
Total pot 60 | No rake
Board: [5h 3s 7s Ac Jh]
Seat 2: _SKR (big blind) showed [9d 3h] and lost with One pair : 3
Seat 3: Doudoune18 (small blind) (button) showed [5c 2c] and won 60 with One pair : 5


Winamax Poker - Tournament "Expresso Nitro" buyIn: 0.93€ + 0.07€ level: 3 - HandId: #2680050796610977793-9-1674049894 - Holdem no limit (20/40) - 2023/01/18 13:51:34 UTC
Table: 'Expresso Nitro(623997952)#0' 3-max (real money) Seat #2 is the button
Seat 2: _SKR (290)
Seat 3: Doudoune18 (610)
*** ANTE/BLINDS ***
_SKR posts small blind 20
Doudoune18 posts big blind 40
Dealt to _SKR [6d Jd]
*** PRE-FLOP *** 
_SKR raises 250 to 290 and is all-in
Doudoune18 calls 250
*** FLOP *** [8d Jc 9d]
*** TURN *** [8d Jc 9d][Qc]
*** RIVER *** [8d Jc 9d Qc][7d]
*** SHOW DOWN ***
Doudoune18 shows [7s Ad] (One pair : 7)
_SKR shows [6d Jd] (Flush Jack high)
_SKR collected 580 from pot
*** SUMMARY ***
Total pot 580 | No rake
Board: [8d Jc 9d Qc 7d]
Seat 2: _SKR (small blind) (button) showed [6d Jd] and won 580 with Flush Jack high
Seat 3: Doudoune18 (big blind) showed [7s Ad] and lost with One pair : 7


Winamax Poker - Tournament "Expresso Nitro" buyIn: 0.93€ + 0.07€ level: 3 - HandId: #2680050796610977793-10-1674049913 - Holdem no limit (20/40) - 2023/01/18 13:51:53 UTC
Table: 'Expresso Nitro(623997952)#0' 3-max (real money) Seat #3 is the button
Seat 2: _SKR (580)
Seat 3: Doudoune18 (320)
*** ANTE/BLINDS ***
Doudoune18 posts small blind 20
_SKR posts big blind 40
Dealt to _SKR [8d 6h]
*** PRE-FLOP *** 
Doudoune18 raises 280 to 320 and is all-in
_SKR folds
Doudoune18 collected 360 from pot
*** SUMMARY ***
Total pot 360 | No rake
Seat 3: Doudoune18 (small blind) (button) won 360


Winamax Poker - Tournament "Expresso Nitro" buyIn: 0.93€ + 0.07€ level: 3 - HandId: #2680050796610977793-11-1674049917 - Holdem no limit (20/40) - 2023/01/18 13:51:57 UTC
Table: 'Expresso Nitro(623997952)#0' 3-max (real money) Seat #2 is the button
Seat 2: _SKR (540)
Seat 3: Doudoune18 (360)
*** ANTE/BLINDS ***
_SKR posts small blind 20
Doudoune18 posts big blind 40
Dealt to _SKR [2d 2c]
*** PRE-FLOP *** 
_SKR raises 500 to 540 and is all-in
Doudoune18 folds
_SKR collected 580 from pot
*** SUMMARY ***
Total pot 580 | No rake
Seat 2: _SKR (small blind) (button) won 580


Winamax Poker - Tournament "Expresso Nitro" buyIn: 0.93€ + 0.07€ level: 3 - HandId: #2680050796610977793-12-1674049923 - Holdem no limit (20/40) - 2023/01/18 13:52:03 UTC
Table: 'Expresso Nitro(623997952)#0' 3-max (real money) Seat #3 is the button
Seat 2: _SKR (580)
Seat 3: Doudoune18 (320)
*** ANTE/BLINDS ***
Doudoune18 posts small blind 20
_SKR posts big blind 40
Dealt to _SKR [Qd 3c]
*** PRE-FLOP *** 
Doudoune18 raises 280 to 320 and is all-in
_SKR folds
Doudoune18 collected 360 from pot
*** SUMMARY ***
Total pot 360 | No rake
Seat 3: Doudoune18 (small blind) (button) won 360


Winamax Poker - Tournament "Expresso Nitro" buyIn: 0.93€ + 0.07€ level: 4 - HandId: #2680050796610977793-13-1674049928 - Holdem no limit (30/60) - 2023/01/18 13:52:08 UTC
Table: 'Expresso Nitro(623997952)#0' 3-max (real money) Seat #2 is the button
Seat 2: _SKR (540)
Seat 3: Doudoune18 (360)
*** ANTE/BLINDS ***
_SKR posts small blind 30
Doudoune18 posts big blind 60
Dealt to _SKR [9d 8d]
*** PRE-FLOP *** 
_SKR raises 480 to 540 and is all-in
Doudoune18 calls 300 and is all-in
*** FLOP *** [4s Tc 3c]
*** TURN *** [4s Tc 3c][3s]
*** RIVER *** [4s Tc 3c 3s][Qd]
*** SHOW DOWN ***
_SKR shows [9d 8d] (One pair : 3)
Doudoune18 shows [Ac Qs] (Two pairs : Queens and 3)
Doudoune18 collected 720 from main pot
_SKR collected 180 from side pot 1
*** SUMMARY ***
Total pot 900 | No rake
Board: [4s Tc 3c 3s Qd]
Seat 2: _SKR (small blind) (button) showed [9d 8d] and won 180 with One pair : 3
Seat 3: Doudoune18 (big blind) showed [Ac Qs] and won 720 with Two pairs : Queens and 3


Winamax Poker - Tournament "Expresso Nitro" buyIn: 0.93€ + 0.07€ level: 4 - HandId: #2680050796610977793-14-1674049940 - Holdem no limit (30/60) - 2023/01/18 13:52:20 UTC
Table: 'Expresso Nitro(623997952)#0' 3-max (real money) Seat #3 is the button
Seat 2: _SKR (180)
Seat 3: Doudoune18 (720)
*** ANTE/BLINDS ***
Doudoune18 posts small blind 30
_SKR posts big blind 60
Dealt to _SKR [7c Kd]
*** PRE-FLOP *** 
Doudoune18 raises 660 to 720 and is all-in
_SKR calls 120 and is all-in
*** FLOP *** [2c As 7s]
*** TURN *** [2c As 7s][Tc]
*** RIVER *** [2c As 7s Tc][Ad]
*** SHOW DOWN ***
_SKR shows [7c Kd] (Two pairs : Aces and 7)
Doudoune18 shows [Kc Td] (Two pairs : Aces and Tens)
Doudoune18 collected 900 from pot
*** SUMMARY ***
Total pot 900 | No rake
Board: [2c As 7s Tc Ad]
Seat 2: _SKR (big blind) showed [7c Kd] and lost with Two pairs : Aces and 7
Seat 3: Doudoune18 (small blind) (button) showed [Kc Td] and won 900 with Two pairs : Aces and Tens


