Winamax Poker - Tournament "Expresso Nitro" buyIn: 0.93€ + 0.07€ level: 1 - HandId: #2717244264206565377-1-1676213728 - Holdem no limit (10/20) - 2023/02/12 14:55:28 UTC
Table: 'Expresso Nitro(632657731)#0' 3-max (real money) Seat #1 is the button
Seat 1: ArantxArakis (300)
Seat 2: Zico64 (300)
Seat 3: _SKR (300)
*** ANTE/BLINDS ***
Zico64 posts small blind 10
_SKR posts big blind 20
Dealt to _SKR [Jc Kc]
*** PRE-FLOP *** 
ArantxArakis calls 20
Zico64 calls 10
_SKR raises 280 to 300 and is all-in
ArantxArakis calls 280 and is all-in
Zico64 folds
*** FLOP *** [3d Kd 2d]
*** TURN *** [3d Kd 2d][Js]
*** RIVER *** [3d Kd 2d Js][5c]
*** SHOW DOWN ***
ArantxArakis shows [Tc Th] (One pair : Tens)
_SKR shows [Jc Kc] (Two pairs : Kings and Jacks)
_SKR collected 620 from pot
*** SUMMARY ***
Total pot 620 | No rake
Board: [3d Kd 2d Js 5c]
Seat 1: ArantxArakis (button) showed [Tc Th] and lost with One pair : Tens
Seat 3: _SKR (big blind) showed [Jc Kc] and won 620 with Two pairs : Kings and Jacks


Winamax Poker - Tournament "Expresso Nitro" buyIn: 0.93€ + 0.07€ level: 1 - HandId: #2717244264206565377-2-1676213749 - Holdem no limit (10/20) - 2023/02/12 14:55:49 UTC
Table: 'Expresso Nitro(632657731)#0' 3-max (real money) Seat #3 is the button
Seat 2: Zico64 (280)
Seat 3: _SKR (620)
*** ANTE/BLINDS ***
_SKR posts small blind 10
Zico64 posts big blind 20
Dealt to _SKR [3c 9s]
*** PRE-FLOP *** 
_SKR folds
Zico64 collected 30 from pot
*** SUMMARY ***
Total pot 30 | No rake
Seat 2: Zico64 (big blind) won 30


Winamax Poker - Tournament "Expresso Nitro" buyIn: 0.93€ + 0.07€ level: 1 - HandId: #2717244264206565377-3-1676213752 - Holdem no limit (10/20) - 2023/02/12 14:55:52 UTC
Table: 'Expresso Nitro(632657731)#0' 3-max (real money) Seat #2 is the button
Seat 2: Zico64 (290)
Seat 3: _SKR (610)
*** ANTE/BLINDS ***
Zico64 posts small blind 10
_SKR posts big blind 20
Dealt to _SKR [4s 2c]
*** PRE-FLOP *** 
Zico64 raises 40 to 60
_SKR folds
Zico64 collected 80 from pot
*** SUMMARY ***
Total pot 80 | No rake
Seat 2: Zico64 (small blind) (button) won 80


Winamax Poker - Tournament "Expresso Nitro" buyIn: 0.93€ + 0.07€ level: 1 - HandId: #2717244264206565377-4-1676213759 - Holdem no limit (10/20) - 2023/02/12 14:55:59 UTC
Table: 'Expresso Nitro(632657731)#0' 3-max (real money) Seat #3 is the button
Seat 2: Zico64 (310)
Seat 3: _SKR (590)
*** ANTE/BLINDS ***
_SKR posts small blind 10
Zico64 posts big blind 20
Dealt to _SKR [Js 9d]
*** PRE-FLOP *** 
_SKR folds
Zico64 collected 30 from pot
*** SUMMARY ***
Total pot 30 | No rake
Seat 2: Zico64 (big blind) won 30


Winamax Poker - Tournament "Expresso Nitro" buyIn: 0.93€ + 0.07€ level: 1 - HandId: #2717244264206565377-5-1676213766 - Holdem no limit (10/20) - 2023/02/12 14:56:06 UTC
Table: 'Expresso Nitro(632657731)#0' 3-max (real money) Seat #2 is the button
Seat 2: Zico64 (320)
Seat 3: _SKR (580)
*** ANTE/BLINDS ***
Zico64 posts small blind 10
_SKR posts big blind 20
Dealt to _SKR [Jh 6c]
*** PRE-FLOP *** 
Zico64 calls 10
_SKR checks
*** FLOP *** [2h 5h 3c]
_SKR checks
Zico64 bets 40
_SKR raises 50 to 90
Zico64 raises 210 to 300 and is all-in
_SKR folds
Zico64 collected 430 from pot
*** SUMMARY ***
Total pot 430 | No rake
Board: [2h 5h 3c]
Seat 2: Zico64 (small blind) (button) won 430


Winamax Poker - Tournament "Expresso Nitro" buyIn: 0.93€ + 0.07€ level: 2 - HandId: #2717244264206565377-6-1676213784 - Holdem no limit (15/30) - 2023/02/12 14:56:24 UTC
Table: 'Expresso Nitro(632657731)#0' 3-max (real money) Seat #3 is the button
Seat 2: Zico64 (430)
Seat 3: _SKR (470)
*** ANTE/BLINDS ***
_SKR posts small blind 15
Zico64 posts big blind 30
Dealt to _SKR [Ks 3s]
*** PRE-FLOP *** 
_SKR raises 30 to 60
Zico64 folds
_SKR collected 90 from pot
*** SUMMARY ***
Total pot 90 | No rake
Seat 3: _SKR (small blind) (button) won 90


Winamax Poker - Tournament "Expresso Nitro" buyIn: 0.93€ + 0.07€ level: 2 - HandId: #2717244264206565377-7-1676213791 - Holdem no limit (15/30) - 2023/02/12 14:56:31 UTC
Table: 'Expresso Nitro(632657731)#0' 3-max (real money) Seat #2 is the button
Seat 2: Zico64 (400)
Seat 3: _SKR (500)
*** ANTE/BLINDS ***
Zico64 posts small blind 15
_SKR posts big blind 30
Dealt to _SKR [9c 7d]
*** PRE-FLOP *** 
Zico64 folds
_SKR collected 45 from pot
*** SUMMARY ***
Total pot 45 | No rake
Seat 3: _SKR (big blind) won 45


Winamax Poker - Tournament "Expresso Nitro" buyIn: 0.93€ + 0.07€ level: 2 - HandId: #2717244264206565377-8-1676213795 - Holdem no limit (15/30) - 2023/02/12 14:56:35 UTC
Table: 'Expresso Nitro(632657731)#0' 3-max (real money) Seat #3 is the button
Seat 2: Zico64 (385)
Seat 3: _SKR (515)
*** ANTE/BLINDS ***
_SKR posts small blind 15
Zico64 posts big blind 30
Dealt to _SKR [2c 9d]
*** PRE-FLOP *** 
_SKR folds
Zico64 collected 45 from pot
*** SUMMARY ***
Total pot 45 | No rake
Seat 2: Zico64 (big blind) won 45


Winamax Poker - Tournament "Expresso Nitro" buyIn: 0.93€ + 0.07€ level: 2 - HandId: #2717244264206565377-9-1676213799 - Holdem no limit (15/30) - 2023/02/12 14:56:39 UTC
Table: 'Expresso Nitro(632657731)#0' 3-max (real money) Seat #2 is the button
Seat 2: Zico64 (400)
Seat 3: _SKR (500)
*** ANTE/BLINDS ***
Zico64 posts small blind 15
_SKR posts big blind 30
Dealt to _SKR [2h 9h]
*** PRE-FLOP *** 
Zico64 raises 370 to 400 and is all-in
_SKR folds
Zico64 collected 430 from pot
*** SUMMARY ***
Total pot 430 | No rake
Seat 2: Zico64 (small blind) (button) won 430


Winamax Poker - Tournament "Expresso Nitro" buyIn: 0.93€ + 0.07€ level: 2 - HandId: #2717244264206565377-10-1676213803 - Holdem no limit (15/30) - 2023/02/12 14:56:43 UTC
Table: 'Expresso Nitro(632657731)#0' 3-max (real money) Seat #3 is the button
Seat 2: Zico64 (430)
Seat 3: _SKR (470)
*** ANTE/BLINDS ***
_SKR posts small blind 15
Zico64 posts big blind 30
Dealt to _SKR [Kd 7d]
*** PRE-FLOP *** 
_SKR raises 440 to 470 and is all-in
Zico64 calls 400 and is all-in
*** FLOP *** [Kc 8d Ah]
*** TURN *** [Kc 8d Ah][6c]
*** RIVER *** [Kc 8d Ah 6c][4s]
*** SHOW DOWN ***
Zico64 shows [9h 9d] (One pair : 9)
_SKR shows [Kd 7d] (One pair : Kings)
_SKR collected 900 from pot
*** SUMMARY ***
Total pot 900 | No rake
Board: [Kc 8d Ah 6c 4s]
Seat 2: Zico64 (big blind) showed [9h 9d] and lost with One pair : 9
Seat 3: _SKR (small blind) (button) showed [Kd 7d] and won 900 with One pair : Kings


