Winamax Poker - Tournament "Expresso Nitro" buyIn: 1.86€ + 0.14€ level: 1 - HandId: #2698077508791697409-1-1675179462 - Holdem no limit (10/20) - 2023/01/31 15:37:42 UTC
Table: 'Expresso Nitro(628195123)#0' 3-max (real money) Seat #1 is the button
Seat 1: _SKR (300)
Seat 2: Djaness1982 (300)
Seat 3: kingmadrid (300)
*** ANTE/BLINDS ***
Djaness1982 posts small blind 10
kingmadrid posts big blind 20
Dealt to _SKR [6h 2h]
*** PRE-FLOP *** 
_SKR folds
Djaness1982 calls 10
kingmadrid checks
*** FLOP *** [6s Qh 7d]
Djaness1982 bets 40
kingmadrid folds
Djaness1982 collected 80 from pot
*** SUMMARY ***
Total pot 80 | No rake
Board: [6s Qh 7d]
Seat 2: Djaness1982 (small blind) won 80


Winamax Poker - Tournament "Expresso Nitro" buyIn: 1.86€ + 0.14€ level: 1 - HandId: #2698077508791697409-2-1675179484 - Holdem no limit (10/20) - 2023/01/31 15:38:04 UTC
Table: 'Expresso Nitro(628195123)#0' 3-max (real money) Seat #2 is the button
Seat 1: _SKR (300)
Seat 2: Djaness1982 (320)
Seat 3: kingmadrid (280)
*** ANTE/BLINDS ***
kingmadrid posts small blind 10
_SKR posts big blind 20
Dealt to _SKR [3h 4d]
*** PRE-FLOP *** 
Djaness1982 calls 20
kingmadrid folds
_SKR checks
*** FLOP *** [Th Tc Jh]
_SKR checks
Djaness1982 bets 33
_SKR folds
Djaness1982 collected 83 from pot
*** SUMMARY ***
Total pot 83 | No rake
Board: [Th Tc Jh]
Seat 2: Djaness1982 (button) won 83


Winamax Poker - Tournament "Expresso Nitro" buyIn: 1.86€ + 0.14€ level: 1 - HandId: #2698077508791697409-3-1675179508 - Holdem no limit (10/20) - 2023/01/31 15:38:28 UTC
Table: 'Expresso Nitro(628195123)#0' 3-max (real money) Seat #3 is the button
Seat 1: _SKR (280)
Seat 2: Djaness1982 (350)
Seat 3: kingmadrid (270)
*** ANTE/BLINDS ***
_SKR posts small blind 10
Djaness1982 posts big blind 20
Dealt to _SKR [Js 7s]
*** PRE-FLOP *** 
kingmadrid folds
_SKR raises 20 to 40
Djaness1982 folds
_SKR collected 60 from pot
*** SUMMARY ***
Total pot 60 | No rake
Seat 1: _SKR (small blind) won 60


Winamax Poker - Tournament "Expresso Nitro" buyIn: 1.86€ + 0.14€ level: 2 - HandId: #2698077508791697409-4-1675179534 - Holdem no limit (15/30) - 2023/01/31 15:38:54 UTC
Table: 'Expresso Nitro(628195123)#0' 3-max (real money) Seat #1 is the button
Seat 1: _SKR (300)
Seat 2: Djaness1982 (330)
Seat 3: kingmadrid (270)
*** ANTE/BLINDS ***
Djaness1982 posts small blind 15
kingmadrid posts big blind 30
Dealt to _SKR [5s 5d]
*** PRE-FLOP *** 
_SKR raises 270 to 300 and is all-in
Djaness1982 folds
kingmadrid folds
_SKR collected 345 from pot
*** SUMMARY ***
Total pot 345 | No rake
Seat 1: _SKR (button) won 345


Winamax Poker - Tournament "Expresso Nitro" buyIn: 1.86€ + 0.14€ level: 2 - HandId: #2698077508791697409-5-1675179541 - Holdem no limit (15/30) - 2023/01/31 15:39:01 UTC
Table: 'Expresso Nitro(628195123)#0' 3-max (real money) Seat #2 is the button
Seat 1: _SKR (345)
Seat 2: Djaness1982 (315)
Seat 3: kingmadrid (240)
*** ANTE/BLINDS ***
kingmadrid posts small blind 15
_SKR posts big blind 30
Dealt to _SKR [8c 9c]
*** PRE-FLOP *** 
Djaness1982 calls 30
kingmadrid folds
_SKR checks
*** FLOP *** [Ac 9d 2h]
_SKR checks
Djaness1982 checks
*** TURN *** [Ac 9d 2h][3h]
_SKR bets 49
Djaness1982 calls 49
*** RIVER *** [Ac 9d 2h 3h][Tc]
_SKR checks
Djaness1982 checks
*** SHOW DOWN ***
Djaness1982 shows [3c Qd] (One pair : 3)
_SKR shows [8c 9c] (One pair : 9)
_SKR collected 173 from pot
*** SUMMARY ***
Total pot 173 | No rake
Board: [Ac 9d 2h 3h Tc]
Seat 1: _SKR (big blind) showed [8c 9c] and won 173 with One pair : 9
Seat 2: Djaness1982 (button) showed [3c Qd] and lost with One pair : 3


Winamax Poker - Tournament "Expresso Nitro" buyIn: 1.86€ + 0.14€ level: 3 - HandId: #2698077508791697409-6-1675179579 - Holdem no limit (20/40) - 2023/01/31 15:39:39 UTC
Table: 'Expresso Nitro(628195123)#0' 3-max (real money) Seat #3 is the button
Seat 1: _SKR (439)
Seat 2: Djaness1982 (236)
Seat 3: kingmadrid (225)
*** ANTE/BLINDS ***
_SKR posts small blind 20
Djaness1982 posts big blind 40
Dealt to _SKR [Qc 6s]
*** PRE-FLOP *** 
kingmadrid folds
_SKR raises 399 to 439 and is all-in
Djaness1982 folds
_SKR collected 479 from pot
*** SUMMARY ***
Total pot 479 | No rake
Seat 1: _SKR (small blind) won 479


Winamax Poker - Tournament "Expresso Nitro" buyIn: 1.86€ + 0.14€ level: 3 - HandId: #2698077508791697409-7-1675179586 - Holdem no limit (20/40) - 2023/01/31 15:39:46 UTC
Table: 'Expresso Nitro(628195123)#0' 3-max (real money) Seat #1 is the button
Seat 1: _SKR (479)
Seat 2: Djaness1982 (196)
Seat 3: kingmadrid (225)
*** ANTE/BLINDS ***
Djaness1982 posts small blind 20
kingmadrid posts big blind 40
Dealt to _SKR [6s 5d]
*** PRE-FLOP *** 
_SKR folds
Djaness1982 folds
kingmadrid collected 60 from pot
*** SUMMARY ***
Total pot 60 | No rake
Seat 3: kingmadrid (big blind) won 60


Winamax Poker - Tournament "Expresso Nitro" buyIn: 1.86€ + 0.14€ level: 3 - HandId: #2698077508791697409-8-1675179596 - Holdem no limit (20/40) - 2023/01/31 15:39:56 UTC
Table: 'Expresso Nitro(628195123)#0' 3-max (real money) Seat #2 is the button
Seat 1: _SKR (479)
Seat 2: Djaness1982 (176)
Seat 3: kingmadrid (245)
*** ANTE/BLINDS ***
kingmadrid posts small blind 20
_SKR posts big blind 40
Dealt to _SKR [5c 9c]
*** PRE-FLOP *** 
Djaness1982 folds
kingmadrid raises 205 to 245 and is all-in
_SKR folds
kingmadrid collected 285 from pot
*** SUMMARY ***
Total pot 285 | No rake
Seat 3: kingmadrid (small blind) won 285


Winamax Poker - Tournament "Expresso Nitro" buyIn: 1.86€ + 0.14€ level: 3 - HandId: #2698077508791697409-9-1675179603 - Holdem no limit (20/40) - 2023/01/31 15:40:03 UTC
Table: 'Expresso Nitro(628195123)#0' 3-max (real money) Seat #3 is the button
Seat 1: _SKR (439)
Seat 2: Djaness1982 (176)
Seat 3: kingmadrid (285)
*** ANTE/BLINDS ***
_SKR posts small blind 20
Djaness1982 posts big blind 40
Dealt to _SKR [Ks 3s]
*** PRE-FLOP *** 
kingmadrid folds
_SKR raises 399 to 439 and is all-in
Djaness1982 calls 136 and is all-in
*** FLOP *** [9c As 2s]
*** TURN *** [9c As 2s][6c]
*** RIVER *** [9c As 2s 6c][4c]
*** SHOW DOWN ***
_SKR shows [Ks 3s] (High card : Ace)
Djaness1982 shows [7c 8c] (Flush 9 high)
Djaness1982 collected 352 from main pot
_SKR collected 263 from side pot 1
*** SUMMARY ***
Total pot 615 | No rake
Board: [9c As 2s 6c 4c]
Seat 1: _SKR (small blind) showed [Ks 3s] and won 263 with High card : Ace
Seat 2: Djaness1982 (big blind) showed [7c 8c] and won 352 with Flush 9 high


Winamax Poker - Tournament "Expresso Nitro" buyIn: 1.86€ + 0.14€ level: 3 - HandId: #2698077508791697409-10-1675179622 - Holdem no limit (20/40) - 2023/01/31 15:40:22 UTC
Table: 'Expresso Nitro(628195123)#0' 3-max (real money) Seat #1 is the button
Seat 1: _SKR (263)
Seat 2: Djaness1982 (352)
Seat 3: kingmadrid (285)
*** ANTE/BLINDS ***
Djaness1982 posts small blind 20
kingmadrid posts big blind 40
Dealt to _SKR [5s 3d]
*** PRE-FLOP *** 
_SKR folds
Djaness1982 calls 20
kingmadrid raises 245 to 285 and is all-in
Djaness1982 folds
kingmadrid collected 325 from pot
*** SUMMARY ***
Total pot 325 | No rake
Seat 3: kingmadrid (big blind) won 325


Winamax Poker - Tournament "Expresso Nitro" buyIn: 1.86€ + 0.14€ level: 3 - HandId: #2698077508791697409-11-1675179629 - Holdem no limit (20/40) - 2023/01/31 15:40:29 UTC
Table: 'Expresso Nitro(628195123)#0' 3-max (real money) Seat #2 is the button
Seat 1: _SKR (263)
Seat 2: Djaness1982 (312)
Seat 3: kingmadrid (325)
*** ANTE/BLINDS ***
kingmadrid posts small blind 20
_SKR posts big blind 40
Dealt to _SKR [Ks 6s]
*** PRE-FLOP *** 
Djaness1982 raises 80 to 120
kingmadrid folds
_SKR raises 143 to 263 and is all-in
Djaness1982 raises 49 to 312 and is all-in
*** FLOP *** [4s 6d 4d]
*** TURN *** [4s 6d 4d][3h]
*** RIVER *** [4s 6d 4d 3h][9c]
*** SHOW DOWN ***
_SKR shows [Ks 6s] (Two pairs : 6 and 4)
Djaness1982 shows [As Ac] (Two pairs : Aces and 4)
Djaness1982 collected 595 from pot
*** SUMMARY ***
Total pot 595 | No rake
Board: [4s 6d 4d 3h 9c]
Seat 1: _SKR (big blind) showed [Ks 6s] and lost with Two pairs : 6 and 4
Seat 2: Djaness1982 (button) showed [As Ac] and won 595 with Two pairs : Aces and 4


