Winamax Poker - Tournament "Expresso Nitro" buyIn: 0.93€ + 0.07€ level: 1 - HandId: #2676329031355334657-1-1673820210 - Holdem no limit (10/20) - 2023/01/15 22:03:30 UTC
Table: 'Expresso Nitro(623131411)#0' 3-max (real money) Seat #1 is the button
Seat 1: _SKR (300)
Seat 2: Mattouzzini (300)
Seat 3: SrgeiKrishKo (300)
*** ANTE/BLINDS ***
Mattouzzini posts small blind 10
SrgeiKrishKo posts big blind 20
Dealt to _SKR [9h 5c]
*** PRE-FLOP *** 
_SKR folds
Mattouzzini folds
SrgeiKrishKo collected 30 from pot
*** SUMMARY ***
Total pot 30 | No rake
Seat 3: SrgeiKrishKo (big blind) won 30


Winamax Poker - Tournament "Expresso Nitro" buyIn: 0.93€ + 0.07€ level: 1 - HandId: #2676329031355334657-2-1673820221 - Holdem no limit (10/20) - 2023/01/15 22:03:41 UTC
Table: 'Expresso Nitro(623131411)#0' 3-max (real money) Seat #2 is the button
Seat 1: _SKR (300)
Seat 2: Mattouzzini (290)
Seat 3: SrgeiKrishKo (310)
*** ANTE/BLINDS ***
SrgeiKrishKo posts small blind 10
_SKR posts big blind 20
Dealt to _SKR [6c 7c]
*** PRE-FLOP *** 
Mattouzzini folds
SrgeiKrishKo calls 10
_SKR checks
*** FLOP *** [Jd 5s Kh]
SrgeiKrishKo bets 40
_SKR folds
SrgeiKrishKo collected 80 from pot
*** SUMMARY ***
Total pot 80 | No rake
Board: [Jd 5s Kh]
Seat 3: SrgeiKrishKo (small blind) won 80


Winamax Poker - Tournament "Expresso Nitro" buyIn: 0.93€ + 0.07€ level: 1 - HandId: #2676329031355334657-3-1673820244 - Holdem no limit (10/20) - 2023/01/15 22:04:04 UTC
Table: 'Expresso Nitro(623131411)#0' 3-max (real money) Seat #3 is the button
Seat 1: _SKR (280)
Seat 2: Mattouzzini (290)
Seat 3: SrgeiKrishKo (330)
*** ANTE/BLINDS ***
_SKR posts small blind 10
Mattouzzini posts big blind 20
Dealt to _SKR [2c 8s]
*** PRE-FLOP *** 
SrgeiKrishKo raises 20 to 40
_SKR folds
Mattouzzini folds
SrgeiKrishKo collected 70 from pot
*** SUMMARY ***
Total pot 70 | No rake
Seat 3: SrgeiKrishKo (button) won 70


Winamax Poker - Tournament "Expresso Nitro" buyIn: 0.93€ + 0.07€ level: 1 - HandId: #2676329031355334657-4-1673820257 - Holdem no limit (10/20) - 2023/01/15 22:04:17 UTC
Table: 'Expresso Nitro(623131411)#0' 3-max (real money) Seat #1 is the button
Seat 1: _SKR (270)
Seat 2: Mattouzzini (270)
Seat 3: SrgeiKrishKo (360)
*** ANTE/BLINDS ***
Mattouzzini posts small blind 10
SrgeiKrishKo posts big blind 20
Dealt to _SKR [6h 6d]
*** PRE-FLOP *** 
_SKR raises 250 to 270 and is all-in
Mattouzzini folds
SrgeiKrishKo folds
_SKR collected 300 from pot
*** SUMMARY ***
Total pot 300 | No rake
Seat 1: _SKR (button) won 300


Winamax Poker - Tournament "Expresso Nitro" buyIn: 0.93€ + 0.07€ level: 2 - HandId: #2676329031355334657-5-1673820266 - Holdem no limit (15/30) - 2023/01/15 22:04:26 UTC
Table: 'Expresso Nitro(623131411)#0' 3-max (real money) Seat #2 is the button
Seat 1: _SKR (300)
Seat 2: Mattouzzini (260)
Seat 3: SrgeiKrishKo (340)
*** ANTE/BLINDS ***
SrgeiKrishKo posts small blind 15
_SKR posts big blind 30
Dealt to _SKR [Ks Ad]
*** PRE-FLOP *** 
Mattouzzini raises 230 to 260 and is all-in
SrgeiKrishKo folds
_SKR raises 40 to 300 and is all-in
*** FLOP *** [Qc Jc 9h]
*** TURN *** [Qc Jc 9h][7s]
*** RIVER *** [Qc Jc 9h 7s][7h]
*** SHOW DOWN ***
_SKR shows [Ks Ad] (One pair : 7)
Mattouzzini shows [Ah Jh] (Two pairs : Jacks and 7)
Mattouzzini collected 535 from main pot
_SKR collected 40 from side pot 1
*** SUMMARY ***
Total pot 575 | No rake
Board: [Qc Jc 9h 7s 7h]
Seat 1: _SKR (big blind) showed [Ks Ad] and won 40 with One pair : 7
Seat 2: Mattouzzini (button) showed [Ah Jh] and won 535 with Two pairs : Jacks and 7


Winamax Poker - Tournament "Expresso Nitro" buyIn: 0.93€ + 0.07€ level: 2 - HandId: #2676329031355334657-6-1673820287 - Holdem no limit (15/30) - 2023/01/15 22:04:47 UTC
Table: 'Expresso Nitro(623131411)#0' 3-max (real money) Seat #3 is the button
Seat 1: _SKR (40)
Seat 2: Mattouzzini (535)
Seat 3: SrgeiKrishKo (325)
*** ANTE/BLINDS ***
_SKR posts small blind 15
Mattouzzini posts big blind 30
Dealt to _SKR [6d 7d]
*** PRE-FLOP *** 
SrgeiKrishKo folds
_SKR raises 10 to 40 and is all-in
Mattouzzini folds
_SKR collected 70 from pot
*** SUMMARY ***
Total pot 70 | No rake
Seat 1: _SKR (small blind) won 70


Winamax Poker - Tournament "Expresso Nitro" buyIn: 0.93€ + 0.07€ level: 2 - HandId: #2676329031355334657-7-1673820299 - Holdem no limit (15/30) - 2023/01/15 22:04:59 UTC
Table: 'Expresso Nitro(623131411)#0' 3-max (real money) Seat #1 is the button
Seat 1: _SKR (70)
Seat 2: Mattouzzini (505)
Seat 3: SrgeiKrishKo (325)
*** ANTE/BLINDS ***
Mattouzzini posts small blind 15
SrgeiKrishKo posts big blind 30
Dealt to _SKR [Js 9c]
*** PRE-FLOP *** 
_SKR raises 40 to 70 and is all-in
Mattouzzini folds
SrgeiKrishKo folds
_SKR collected 115 from pot
*** SUMMARY ***
Total pot 115 | No rake
Seat 1: _SKR (button) won 115


Winamax Poker - Tournament "Expresso Nitro" buyIn: 0.93€ + 0.07€ level: 2 - HandId: #2676329031355334657-8-1673820308 - Holdem no limit (15/30) - 2023/01/15 22:05:08 UTC
Table: 'Expresso Nitro(623131411)#0' 3-max (real money) Seat #2 is the button
Seat 1: _SKR (115)
Seat 2: Mattouzzini (490)
Seat 3: SrgeiKrishKo (295)
*** ANTE/BLINDS ***
SrgeiKrishKo posts small blind 15
_SKR posts big blind 30
Dealt to _SKR [Jc 2c]
*** PRE-FLOP *** 
Mattouzzini raises 30 to 60
SrgeiKrishKo raises 235 to 295 and is all-in
_SKR calls 85 and is all-in
Mattouzzini calls 235
*** FLOP *** [6d Js 4s]
*** TURN *** [6d Js 4s][8s]
*** RIVER *** [6d Js 4s 8s][Qc]
*** SHOW DOWN ***
_SKR shows [Jc 2c] (One pair : Jacks)
Mattouzzini shows [7s Ad] (High card : Ace)
SrgeiKrishKo shows [Ac Qd] (One pair : Queens)
SrgeiKrishKo collected 705 from pot
*** SUMMARY ***
Total pot 705 | No rake
Board: [6d Js 4s 8s Qc]
Seat 1: _SKR (big blind) showed [Jc 2c] and lost with One pair : Jacks
Seat 2: Mattouzzini (button) showed [7s Ad] and lost with High card : Ace
Seat 3: SrgeiKrishKo (small blind) showed [Ac Qd] and won 705 with One pair : Queens


