Winamax Poker - Tournament "Expresso Nitro" buyIn: 0.93€ + 0.07€ level: 1 - HandId: #2666605405785817089-1-1673284677 - Holdem no limit (10/20) - 2023/01/09 17:17:57 UTC
Table: 'Expresso Nitro(620867453)#0' 3-max (real money) Seat #1 is the button
Seat 1: Tai Phong (300)
Seat 2: Julien_rve (300)
Seat 3: _SKR (300)
*** ANTE/BLINDS ***
Julien_rve posts small blind 10
_SKR posts big blind 20
Dealt to _SKR [8s 4h]
*** PRE-FLOP *** 
Tai Phong raises 280 to 300 and is all-in
Julien_rve folds
_SKR folds
Tai Phong collected 330 from pot
*** SUMMARY ***
Total pot 330 | No rake
Seat 1: Tai Phong (button) won 330


Winamax Poker - Tournament "Expresso Nitro" buyIn: 0.93€ + 0.07€ level: 1 - HandId: #2666605405785817089-2-1673284684 - Holdem no limit (10/20) - 2023/01/09 17:18:04 UTC
Table: 'Expresso Nitro(620867453)#0' 3-max (real money) Seat #2 is the button
Seat 1: Tai Phong (330)
Seat 2: Julien_rve (290)
Seat 3: _SKR (280)
*** ANTE/BLINDS ***
_SKR posts small blind 10
Tai Phong posts big blind 20
Dealt to _SKR [3c Qs]
*** PRE-FLOP *** 
Julien_rve calls 20
_SKR folds
Tai Phong raises 310 to 330 and is all-in
Julien_rve folds
Tai Phong collected 360 from pot
*** SUMMARY ***
Total pot 360 | No rake
Seat 1: Tai Phong (big blind) won 360


Winamax Poker - Tournament "Expresso Nitro" buyIn: 0.93€ + 0.07€ level: 1 - HandId: #2666605405785817089-3-1673284694 - Holdem no limit (10/20) - 2023/01/09 17:18:14 UTC
Table: 'Expresso Nitro(620867453)#0' 3-max (real money) Seat #3 is the button
Seat 1: Tai Phong (360)
Seat 2: Julien_rve (270)
Seat 3: _SKR (270)
*** ANTE/BLINDS ***
Tai Phong posts small blind 10
Julien_rve posts big blind 20
Dealt to _SKR [9h Qs]
*** PRE-FLOP *** 
_SKR folds
Tai Phong calls 10
Julien_rve raises 20 to 40
Tai Phong calls 20
*** FLOP *** [2h 8s 7d]
Tai Phong checks
Julien_rve checks
*** TURN *** [2h 8s 7d][Ts]
Tai Phong bets 20
Julien_rve calls 20
*** RIVER *** [2h 8s 7d Ts][6c]
Tai Phong bets 20
Julien_rve folds
Tai Phong collected 140 from pot
*** SUMMARY ***
Total pot 140 | No rake
Board: [2h 8s 7d Ts 6c]
Seat 1: Tai Phong (small blind) won 140


Winamax Poker - Tournament "Expresso Nitro" buyIn: 0.93€ + 0.07€ level: 1 - HandId: #2666605405785817089-4-1673284721 - Holdem no limit (10/20) - 2023/01/09 17:18:41 UTC
Table: 'Expresso Nitro(620867453)#0' 3-max (real money) Seat #1 is the button
Seat 1: Tai Phong (420)
Seat 2: Julien_rve (210)
Seat 3: _SKR (270)
*** ANTE/BLINDS ***
Julien_rve posts small blind 10
_SKR posts big blind 20
Dealt to _SKR [Ad Tc]
*** PRE-FLOP *** 
Tai Phong folds
Julien_rve calls 10
_SKR raises 250 to 270 and is all-in
Julien_rve folds
_SKR collected 290 from pot
*** SUMMARY ***
Total pot 290 | No rake
Seat 3: _SKR (big blind) won 290


Winamax Poker - Tournament "Expresso Nitro" buyIn: 0.93€ + 0.07€ level: 1 - HandId: #2666605405785817089-5-1673284732 - Holdem no limit (10/20) - 2023/01/09 17:18:52 UTC
Table: 'Expresso Nitro(620867453)#0' 3-max (real money) Seat #2 is the button
Seat 1: Tai Phong (420)
Seat 2: Julien_rve (190)
Seat 3: _SKR (290)
*** ANTE/BLINDS ***
_SKR posts small blind 10
Tai Phong posts big blind 20
Dealt to _SKR [2c Kd]
*** PRE-FLOP *** 
Julien_rve folds
_SKR folds
Tai Phong collected 30 from pot
*** SUMMARY ***
Total pot 30 | No rake
Seat 1: Tai Phong (big blind) won 30


Winamax Poker - Tournament "Expresso Nitro" buyIn: 0.93€ + 0.07€ level: 2 - HandId: #2666605405785817089-6-1673284748 - Holdem no limit (15/30) - 2023/01/09 17:19:08 UTC
Table: 'Expresso Nitro(620867453)#0' 3-max (real money) Seat #3 is the button
Seat 1: Tai Phong (430)
Seat 2: Julien_rve (190)
Seat 3: _SKR (280)
*** ANTE/BLINDS ***
Tai Phong posts small blind 15
Julien_rve posts big blind 30
Dealt to _SKR [Ad 5s]
*** PRE-FLOP *** 
_SKR raises 250 to 280 and is all-in
Tai Phong folds
Julien_rve calls 160 and is all-in
*** FLOP *** [2c 7s Th]
*** TURN *** [2c 7s Th][4s]
*** RIVER *** [2c 7s Th 4s][Qc]
*** SHOW DOWN ***
Julien_rve shows [Js Kd] (High card : King)
_SKR shows [Ad 5s] (High card : Ace)
_SKR collected 485 from pot
*** SUMMARY ***
Total pot 485 | No rake
Board: [2c 7s Th 4s Qc]
Seat 2: Julien_rve (big blind) showed [Js Kd] and lost with High card : King
Seat 3: _SKR (button) showed [Ad 5s] and won 485 with High card : Ace


Winamax Poker - Tournament "Expresso Nitro" buyIn: 0.93€ + 0.07€ level: 2 - HandId: #2666605405785817089-7-1673284765 - Holdem no limit (15/30) - 2023/01/09 17:19:25 UTC
Table: 'Expresso Nitro(620867453)#0' 3-max (real money) Seat #3 is the button
Seat 1: Tai Phong (415)
Seat 3: _SKR (485)
*** ANTE/BLINDS ***
_SKR posts small blind 15
Tai Phong posts big blind 30
Dealt to _SKR [9c Kh]
*** PRE-FLOP *** 
_SKR calls 15
Tai Phong checks
*** FLOP *** [Td 7d 9s]
Tai Phong checks
_SKR bets 30
Tai Phong folds
_SKR collected 90 from pot
*** SUMMARY ***
Total pot 90 | No rake
Board: [Td 7d 9s]
Seat 3: _SKR (small blind) (button) won 90


Winamax Poker - Tournament "Expresso Nitro" buyIn: 0.93€ + 0.07€ level: 2 - HandId: #2666605405785817089-8-1673284779 - Holdem no limit (15/30) - 2023/01/09 17:19:39 UTC
Table: 'Expresso Nitro(620867453)#0' 3-max (real money) Seat #1 is the button
Seat 1: Tai Phong (385)
Seat 3: _SKR (515)
*** ANTE/BLINDS ***
Tai Phong posts small blind 15
_SKR posts big blind 30
Dealt to _SKR [9c 4s]
*** PRE-FLOP *** 
Tai Phong raises 355 to 385 and is all-in
_SKR folds
Tai Phong collected 415 from pot
*** SUMMARY ***
Total pot 415 | No rake
Seat 1: Tai Phong (small blind) (button) won 415


Winamax Poker - Tournament "Expresso Nitro" buyIn: 0.93€ + 0.07€ level: 3 - HandId: #2666605405785817089-9-1673284796 - Holdem no limit (20/40) - 2023/01/09 17:19:56 UTC
Table: 'Expresso Nitro(620867453)#0' 3-max (real money) Seat #3 is the button
Seat 1: Tai Phong (415)
Seat 3: _SKR (485)
*** ANTE/BLINDS ***
_SKR posts small blind 20
Tai Phong posts big blind 40
Dealt to _SKR [9h 8d]
*** PRE-FLOP *** 
_SKR folds
Tai Phong collected 60 from pot
*** SUMMARY ***
Total pot 60 | No rake
Seat 1: Tai Phong (big blind) won 60


Winamax Poker - Tournament "Expresso Nitro" buyIn: 0.93€ + 0.07€ level: 3 - HandId: #2666605405785817089-10-1673284800 - Holdem no limit (20/40) - 2023/01/09 17:20:00 UTC
Table: 'Expresso Nitro(620867453)#0' 3-max (real money) Seat #1 is the button
Seat 1: Tai Phong (435)
Seat 3: _SKR (465)
*** ANTE/BLINDS ***
Tai Phong posts small blind 20
_SKR posts big blind 40
Dealt to _SKR [Kc 4c]
*** PRE-FLOP *** 
Tai Phong calls 20
_SKR raises 425 to 465 and is all-in
Tai Phong calls 395 and is all-in
*** FLOP *** [Ks 2h 9h]
*** TURN *** [Ks 2h 9h][8h]
*** RIVER *** [Ks 2h 9h 8h][Td]
*** SHOW DOWN ***
Tai Phong shows [Th Js] (One pair : Tens)
_SKR shows [Kc 4c] (One pair : Kings)
_SKR collected 900 from pot
*** SUMMARY ***
Total pot 900 | No rake
Board: [Ks 2h 9h 8h Td]
Seat 1: Tai Phong (small blind) (button) showed [Th Js] and lost with One pair : Tens
Seat 3: _SKR (big blind) showed [Kc 4c] and won 900 with One pair : Kings


