Winamax Poker - Tournament "Expresso Nitro" buyIn: 1.86€ + 0.14€ level: 1 - HandId: #2694795423633113089-1-1674958054 - Holdem no limit (10/20) - 2023/01/29 02:07:34 UTC
Table: 'Expresso Nitro(627430953)#0' 3-max (real money) Seat #1 is the button
Seat 1: Flokdaux2 (300)
Seat 2: _SKR (300)
Seat 3: jegapsg (300)
*** ANTE/BLINDS ***
_SKR posts small blind 10
jegapsg posts big blind 20
Dealt to _SKR [Qc 8d]
*** PRE-FLOP *** 
Flokdaux2 folds
_SKR raises 20 to 40
jegapsg raises 260 to 300 and is all-in
_SKR folds
jegapsg collected 340 from pot
*** SUMMARY ***
Total pot 340 | No rake
Seat 3: jegapsg (big blind) won 340


Winamax Poker - Tournament "Expresso Nitro" buyIn: 1.86€ + 0.14€ level: 1 - HandId: #2694795423633113089-2-1674958064 - Holdem no limit (10/20) - 2023/01/29 02:07:44 UTC
Table: 'Expresso Nitro(627430953)#0' 3-max (real money) Seat #2 is the button
Seat 1: Flokdaux2 (300)
Seat 2: _SKR (260)
Seat 3: jegapsg (340)
*** ANTE/BLINDS ***
jegapsg posts small blind 10
Flokdaux2 posts big blind 20
Dealt to _SKR [2c Tc]
*** PRE-FLOP *** 
_SKR folds
jegapsg raises 320 to 340 and is all-in
Flokdaux2 calls 280 and is all-in
*** FLOP *** [4c 6h Qs]
*** TURN *** [4c 6h Qs][Jc]
*** RIVER *** [4c 6h Qs Jc][3h]
*** SHOW DOWN ***
Flokdaux2 shows [Jh 4d] (Two pairs : Jacks and 4)
jegapsg shows [5h Qh] (One pair : Queens)
jegapsg collected 40 from side pot 1
Flokdaux2 collected 600 from main pot
*** SUMMARY ***
Total pot 640 | No rake
Board: [4c 6h Qs Jc 3h]
Seat 1: Flokdaux2 (big blind) showed [Jh 4d] and won 600 with Two pairs : Jacks and 4
Seat 3: jegapsg (small blind) showed [5h Qh] and won 40 with One pair : Queens


Winamax Poker - Tournament "Expresso Nitro" buyIn: 1.86€ + 0.14€ level: 1 - HandId: #2694795423633113089-3-1674958078 - Holdem no limit (10/20) - 2023/01/29 02:07:58 UTC
Table: 'Expresso Nitro(627430953)#0' 3-max (real money) Seat #3 is the button
Seat 1: Flokdaux2 (600)
Seat 2: _SKR (260)
Seat 3: jegapsg (40)
*** ANTE/BLINDS ***
Flokdaux2 posts small blind 10
_SKR posts big blind 20
Dealt to _SKR [9d Jc]
*** PRE-FLOP *** 
jegapsg raises 20 to 40 and is all-in
Flokdaux2 raises 560 to 600 and is all-in
_SKR folds
*** FLOP *** [4h 8c 6s]
*** TURN *** [4h 8c 6s][6d]
*** RIVER *** [4h 8c 6s 6d][Ts]
*** SHOW DOWN ***
jegapsg shows [Jd 2c] (One pair : 6)
Flokdaux2 shows [6c As] (Trips of 6)
Flokdaux2 collected 660 from pot
*** SUMMARY ***
Total pot 660 | No rake
Board: [4h 8c 6s 6d Ts]
Seat 1: Flokdaux2 (small blind) showed [6c As] and won 660 with Trips of 6
Seat 3: jegapsg (button) showed [Jd 2c] and lost with One pair : 6


Winamax Poker - Tournament "Expresso Nitro" buyIn: 1.86€ + 0.14€ level: 1 - HandId: #2694795423633113089-4-1674958092 - Holdem no limit (10/20) - 2023/01/29 02:08:12 UTC
Table: 'Expresso Nitro(627430953)#0' 3-max (real money) Seat #2 is the button
Seat 1: Flokdaux2 (660)
Seat 2: _SKR (240)
*** ANTE/BLINDS ***
_SKR posts small blind 10
Flokdaux2 posts big blind 20
Dealt to _SKR [5h Th]
*** PRE-FLOP *** 
_SKR folds
Flokdaux2 collected 30 from pot
*** SUMMARY ***
Total pot 30 | No rake
Seat 1: Flokdaux2 (big blind) won 30


Winamax Poker - Tournament "Expresso Nitro" buyIn: 1.86€ + 0.14€ level: 1 - HandId: #2694795423633113089-5-1674958099 - Holdem no limit (10/20) - 2023/01/29 02:08:19 UTC
Table: 'Expresso Nitro(627430953)#0' 3-max (real money) Seat #1 is the button
Seat 1: Flokdaux2 (670)
Seat 2: _SKR (230)
*** ANTE/BLINDS ***
Flokdaux2 posts small blind 10
_SKR posts big blind 20
Dealt to _SKR [Td 3s]
*** PRE-FLOP *** 
Flokdaux2 raises 40 to 60
_SKR folds
Flokdaux2 collected 80 from pot
*** SUMMARY ***
Total pot 80 | No rake
Seat 1: Flokdaux2 (small blind) (button) won 80


Winamax Poker - Tournament "Expresso Nitro" buyIn: 1.86€ + 0.14€ level: 1 - HandId: #2694795423633113089-6-1674958104 - Holdem no limit (10/20) - 2023/01/29 02:08:24 UTC
Table: 'Expresso Nitro(627430953)#0' 3-max (real money) Seat #2 is the button
Seat 1: Flokdaux2 (690)
Seat 2: _SKR (210)
*** ANTE/BLINDS ***
_SKR posts small blind 10
Flokdaux2 posts big blind 20
Dealt to _SKR [3s 2h]
*** PRE-FLOP *** 
_SKR folds
Flokdaux2 collected 30 from pot
*** SUMMARY ***
Total pot 30 | No rake
Seat 1: Flokdaux2 (big blind) won 30


Winamax Poker - Tournament "Expresso Nitro" buyIn: 1.86€ + 0.14€ level: 2 - HandId: #2694795423633113089-7-1674958115 - Holdem no limit (15/30) - 2023/01/29 02:08:35 UTC
Table: 'Expresso Nitro(627430953)#0' 3-max (real money) Seat #1 is the button
Seat 1: Flokdaux2 (700)
Seat 2: _SKR (200)
*** ANTE/BLINDS ***
Flokdaux2 posts small blind 15
_SKR posts big blind 30
Dealt to _SKR [5h As]
*** PRE-FLOP *** 
Flokdaux2 calls 15
_SKR raises 170 to 200 and is all-in
Flokdaux2 folds
_SKR collected 230 from pot
*** SUMMARY ***
Total pot 230 | No rake
Seat 2: _SKR (big blind) won 230


Winamax Poker - Tournament "Expresso Nitro" buyIn: 1.86€ + 0.14€ level: 2 - HandId: #2694795423633113089-8-1674958125 - Holdem no limit (15/30) - 2023/01/29 02:08:45 UTC
Table: 'Expresso Nitro(627430953)#0' 3-max (real money) Seat #2 is the button
Seat 1: Flokdaux2 (670)
Seat 2: _SKR (230)
*** ANTE/BLINDS ***
_SKR posts small blind 15
Flokdaux2 posts big blind 30
Dealt to _SKR [Ah 7c]
*** PRE-FLOP *** 
_SKR raises 200 to 230 and is all-in
Flokdaux2 raises 200 to 430
*** FLOP *** [4c As 9d]
*** TURN *** [4c As 9d][Kh]
*** RIVER *** [4c As 9d Kh][Ts]
*** SHOW DOWN ***
Flokdaux2 shows [Ks 6d] (One pair : Kings)
_SKR shows [Ah 7c] (One pair : Aces)
_SKR collected 460 from main pot
Flokdaux2 collected 200 from side pot 1
*** SUMMARY ***
Total pot 660 | No rake
Board: [4c As 9d Kh Ts]
Seat 1: Flokdaux2 (big blind) showed [Ks 6d] and won 200 with One pair : Kings
Seat 2: _SKR (small blind) (button) showed [Ah 7c] and won 460 with One pair : Aces


Winamax Poker - Tournament "Expresso Nitro" buyIn: 1.86€ + 0.14€ level: 2 - HandId: #2694795423633113089-9-1674958142 - Holdem no limit (15/30) - 2023/01/29 02:09:02 UTC
Table: 'Expresso Nitro(627430953)#0' 3-max (real money) Seat #1 is the button
Seat 1: Flokdaux2 (440)
Seat 2: _SKR (460)
*** ANTE/BLINDS ***
Flokdaux2 posts small blind 15
_SKR posts big blind 30
Dealt to _SKR [8c Jc]
*** PRE-FLOP *** 
Flokdaux2 raises 410 to 440 and is all-in
_SKR folds
Flokdaux2 collected 470 from pot
*** SUMMARY ***
Total pot 470 | No rake
Seat 1: Flokdaux2 (small blind) (button) won 470


Winamax Poker - Tournament "Expresso Nitro" buyIn: 1.86€ + 0.14€ level: 2 - HandId: #2694795423633113089-10-1674958146 - Holdem no limit (15/30) - 2023/01/29 02:09:06 UTC
Table: 'Expresso Nitro(627430953)#0' 3-max (real money) Seat #2 is the button
Seat 1: Flokdaux2 (470)
Seat 2: _SKR (430)
*** ANTE/BLINDS ***
_SKR posts small blind 15
Flokdaux2 posts big blind 30
Dealt to _SKR [5s Ah]
*** PRE-FLOP *** 
_SKR raises 400 to 430 and is all-in
Flokdaux2 folds
_SKR collected 460 from pot
*** SUMMARY ***
Total pot 460 | No rake
Seat 2: _SKR (small blind) (button) won 460


Winamax Poker - Tournament "Expresso Nitro" buyIn: 1.86€ + 0.14€ level: 2 - HandId: #2694795423633113089-11-1674958153 - Holdem no limit (15/30) - 2023/01/29 02:09:13 UTC
Table: 'Expresso Nitro(627430953)#0' 3-max (real money) Seat #1 is the button
Seat 1: Flokdaux2 (440)
Seat 2: _SKR (460)
*** ANTE/BLINDS ***
Flokdaux2 posts small blind 15
_SKR posts big blind 30
Dealt to _SKR [9d 6d]
*** PRE-FLOP *** 
Flokdaux2 raises 410 to 440 and is all-in
_SKR folds
Flokdaux2 collected 470 from pot
*** SUMMARY ***
Total pot 470 | No rake
Seat 1: Flokdaux2 (small blind) (button) won 470


Winamax Poker - Tournament "Expresso Nitro" buyIn: 1.86€ + 0.14€ level: 2 - HandId: #2694795423633113089-12-1674958162 - Holdem no limit (15/30) - 2023/01/29 02:09:22 UTC
Table: 'Expresso Nitro(627430953)#0' 3-max (real money) Seat #2 is the button
Seat 1: Flokdaux2 (470)
Seat 2: _SKR (430)
*** ANTE/BLINDS ***
_SKR posts small blind 15
Flokdaux2 posts big blind 30
Dealt to _SKR [Ks Ad]
*** PRE-FLOP *** 
_SKR raises 400 to 430 and is all-in
Flokdaux2 folds
_SKR collected 460 from pot
*** SUMMARY ***
Total pot 460 | No rake
Seat 2: _SKR (small blind) (button) won 460


Winamax Poker - Tournament "Expresso Nitro" buyIn: 1.86€ + 0.14€ level: 3 - HandId: #2694795423633113089-13-1674958172 - Holdem no limit (20/40) - 2023/01/29 02:09:32 UTC
Table: 'Expresso Nitro(627430953)#0' 3-max (real money) Seat #1 is the button
Seat 1: Flokdaux2 (440)
Seat 2: _SKR (460)
*** ANTE/BLINDS ***
Flokdaux2 posts small blind 20
_SKR posts big blind 40
Dealt to _SKR [Ad 7h]
*** PRE-FLOP *** 
Flokdaux2 raises 400 to 440 and is all-in
_SKR calls 400
*** FLOP *** [9h 4d 4h]
*** TURN *** [9h 4d 4h][7d]
*** RIVER *** [9h 4d 4h 7d][6c]
*** SHOW DOWN ***
Flokdaux2 shows [Qd 2h] (One pair : 4)
_SKR shows [Ad 7h] (Two pairs : 7 and 4)
_SKR collected 880 from pot
*** SUMMARY ***
Total pot 880 | No rake
Board: [9h 4d 4h 7d 6c]
Seat 1: Flokdaux2 (small blind) (button) showed [Qd 2h] and lost with One pair : 4
Seat 2: _SKR (big blind) showed [Ad 7h] and won 880 with Two pairs : 7 and 4


