Winamax Poker - Tournament "Expresso Nitro" buyIn: 1.86€ + 0.14€ level: 1 - HandId: #2696561660214116353-1-1675087257 - Holdem no limit (10/20) - 2023/01/30 14:00:57 UTC
Table: 'Expresso Nitro(627842187)#0' 3-max (real money) Seat #2 is the button
Seat 1: Ploutos31 (300)
Seat 2: _SKR (300)
Seat 3: Fullaupot (300)
*** ANTE/BLINDS ***
Fullaupot posts small blind 10
Ploutos31 posts big blind 20
Dealt to _SKR [7d 2s]
*** PRE-FLOP *** 
_SKR folds
Fullaupot calls 10
Ploutos31 checks
*** FLOP *** [4c As Qc]
Fullaupot checks
Ploutos31 checks
*** TURN *** [4c As Qc][Qs]
Fullaupot checks
Ploutos31 bets 30
Fullaupot folds
Ploutos31 collected 70 from pot
*** SUMMARY ***
Total pot 70 | No rake
Board: [4c As Qc Qs]
Seat 1: Ploutos31 (big blind) won 70


Winamax Poker - Tournament "Expresso Nitro" buyIn: 1.86€ + 0.14€ level: 1 - HandId: #2696561660214116353-2-1675087278 - Holdem no limit (10/20) - 2023/01/30 14:01:18 UTC
Table: 'Expresso Nitro(627842187)#0' 3-max (real money) Seat #3 is the button
Seat 1: Ploutos31 (320)
Seat 2: _SKR (300)
Seat 3: Fullaupot (280)
*** ANTE/BLINDS ***
Ploutos31 posts small blind 10
_SKR posts big blind 20
Dealt to _SKR [8h Qs]
*** PRE-FLOP *** 
Fullaupot folds
Ploutos31 raises 300 to 320 and is all-in
_SKR folds
Ploutos31 collected 340 from pot
*** SUMMARY ***
Total pot 340 | No rake
Seat 1: Ploutos31 (small blind) won 340


Winamax Poker - Tournament "Expresso Nitro" buyIn: 1.86€ + 0.14€ level: 1 - HandId: #2696561660214116353-3-1675087286 - Holdem no limit (10/20) - 2023/01/30 14:01:26 UTC
Table: 'Expresso Nitro(627842187)#0' 3-max (real money) Seat #1 is the button
Seat 1: Ploutos31 (340)
Seat 2: _SKR (280)
Seat 3: Fullaupot (280)
*** ANTE/BLINDS ***
_SKR posts small blind 10
Fullaupot posts big blind 20
Dealt to _SKR [Ts 4s]
*** PRE-FLOP *** 
Ploutos31 folds
_SKR folds
Fullaupot collected 30 from pot
*** SUMMARY ***
Total pot 30 | No rake
Seat 3: Fullaupot (big blind) won 30


Winamax Poker - Tournament "Expresso Nitro" buyIn: 1.86€ + 0.14€ level: 1 - HandId: #2696561660214116353-4-1675087293 - Holdem no limit (10/20) - 2023/01/30 14:01:33 UTC
Table: 'Expresso Nitro(627842187)#0' 3-max (real money) Seat #2 is the button
Seat 1: Ploutos31 (340)
Seat 2: _SKR (270)
Seat 3: Fullaupot (290)
*** ANTE/BLINDS ***
Fullaupot posts small blind 10
Ploutos31 posts big blind 20
Dealt to _SKR [8c 6h]
*** PRE-FLOP *** 
_SKR folds
Fullaupot folds
Ploutos31 collected 30 from pot
*** SUMMARY ***
Total pot 30 | No rake
Seat 1: Ploutos31 (big blind) won 30


Winamax Poker - Tournament "Expresso Nitro" buyIn: 1.86€ + 0.14€ level: 1 - HandId: #2696561660214116353-5-1675087297 - Holdem no limit (10/20) - 2023/01/30 14:01:37 UTC
Table: 'Expresso Nitro(627842187)#0' 3-max (real money) Seat #3 is the button
Seat 1: Ploutos31 (350)
Seat 2: _SKR (270)
Seat 3: Fullaupot (280)
*** ANTE/BLINDS ***
Ploutos31 posts small blind 10
_SKR posts big blind 20
Dealt to _SKR [Qc 5h]
*** PRE-FLOP *** 
Fullaupot folds
Ploutos31 folds
_SKR collected 30 from pot
*** SUMMARY ***
Total pot 30 | No rake
Seat 2: _SKR (big blind) won 30


Winamax Poker - Tournament "Expresso Nitro" buyIn: 1.86€ + 0.14€ level: 1 - HandId: #2696561660214116353-6-1675087310 - Holdem no limit (10/20) - 2023/01/30 14:01:50 UTC
Table: 'Expresso Nitro(627842187)#0' 3-max (real money) Seat #1 is the button
Seat 1: Ploutos31 (340)
Seat 2: _SKR (280)
Seat 3: Fullaupot (280)
*** ANTE/BLINDS ***
_SKR posts small blind 10
Fullaupot posts big blind 20
Dealt to _SKR [4s Ts]
*** PRE-FLOP *** 
Ploutos31 folds
_SKR folds
Fullaupot collected 30 from pot
*** SUMMARY ***
Total pot 30 | No rake
Seat 3: Fullaupot (big blind) won 30


Winamax Poker - Tournament "Expresso Nitro" buyIn: 1.86€ + 0.14€ level: 2 - HandId: #2696561660214116353-7-1675087316 - Holdem no limit (15/30) - 2023/01/30 14:01:56 UTC
Table: 'Expresso Nitro(627842187)#0' 3-max (real money) Seat #2 is the button
Seat 1: Ploutos31 (340)
Seat 2: _SKR (270)
Seat 3: Fullaupot (290)
*** ANTE/BLINDS ***
Fullaupot posts small blind 15
Ploutos31 posts big blind 30
Dealt to _SKR [5h 8h]
*** PRE-FLOP *** 
_SKR folds
Fullaupot raises 45 to 75
Ploutos31 folds
Fullaupot collected 105 from pot
*** SUMMARY ***
Total pot 105 | No rake
Seat 3: Fullaupot (small blind) won 105


Winamax Poker - Tournament "Expresso Nitro" buyIn: 1.86€ + 0.14€ level: 2 - HandId: #2696561660214116353-8-1675087324 - Holdem no limit (15/30) - 2023/01/30 14:02:04 UTC
Table: 'Expresso Nitro(627842187)#0' 3-max (real money) Seat #3 is the button
Seat 1: Ploutos31 (310)
Seat 2: _SKR (270)
Seat 3: Fullaupot (320)
*** ANTE/BLINDS ***
Ploutos31 posts small blind 15
_SKR posts big blind 30
Dealt to _SKR [Ad 5s]
*** PRE-FLOP *** 
Fullaupot raises 45 to 75
Ploutos31 raises 235 to 310 and is all-in
_SKR folds
Fullaupot calls 235
*** FLOP *** [Qd 2s 5c]
*** TURN *** [Qd 2s 5c][Td]
*** RIVER *** [Qd 2s 5c Td][7c]
*** SHOW DOWN ***
Ploutos31 shows [6c 6h] (One pair : 6)
Fullaupot shows [8s 8c] (One pair : 8)
Fullaupot collected 650 from pot
*** SUMMARY ***
Total pot 650 | No rake
Board: [Qd 2s 5c Td 7c]
Seat 1: Ploutos31 (small blind) showed [6c 6h] and lost with One pair : 6
Seat 3: Fullaupot (button) showed [8s 8c] and won 650 with One pair : 8


Winamax Poker - Tournament "Expresso Nitro" buyIn: 1.86€ + 0.14€ level: 2 - HandId: #2696561660214116353-9-1675087343 - Holdem no limit (15/30) - 2023/01/30 14:02:23 UTC
Table: 'Expresso Nitro(627842187)#0' 3-max (real money) Seat #2 is the button
Seat 2: _SKR (240)
Seat 3: Fullaupot (660)
*** ANTE/BLINDS ***
_SKR posts small blind 15
Fullaupot posts big blind 30
Dealt to _SKR [2h Td]
*** PRE-FLOP *** 
_SKR folds
Fullaupot collected 45 from pot
*** SUMMARY ***
Total pot 45 | No rake
Seat 3: Fullaupot (big blind) won 45


Winamax Poker - Tournament "Expresso Nitro" buyIn: 1.86€ + 0.14€ level: 2 - HandId: #2696561660214116353-10-1675087348 - Holdem no limit (15/30) - 2023/01/30 14:02:28 UTC
Table: 'Expresso Nitro(627842187)#0' 3-max (real money) Seat #3 is the button
Seat 2: _SKR (225)
Seat 3: Fullaupot (675)
*** ANTE/BLINDS ***
Fullaupot posts small blind 15
_SKR posts big blind 30
Dealt to _SKR [As 6d]
*** PRE-FLOP *** 
Fullaupot calls 15
_SKR raises 195 to 225 and is all-in
Fullaupot folds
_SKR collected 255 from pot
*** SUMMARY ***
Total pot 255 | No rake
Seat 2: _SKR (big blind) won 255


Winamax Poker - Tournament "Expresso Nitro" buyIn: 1.86€ + 0.14€ level: 2 - HandId: #2696561660214116353-11-1675087356 - Holdem no limit (15/30) - 2023/01/30 14:02:36 UTC
Table: 'Expresso Nitro(627842187)#0' 3-max (real money) Seat #2 is the button
Seat 2: _SKR (255)
Seat 3: Fullaupot (645)
*** ANTE/BLINDS ***
_SKR posts small blind 15
Fullaupot posts big blind 30
Dealt to _SKR [Ac 7h]
*** PRE-FLOP *** 
_SKR raises 225 to 255 and is all-in
Fullaupot calls 225
*** FLOP *** [Js 8c 6c]
*** TURN *** [Js 8c 6c][Kc]
*** RIVER *** [Js 8c 6c Kc][3h]
*** SHOW DOWN ***
_SKR shows [Ac 7h] (High card : Ace)
Fullaupot shows [3s Ah] (One pair : 3)
Fullaupot collected 510 from pot
*** SUMMARY ***
Total pot 510 | No rake
Board: [Js 8c 6c Kc 3h]
Seat 2: _SKR (small blind) (button) showed [Ac 7h] and lost with High card : Ace
Seat 3: Fullaupot (big blind) showed [3s Ah] and won 510 with One pair : 3


