Winamax Poker - Tournament "Expresso Nitro" buyIn: 0.93€ + 0.07€ level: 1 - HandId: #2692520748823609345-1-1674828674 - Holdem no limit (10/20) - 2023/01/27 14:11:14 UTC
Table: 'Expresso Nitro(626901339)#0' 3-max (real money) Seat #1 is the button
Seat 1: Dosleboss (300)
Seat 2: -NO VICE- (300)
Seat 3: _SKR (300)
*** ANTE/BLINDS ***
-NO VICE- posts small blind 10
_SKR posts big blind 20
Dealt to _SKR [9s 5c]
*** PRE-FLOP *** 
Dosleboss raises 280 to 300 and is all-in
-NO VICE- folds
_SKR folds
Dosleboss collected 330 from pot
*** SUMMARY ***
Total pot 330 | No rake
Seat 1: Dosleboss (button) won 330


Winamax Poker - Tournament "Expresso Nitro" buyIn: 0.93€ + 0.07€ level: 1 - HandId: #2692520748823609345-2-1674828679 - Holdem no limit (10/20) - 2023/01/27 14:11:19 UTC
Table: 'Expresso Nitro(626901339)#0' 3-max (real money) Seat #2 is the button
Seat 1: Dosleboss (330)
Seat 2: -NO VICE- (290)
Seat 3: _SKR (280)
*** ANTE/BLINDS ***
_SKR posts small blind 10
Dosleboss posts big blind 20
Dealt to _SKR [3c Ac]
*** PRE-FLOP *** 
-NO VICE- folds
_SKR raises 260 to 280 and is all-in
Dosleboss folds
_SKR collected 300 from pot
*** SUMMARY ***
Total pot 300 | No rake
Seat 3: _SKR (small blind) won 300


Winamax Poker - Tournament "Expresso Nitro" buyIn: 0.93€ + 0.07€ level: 1 - HandId: #2692520748823609345-3-1674828696 - Holdem no limit (10/20) - 2023/01/27 14:11:36 UTC
Table: 'Expresso Nitro(626901339)#0' 3-max (real money) Seat #3 is the button
Seat 1: Dosleboss (310)
Seat 2: -NO VICE- (290)
Seat 3: _SKR (300)
*** ANTE/BLINDS ***
Dosleboss posts small blind 10
-NO VICE- posts big blind 20
Dealt to _SKR [7s Kc]
*** PRE-FLOP *** 
_SKR folds
Dosleboss raises 20 to 40
-NO VICE- calls 20
*** FLOP *** [Qs 6d 3s]
Dosleboss bets 80
-NO VICE- calls 80
*** TURN *** [Qs 6d 3s][3d]
Dosleboss bets 190 and is all-in
-NO VICE- calls 170 and is all-in
*** RIVER *** [Qs 6d 3s 3d][7h]
*** SHOW DOWN ***
-NO VICE- shows [5c Qh] (Two pairs : Queens and 3)
Dosleboss shows [8c Qd] (Two pairs : Queens and 3)
Dosleboss collected 600 from pot
*** SUMMARY ***
Total pot 600 | No rake
Board: [Qs 6d 3s 3d 7h]
Seat 1: Dosleboss (small blind) showed [8c Qd] and won 600 with Two pairs : Queens and 3
Seat 2: -NO VICE- (big blind) showed [5c Qh] and lost with Two pairs : Queens and 3


Winamax Poker - Tournament "Expresso Nitro" buyIn: 0.93€ + 0.07€ level: 1 - HandId: #2692520748823609345-4-1674828717 - Holdem no limit (10/20) - 2023/01/27 14:11:57 UTC
Table: 'Expresso Nitro(626901339)#0' 3-max (real money) Seat #3 is the button
Seat 1: Dosleboss (600)
Seat 3: _SKR (300)
*** ANTE/BLINDS ***
_SKR posts small blind 10
Dosleboss posts big blind 20
Dealt to _SKR [Th 8s]
*** PRE-FLOP *** 
_SKR folds
Dosleboss collected 30 from pot
*** SUMMARY ***
Total pot 30 | No rake
Seat 1: Dosleboss (big blind) won 30


Winamax Poker - Tournament "Expresso Nitro" buyIn: 0.93€ + 0.07€ level: 1 - HandId: #2692520748823609345-5-1674828720 - Holdem no limit (10/20) - 2023/01/27 14:12:00 UTC
Table: 'Expresso Nitro(626901339)#0' 3-max (real money) Seat #1 is the button
Seat 1: Dosleboss (610)
Seat 3: _SKR (290)
*** ANTE/BLINDS ***
Dosleboss posts small blind 10
_SKR posts big blind 20
Dealt to _SKR [9d 4h]
*** PRE-FLOP *** 
Dosleboss calls 10
_SKR checks
*** FLOP *** [Td 5c 5s]
_SKR checks
Dosleboss checks
*** TURN *** [Td 5c 5s][9c]
_SKR checks
Dosleboss bets 40
_SKR calls 40
*** RIVER *** [Td 5c 5s 9c][Tc]
_SKR checks
Dosleboss bets 78
_SKR calls 78
*** SHOW DOWN ***
Dosleboss shows [3d 9h] (Two pairs : Tens and 9)
_SKR shows [9d 4h] (Two pairs : Tens and 9)
_SKR collected 138 from pot
Dosleboss collected 138 from pot
*** SUMMARY ***
Total pot 276 | No rake
Board: [Td 5c 5s 9c Tc]
Seat 1: Dosleboss (small blind) (button) showed [3d 9h] and won 138 with Two pairs : Tens and 9
Seat 3: _SKR (big blind) showed [9d 4h] and won 138 with Two pairs : Tens and 9


Winamax Poker - Tournament "Expresso Nitro" buyIn: 0.93€ + 0.07€ level: 3 - HandId: #2692520748823609345-6-1674828789 - Holdem no limit (20/40) - 2023/01/27 14:13:09 UTC
Table: 'Expresso Nitro(626901339)#0' 3-max (real money) Seat #3 is the button
Seat 1: Dosleboss (610)
Seat 3: _SKR (290)
*** ANTE/BLINDS ***
_SKR posts small blind 20
Dosleboss posts big blind 40
Dealt to _SKR [6h Ad]
*** PRE-FLOP *** 
_SKR raises 250 to 290 and is all-in
Dosleboss folds
_SKR collected 330 from pot
*** SUMMARY ***
Total pot 330 | No rake
Seat 3: _SKR (small blind) (button) won 330


Winamax Poker - Tournament "Expresso Nitro" buyIn: 0.93€ + 0.07€ level: 3 - HandId: #2692520748823609345-7-1674828798 - Holdem no limit (20/40) - 2023/01/27 14:13:18 UTC
Table: 'Expresso Nitro(626901339)#0' 3-max (real money) Seat #1 is the button
Seat 1: Dosleboss (570)
Seat 3: _SKR (330)
*** ANTE/BLINDS ***
Dosleboss posts small blind 20
_SKR posts big blind 40
Dealt to _SKR [Tc 3s]
*** PRE-FLOP *** 
Dosleboss folds
_SKR collected 60 from pot
*** SUMMARY ***
Total pot 60 | No rake
Seat 3: _SKR (big blind) won 60


Winamax Poker - Tournament "Expresso Nitro" buyIn: 0.93€ + 0.07€ level: 3 - HandId: #2692520748823609345-8-1674828802 - Holdem no limit (20/40) - 2023/01/27 14:13:22 UTC
Table: 'Expresso Nitro(626901339)#0' 3-max (real money) Seat #3 is the button
Seat 1: Dosleboss (550)
Seat 3: _SKR (350)
*** ANTE/BLINDS ***
_SKR posts small blind 20
Dosleboss posts big blind 40
Dealt to _SKR [Jd 7h]
*** PRE-FLOP *** 
_SKR calls 20
Dosleboss checks
*** FLOP *** [Ts 8c 2s]
Dosleboss checks
_SKR checks
*** TURN *** [Ts 8c 2s][Qs]
Dosleboss checks
_SKR bets 40
Dosleboss folds
_SKR collected 120 from pot
*** SUMMARY ***
Total pot 120 | No rake
Board: [Ts 8c 2s Qs]
Seat 3: _SKR (small blind) (button) won 120


Winamax Poker - Tournament "Expresso Nitro" buyIn: 0.93€ + 0.07€ level: 3 - HandId: #2692520748823609345-9-1674828828 - Holdem no limit (20/40) - 2023/01/27 14:13:48 UTC
Table: 'Expresso Nitro(626901339)#0' 3-max (real money) Seat #1 is the button
Seat 1: Dosleboss (510)
Seat 3: _SKR (390)
*** ANTE/BLINDS ***
Dosleboss posts small blind 20
_SKR posts big blind 40
Dealt to _SKR [8c Qd]
*** PRE-FLOP *** 
Dosleboss calls 20
_SKR raises 350 to 390 and is all-in
Dosleboss folds
_SKR collected 430 from pot
*** SUMMARY ***
Total pot 430 | No rake
Seat 3: _SKR (big blind) won 430


Winamax Poker - Tournament "Expresso Nitro" buyIn: 0.93€ + 0.07€ level: 3 - HandId: #2692520748823609345-10-1674828838 - Holdem no limit (20/40) - 2023/01/27 14:13:58 UTC
Table: 'Expresso Nitro(626901339)#0' 3-max (real money) Seat #3 is the button
Seat 1: Dosleboss (470)
Seat 3: _SKR (430)
*** ANTE/BLINDS ***
_SKR posts small blind 20
Dosleboss posts big blind 40
Dealt to _SKR [7d 8d]
*** PRE-FLOP *** 
_SKR calls 20
Dosleboss checks
*** FLOP *** [4c 9c Th]
Dosleboss checks
_SKR bets 40
Dosleboss folds
_SKR collected 120 from pot
*** SUMMARY ***
Total pot 120 | No rake
Board: [4c 9c Th]
Seat 3: _SKR (small blind) (button) won 120


Winamax Poker - Tournament "Expresso Nitro" buyIn: 0.93€ + 0.07€ level: 4 - HandId: #2692520748823609345-11-1674828855 - Holdem no limit (30/60) - 2023/01/27 14:14:15 UTC
Table: 'Expresso Nitro(626901339)#0' 3-max (real money) Seat #1 is the button
Seat 1: Dosleboss (430)
Seat 3: _SKR (470)
*** ANTE/BLINDS ***
Dosleboss posts small blind 30
_SKR posts big blind 60
Dealt to _SKR [5h Kd]
*** PRE-FLOP *** 
Dosleboss folds
_SKR collected 90 from pot
*** SUMMARY ***
Total pot 90 | No rake
Seat 3: _SKR (big blind) won 90


Winamax Poker - Tournament "Expresso Nitro" buyIn: 0.93€ + 0.07€ level: 4 - HandId: #2692520748823609345-12-1674828862 - Holdem no limit (30/60) - 2023/01/27 14:14:22 UTC
Table: 'Expresso Nitro(626901339)#0' 3-max (real money) Seat #3 is the button
Seat 1: Dosleboss (400)
Seat 3: _SKR (500)
*** ANTE/BLINDS ***
_SKR posts small blind 30
Dosleboss posts big blind 60
Dealt to _SKR [Qs 4s]
*** PRE-FLOP *** 
_SKR raises 440 to 500 and is all-in
Dosleboss folds
_SKR collected 560 from pot
*** SUMMARY ***
Total pot 560 | No rake
Seat 3: _SKR (small blind) (button) won 560


Winamax Poker - Tournament "Expresso Nitro" buyIn: 0.93€ + 0.07€ level: 4 - HandId: #2692520748823609345-13-1674828878 - Holdem no limit (30/60) - 2023/01/27 14:14:38 UTC
Table: 'Expresso Nitro(626901339)#0' 3-max (real money) Seat #1 is the button
Seat 1: Dosleboss (340)
Seat 3: _SKR (560)
*** ANTE/BLINDS ***
Dosleboss posts small blind 30
_SKR posts big blind 60
Dealt to _SKR [7s Ks]
*** PRE-FLOP *** 
Dosleboss calls 30
_SKR raises 60 to 120
Dosleboss calls 60
*** FLOP *** [5s 9d Ah]
_SKR bets 240
Dosleboss folds
_SKR collected 480 from pot
*** SUMMARY ***
Total pot 480 | No rake
Board: [5s 9d Ah]
Seat 3: _SKR (big blind) won 480


Winamax Poker - Tournament "Expresso Nitro" buyIn: 0.93€ + 0.07€ level: 4 - HandId: #2692520748823609345-14-1674828892 - Holdem no limit (30/60) - 2023/01/27 14:14:52 UTC
Table: 'Expresso Nitro(626901339)#0' 3-max (real money) Seat #3 is the button
Seat 1: Dosleboss (220)
Seat 3: _SKR (680)
*** ANTE/BLINDS ***
_SKR posts small blind 30
Dosleboss posts big blind 60
Dealt to _SKR [9s 5d]
*** PRE-FLOP *** 
_SKR folds
Dosleboss collected 90 from pot
*** SUMMARY ***
Total pot 90 | No rake
Seat 1: Dosleboss (big blind) won 90


Winamax Poker - Tournament "Expresso Nitro" buyIn: 0.93€ + 0.07€ level: 4 - HandId: #2692520748823609345-15-1674828899 - Holdem no limit (30/60) - 2023/01/27 14:14:59 UTC
Table: 'Expresso Nitro(626901339)#0' 3-max (real money) Seat #1 is the button
Seat 1: Dosleboss (250)
Seat 3: _SKR (650)
*** ANTE/BLINDS ***
Dosleboss posts small blind 30
_SKR posts big blind 60
Dealt to _SKR [5c Qc]
*** PRE-FLOP *** 
Dosleboss raises 190 to 250 and is all-in
_SKR calls 190
*** FLOP *** [6h 9s Tc]
*** TURN *** [6h 9s Tc][5d]
*** RIVER *** [6h 9s Tc 5d][2s]
*** SHOW DOWN ***
Dosleboss shows [4h Ks] (High card : King)
_SKR shows [5c Qc] (One pair : 5)
_SKR collected 500 from pot
*** SUMMARY ***
Total pot 500 | No rake
Board: [6h 9s Tc 5d 2s]
Seat 1: Dosleboss (small blind) (button) showed [4h Ks] and lost with High card : King
Seat 3: _SKR (big blind) showed [5c Qc] and won 500 with One pair : 5


