Winamax Poker - Tournament "Expresso Nitro" buyIn: 0.93€ + 0.07€ level: 1 - HandId: #2666605938361761793-1-1673284695 - Holdem no limit (10/20) - 2023/01/09 17:18:15 UTC
Table: 'Expresso Nitro(620867577)#0' 3-max (real money) Seat #2 is the button
Seat 1: petra59280 (300)
Seat 2: Tanguera 30 (300)
Seat 3: _SKR (300)
*** ANTE/BLINDS ***
_SKR posts small blind 10
petra59280 posts big blind 20
Dealt to _SKR [6d 9c]
*** PRE-FLOP *** 
Tanguera 30 folds
_SKR folds
petra59280 collected 30 from pot
*** SUMMARY ***
Total pot 30 | No rake
Seat 1: petra59280 (big blind) won 30


Winamax Poker - Tournament "Expresso Nitro" buyIn: 0.93€ + 0.07€ level: 1 - HandId: #2666605938361761793-2-1673284701 - Holdem no limit (10/20) - 2023/01/09 17:18:21 UTC
Table: 'Expresso Nitro(620867577)#0' 3-max (real money) Seat #3 is the button
Seat 1: petra59280 (310)
Seat 2: Tanguera 30 (300)
Seat 3: _SKR (290)
*** ANTE/BLINDS ***
petra59280 posts small blind 10
Tanguera 30 posts big blind 20
Dealt to _SKR [Tc 4d]
*** PRE-FLOP *** 
_SKR folds
petra59280 raises 290 to 310 and is all-in
Tanguera 30 folds
petra59280 collected 330 from pot
*** SUMMARY ***
Total pot 330 | No rake
Seat 1: petra59280 (small blind) won 330


Winamax Poker - Tournament "Expresso Nitro" buyIn: 0.93€ + 0.07€ level: 1 - HandId: #2666605938361761793-3-1673284708 - Holdem no limit (10/20) - 2023/01/09 17:18:28 UTC
Table: 'Expresso Nitro(620867577)#0' 3-max (real money) Seat #1 is the button
Seat 1: petra59280 (330)
Seat 2: Tanguera 30 (280)
Seat 3: _SKR (290)
*** ANTE/BLINDS ***
Tanguera 30 posts small blind 10
_SKR posts big blind 20
Dealt to _SKR [6h 9c]
*** PRE-FLOP *** 
petra59280 calls 20
Tanguera 30 folds
_SKR checks
*** FLOP *** [Jc 9h 8h]
_SKR checks
petra59280 checks
*** TURN *** [Jc 9h 8h][Qd]
_SKR bets 20
petra59280 folds
_SKR collected 70 from pot
*** SUMMARY ***
Total pot 70 | No rake
Board: [Jc 9h 8h Qd]
Seat 3: _SKR (big blind) won 70


Winamax Poker - Tournament "Expresso Nitro" buyIn: 0.93€ + 0.07€ level: 1 - HandId: #2666605938361761793-4-1673284731 - Holdem no limit (10/20) - 2023/01/09 17:18:51 UTC
Table: 'Expresso Nitro(620867577)#0' 3-max (real money) Seat #2 is the button
Seat 1: petra59280 (310)
Seat 2: Tanguera 30 (270)
Seat 3: _SKR (320)
*** ANTE/BLINDS ***
_SKR posts small blind 10
petra59280 posts big blind 20
Dealt to _SKR [3d 6d]
*** PRE-FLOP *** 
Tanguera 30 calls 20
_SKR folds
petra59280 raises 290 to 310 and is all-in
Tanguera 30 calls 250 and is all-in
*** FLOP *** [7s Ac Td]
*** TURN *** [7s Ac Td][4c]
*** RIVER *** [7s Ac Td 4c][8c]
*** SHOW DOWN ***
Tanguera 30 shows [Ks Qs] (High card : Ace)
petra59280 shows [Jd Ah] (One pair : Aces)
petra59280 collected 590 from pot
*** SUMMARY ***
Total pot 590 | No rake
Board: [7s Ac Td 4c 8c]
Seat 1: petra59280 (big blind) showed [Jd Ah] and won 590 with One pair : Aces
Seat 2: Tanguera 30 (button) showed [Ks Qs] and lost with High card : Ace


Winamax Poker - Tournament "Expresso Nitro" buyIn: 0.93€ + 0.07€ level: 1 - HandId: #2666605938361761793-5-1673284749 - Holdem no limit (10/20) - 2023/01/09 17:19:09 UTC
Table: 'Expresso Nitro(620867577)#0' 3-max (real money) Seat #1 is the button
Seat 1: petra59280 (590)
Seat 3: _SKR (310)
*** ANTE/BLINDS ***
petra59280 posts small blind 10
_SKR posts big blind 20
Dealt to _SKR [Ah Qh]
*** PRE-FLOP *** 
petra59280 calls 10
_SKR raises 30 to 50
petra59280 calls 30
*** FLOP *** [7c Kc Js]
_SKR bets 35
petra59280 calls 35
*** TURN *** [7c Kc Js][Jh]
_SKR checks
petra59280 checks
*** RIVER *** [7c Kc Js Jh][7d]
_SKR checks
petra59280 checks
*** SHOW DOWN ***
petra59280 shows [9h 8c] (Two pairs : Jacks and 7)
_SKR shows [Ah Qh] (Two pairs : Jacks and 7)
_SKR collected 170 from pot
*** SUMMARY ***
Total pot 170 | No rake
Board: [7c Kc Js Jh 7d]
Seat 1: petra59280 (small blind) (button) showed [9h 8c] and lost with Two pairs : Jacks and 7
Seat 3: _SKR (big blind) showed [Ah Qh] and won 170 with Two pairs : Jacks and 7


Winamax Poker - Tournament "Expresso Nitro" buyIn: 0.93€ + 0.07€ level: 2 - HandId: #2666605938361761793-6-1673284787 - Holdem no limit (15/30) - 2023/01/09 17:19:47 UTC
Table: 'Expresso Nitro(620867577)#0' 3-max (real money) Seat #3 is the button
Seat 1: petra59280 (505)
Seat 3: _SKR (395)
*** ANTE/BLINDS ***
_SKR posts small blind 15
petra59280 posts big blind 30
Dealt to _SKR [Kh Ks]
*** PRE-FLOP *** 
_SKR raises 30 to 60
petra59280 raises 445 to 505 and is all-in
_SKR calls 335 and is all-in
*** FLOP *** [8s Kc 4d]
*** TURN *** [8s Kc 4d][7h]
*** RIVER *** [8s Kc 4d 7h][Ah]
*** SHOW DOWN ***
petra59280 shows [3s As] (One pair : Aces)
_SKR shows [Kh Ks] (Trips of Kings)
_SKR collected 790 from main pot
petra59280 collected 110 from side pot 1
*** SUMMARY ***
Total pot 900 | No rake
Board: [8s Kc 4d 7h Ah]
Seat 1: petra59280 (big blind) showed [3s As] and won 110 with One pair : Aces
Seat 3: _SKR (small blind) (button) showed [Kh Ks] and won 790 with Trips of Kings


Winamax Poker - Tournament "Expresso Nitro" buyIn: 0.93€ + 0.07€ level: 2 - HandId: #2666605938361761793-7-1673284800 - Holdem no limit (15/30) - 2023/01/09 17:20:00 UTC
Table: 'Expresso Nitro(620867577)#0' 3-max (real money) Seat #1 is the button
Seat 1: petra59280 (110)
Seat 3: _SKR (790)
*** ANTE/BLINDS ***
petra59280 posts small blind 15
_SKR posts big blind 30
Dealt to _SKR [2c 9c]
*** PRE-FLOP *** 
petra59280 raises 80 to 110 and is all-in
_SKR calls 80
*** FLOP *** [2h Ks 8h]
*** TURN *** [2h Ks 8h][Kh]
*** RIVER *** [2h Ks 8h Kh][Qc]
*** SHOW DOWN ***
_SKR shows [2c 9c] (Two pairs : Kings and 2)
petra59280 shows [4h Qs] (Two pairs : Kings and Queens)
petra59280 collected 220 from pot
*** SUMMARY ***
Total pot 220 | No rake
Board: [2h Ks 8h Kh Qc]
Seat 1: petra59280 (small blind) (button) showed [4h Qs] and won 220 with Two pairs : Kings and Queens
Seat 3: _SKR (big blind) showed [2c 9c] and lost with Two pairs : Kings and 2


Winamax Poker - Tournament "Expresso Nitro" buyIn: 0.93€ + 0.07€ level: 3 - HandId: #2666605938361761793-8-1673284814 - Holdem no limit (20/40) - 2023/01/09 17:20:14 UTC
Table: 'Expresso Nitro(620867577)#0' 3-max (real money) Seat #3 is the button
Seat 1: petra59280 (220)
Seat 3: _SKR (680)
*** ANTE/BLINDS ***
_SKR posts small blind 20
petra59280 posts big blind 40
Dealt to _SKR [Jh Ad]
*** PRE-FLOP *** 
_SKR raises 640 to 680 and is all-in
petra59280 calls 180 and is all-in
*** FLOP *** [9s 8d 6h]
*** TURN *** [9s 8d 6h][5s]
*** RIVER *** [9s 8d 6h 5s][2s]
*** SHOW DOWN ***
petra59280 shows [As 9h] (One pair : 9)
_SKR shows [Jh Ad] (High card : Ace)
_SKR collected 460 from side pot 1
petra59280 collected 440 from main pot
*** SUMMARY ***
Total pot 900 | No rake
Board: [9s 8d 6h 5s 2s]
Seat 1: petra59280 (big blind) showed [As 9h] and won 440 with One pair : 9
Seat 3: _SKR (small blind) (button) showed [Jh Ad] and won 460 with High card : Ace


Winamax Poker - Tournament "Expresso Nitro" buyIn: 0.93€ + 0.07€ level: 3 - HandId: #2666605938361761793-9-1673284826 - Holdem no limit (20/40) - 2023/01/09 17:20:26 UTC
Table: 'Expresso Nitro(620867577)#0' 3-max (real money) Seat #1 is the button
Seat 1: petra59280 (440)
Seat 3: _SKR (460)
*** ANTE/BLINDS ***
petra59280 posts small blind 20
_SKR posts big blind 40
Dealt to _SKR [8s Qd]
*** PRE-FLOP *** 
petra59280 folds
_SKR collected 60 from pot
*** SUMMARY ***
Total pot 60 | No rake
Seat 3: _SKR (big blind) won 60


Winamax Poker - Tournament "Expresso Nitro" buyIn: 0.93€ + 0.07€ level: 3 - HandId: #2666605938361761793-10-1673284830 - Holdem no limit (20/40) - 2023/01/09 17:20:30 UTC
Table: 'Expresso Nitro(620867577)#0' 3-max (real money) Seat #3 is the button
Seat 1: petra59280 (420)
Seat 3: _SKR (480)
*** ANTE/BLINDS ***
_SKR posts small blind 20
petra59280 posts big blind 40
Dealt to _SKR [2s Kh]
*** PRE-FLOP *** 
_SKR folds
petra59280 collected 60 from pot
*** SUMMARY ***
Total pot 60 | No rake
Seat 1: petra59280 (big blind) won 60


Winamax Poker - Tournament "Expresso Nitro" buyIn: 0.93€ + 0.07€ level: 3 - HandId: #2666605938361761793-11-1673284834 - Holdem no limit (20/40) - 2023/01/09 17:20:34 UTC
Table: 'Expresso Nitro(620867577)#0' 3-max (real money) Seat #1 is the button
Seat 1: petra59280 (440)
Seat 3: _SKR (460)
*** ANTE/BLINDS ***
petra59280 posts small blind 20
_SKR posts big blind 40
Dealt to _SKR [9d Qc]
*** PRE-FLOP *** 
petra59280 calls 20
_SKR checks
*** FLOP *** [5d 7d 6c]
_SKR checks
petra59280 bets 400 and is all-in
_SKR folds
petra59280 collected 480 from pot
*** SUMMARY ***
Total pot 480 | No rake
Board: [5d 7d 6c]
Seat 1: petra59280 (small blind) (button) won 480


Winamax Poker - Tournament "Expresso Nitro" buyIn: 0.93€ + 0.07€ level: 3 - HandId: #2666605938361761793-12-1673284846 - Holdem no limit (20/40) - 2023/01/09 17:20:46 UTC
Table: 'Expresso Nitro(620867577)#0' 3-max (real money) Seat #3 is the button
Seat 1: petra59280 (480)
Seat 3: _SKR (420)
*** ANTE/BLINDS ***
_SKR posts small blind 20
petra59280 posts big blind 40
Dealt to _SKR [7h 4c]
*** PRE-FLOP *** 
_SKR folds
petra59280 collected 60 from pot
*** SUMMARY ***
Total pot 60 | No rake
Seat 1: petra59280 (big blind) won 60


Winamax Poker - Tournament "Expresso Nitro" buyIn: 0.93€ + 0.07€ level: 3 - HandId: #2666605938361761793-13-1673284849 - Holdem no limit (20/40) - 2023/01/09 17:20:49 UTC
Table: 'Expresso Nitro(620867577)#0' 3-max (real money) Seat #1 is the button
Seat 1: petra59280 (500)
Seat 3: _SKR (400)
*** ANTE/BLINDS ***
petra59280 posts small blind 20
_SKR posts big blind 40
Dealt to _SKR [5h Jc]
*** PRE-FLOP *** 
petra59280 raises 460 to 500 and is all-in
_SKR folds
petra59280 collected 540 from pot
*** SUMMARY ***
Total pot 540 | No rake
Seat 1: petra59280 (small blind) (button) won 540


Winamax Poker - Tournament "Expresso Nitro" buyIn: 0.93€ + 0.07€ level: 3 - HandId: #2666605938361761793-14-1673284859 - Holdem no limit (20/40) - 2023/01/09 17:20:59 UTC
Table: 'Expresso Nitro(620867577)#0' 3-max (real money) Seat #3 is the button
Seat 1: petra59280 (540)
Seat 3: _SKR (360)
*** ANTE/BLINDS ***
_SKR posts small blind 20
petra59280 posts big blind 40
Dealt to _SKR [4h 3s]
*** PRE-FLOP *** 
_SKR folds
petra59280 collected 60 from pot
*** SUMMARY ***
Total pot 60 | No rake
Seat 1: petra59280 (big blind) won 60


Winamax Poker - Tournament "Expresso Nitro" buyIn: 0.93€ + 0.07€ level: 3 - HandId: #2666605938361761793-15-1673284864 - Holdem no limit (20/40) - 2023/01/09 17:21:04 UTC
Table: 'Expresso Nitro(620867577)#0' 3-max (real money) Seat #1 is the button
Seat 1: petra59280 (560)
Seat 3: _SKR (340)
*** ANTE/BLINDS ***
petra59280 posts small blind 20
_SKR posts big blind 40
Dealt to _SKR [3h 3s]
*** PRE-FLOP *** 
petra59280 raises 80 to 120
_SKR raises 220 to 340 and is all-in
petra59280 calls 220
*** FLOP *** [2c 6c Tc]
*** TURN *** [2c 6c Tc][5s]
*** RIVER *** [2c 6c Tc 5s][9s]
*** SHOW DOWN ***
_SKR shows [3h 3s] (One pair : 3)
petra59280 shows [Ad 9h] (One pair : 9)
petra59280 collected 680 from pot
*** SUMMARY ***
Total pot 680 | No rake
Board: [2c 6c Tc 5s 9s]
Seat 1: petra59280 (small blind) (button) showed [Ad 9h] and won 680 with One pair : 9
Seat 3: _SKR (big blind) showed [3h 3s] and lost with One pair : 3


