Winamax Poker - Tournament "Expresso Nitro" buyIn: 1.86€ + 0.14€ level: 1 - HandId: #2696636495724281857-1-1675090978 - Holdem no limit (10/20) - 2023/01/30 15:02:58 UTC
Table: 'Expresso Nitro(627859611)#0' 3-max (real money) Seat #2 is the button
Seat 1: bieratais (300)
Seat 2: Atarasico (300)
Seat 3: _SKR (300)
*** ANTE/BLINDS ***
_SKR posts small blind 10
bieratais posts big blind 20
Dealt to _SKR [7d 3s]
*** PRE-FLOP *** 
Atarasico calls 20
_SKR folds
bieratais raises 280 to 300 and is all-in
Atarasico folds
bieratais collected 330 from pot
*** SUMMARY ***
Total pot 330 | No rake
Seat 1: bieratais (big blind) won 330


Winamax Poker - Tournament "Expresso Nitro" buyIn: 1.86€ + 0.14€ level: 1 - HandId: #2696636495724281857-2-1675091001 - Holdem no limit (10/20) - 2023/01/30 15:03:21 UTC
Table: 'Expresso Nitro(627859611)#0' 3-max (real money) Seat #3 is the button
Seat 1: bieratais (330)
Seat 2: Atarasico (280)
Seat 3: _SKR (290)
*** ANTE/BLINDS ***
bieratais posts small blind 10
Atarasico posts big blind 20
Dealt to _SKR [Td 5c]
*** PRE-FLOP *** 
_SKR folds
bieratais calls 10
Atarasico raises 40 to 60
bieratais raises 270 to 330 and is all-in
Atarasico calls 220 and is all-in
*** FLOP *** [7d As Ac]
*** TURN *** [7d As Ac][6s]
*** RIVER *** [7d As Ac 6s][2c]
*** SHOW DOWN ***
bieratais shows [8s Ah] (Trips of Aces)
Atarasico shows [9d Ad] (Trips of Aces)
Atarasico collected 560 from main pot
bieratais collected 50 from side pot 1
*** SUMMARY ***
Total pot 610 | No rake
Board: [7d As Ac 6s 2c]
Seat 1: bieratais (small blind) showed [8s Ah] and won 50 with Trips of Aces
Seat 2: Atarasico (big blind) showed [9d Ad] and won 560 with Trips of Aces


Winamax Poker - Tournament "Expresso Nitro" buyIn: 1.86€ + 0.14€ level: 1 - HandId: #2696636495724281857-3-1675091026 - Holdem no limit (10/20) - 2023/01/30 15:03:46 UTC
Table: 'Expresso Nitro(627859611)#0' 3-max (real money) Seat #1 is the button
Seat 1: bieratais (50)
Seat 2: Atarasico (560)
Seat 3: _SKR (290)
*** ANTE/BLINDS ***
Atarasico posts small blind 10
_SKR posts big blind 20
Dealt to _SKR [8h 2d]
*** PRE-FLOP *** 
bieratais raises 30 to 50 and is all-in
Atarasico folds
_SKR folds
bieratais collected 80 from pot
*** SUMMARY ***
Total pot 80 | No rake
Seat 1: bieratais (button) won 80


Winamax Poker - Tournament "Expresso Nitro" buyIn: 1.86€ + 0.14€ level: 2 - HandId: #2696636495724281857-4-1675091042 - Holdem no limit (15/30) - 2023/01/30 15:04:02 UTC
Table: 'Expresso Nitro(627859611)#0' 3-max (real money) Seat #2 is the button
Seat 1: bieratais (80)
Seat 2: Atarasico (550)
Seat 3: _SKR (270)
*** ANTE/BLINDS ***
_SKR posts small blind 15
bieratais posts big blind 30
Dealt to _SKR [7d 4c]
*** PRE-FLOP *** 
Atarasico raises 30 to 60
_SKR folds
bieratais raises 20 to 80 and is all-in
Atarasico calls 20
*** FLOP *** [8s 6s 9d]
*** TURN *** [8s 6s 9d][Jh]
*** RIVER *** [8s 6s 9d Jh][2d]
*** SHOW DOWN ***
Atarasico shows [5h Kh] (High card : King)
bieratais shows [3d 8d] (One pair : 8)
bieratais collected 175 from pot
*** SUMMARY ***
Total pot 175 | No rake
Board: [8s 6s 9d Jh 2d]
Seat 1: bieratais (big blind) showed [3d 8d] and won 175 with One pair : 8
Seat 2: Atarasico (button) showed [5h Kh] and lost with High card : King


Winamax Poker - Tournament "Expresso Nitro" buyIn: 1.86€ + 0.14€ level: 2 - HandId: #2696636495724281857-5-1675091062 - Holdem no limit (15/30) - 2023/01/30 15:04:22 UTC
Table: 'Expresso Nitro(627859611)#0' 3-max (real money) Seat #3 is the button
Seat 1: bieratais (175)
Seat 2: Atarasico (470)
Seat 3: _SKR (255)
*** ANTE/BLINDS ***
bieratais posts small blind 15
Atarasico posts big blind 30
Dealt to _SKR [8h 2c]
*** PRE-FLOP *** 
_SKR folds
bieratais folds
Atarasico collected 45 from pot
*** SUMMARY ***
Total pot 45 | No rake
Seat 2: Atarasico (big blind) won 45


Winamax Poker - Tournament "Expresso Nitro" buyIn: 1.86€ + 0.14€ level: 2 - HandId: #2696636495724281857-6-1675091070 - Holdem no limit (15/30) - 2023/01/30 15:04:30 UTC
Table: 'Expresso Nitro(627859611)#0' 3-max (real money) Seat #1 is the button
Seat 1: bieratais (160)
Seat 2: Atarasico (485)
Seat 3: _SKR (255)
*** ANTE/BLINDS ***
Atarasico posts small blind 15
_SKR posts big blind 30
Dealt to _SKR [6d 4h]
*** PRE-FLOP *** 
bieratais raises 130 to 160 and is all-in
Atarasico calls 145
_SKR folds
*** FLOP *** [8c Kd Th]
*** TURN *** [8c Kd Th][5c]
*** RIVER *** [8c Kd Th 5c][3s]
*** SHOW DOWN ***
bieratais shows [2c Ad] (High card : Ace)
Atarasico shows [Jc 3c] (One pair : 3)
Atarasico collected 350 from pot
*** SUMMARY ***
Total pot 350 | No rake
Board: [8c Kd Th 5c 3s]
Seat 1: bieratais (button) showed [2c Ad] and lost with High card : Ace
Seat 2: Atarasico (small blind) showed [Jc 3c] and won 350 with One pair : 3


Winamax Poker - Tournament "Expresso Nitro" buyIn: 1.86€ + 0.14€ level: 3 - HandId: #2696636495724281857-7-1675091100 - Holdem no limit (20/40) - 2023/01/30 15:05:00 UTC
Table: 'Expresso Nitro(627859611)#0' 3-max (real money) Seat #3 is the button
Seat 2: Atarasico (675)
Seat 3: _SKR (225)
*** ANTE/BLINDS ***
_SKR posts small blind 20
Atarasico posts big blind 40
Dealt to _SKR [Kd 3c]
*** PRE-FLOP *** 
_SKR raises 185 to 225 and is all-in
Atarasico folds
_SKR collected 265 from pot
*** SUMMARY ***
Total pot 265 | No rake
Seat 3: _SKR (small blind) (button) won 265


Winamax Poker - Tournament "Expresso Nitro" buyIn: 1.86€ + 0.14€ level: 3 - HandId: #2696636495724281857-8-1675091112 - Holdem no limit (20/40) - 2023/01/30 15:05:12 UTC
Table: 'Expresso Nitro(627859611)#0' 3-max (real money) Seat #2 is the button
Seat 2: Atarasico (635)
Seat 3: _SKR (265)
*** ANTE/BLINDS ***
Atarasico posts small blind 20
_SKR posts big blind 40
Dealt to _SKR [4h As]
*** PRE-FLOP *** 
Atarasico calls 20
_SKR raises 225 to 265 and is all-in
Atarasico folds
_SKR collected 305 from pot
*** SUMMARY ***
Total pot 305 | No rake
Seat 3: _SKR (big blind) won 305


Winamax Poker - Tournament "Expresso Nitro" buyIn: 1.86€ + 0.14€ level: 3 - HandId: #2696636495724281857-9-1675091128 - Holdem no limit (20/40) - 2023/01/30 15:05:28 UTC
Table: 'Expresso Nitro(627859611)#0' 3-max (real money) Seat #3 is the button
Seat 2: Atarasico (595)
Seat 3: _SKR (305)
*** ANTE/BLINDS ***
_SKR posts small blind 20
Atarasico posts big blind 40
Dealt to _SKR [Js 2h]
*** PRE-FLOP *** 
_SKR folds
Atarasico collected 60 from pot
*** SUMMARY ***
Total pot 60 | No rake
Seat 2: Atarasico (big blind) won 60


Winamax Poker - Tournament "Expresso Nitro" buyIn: 1.86€ + 0.14€ level: 3 - HandId: #2696636495724281857-10-1675091134 - Holdem no limit (20/40) - 2023/01/30 15:05:34 UTC
Table: 'Expresso Nitro(627859611)#0' 3-max (real money) Seat #2 is the button
Seat 2: Atarasico (615)
Seat 3: _SKR (285)
*** ANTE/BLINDS ***
Atarasico posts small blind 20
_SKR posts big blind 40
Dealt to _SKR [5d 9d]
*** PRE-FLOP *** 
Atarasico folds
_SKR collected 60 from pot
*** SUMMARY ***
Total pot 60 | No rake
Seat 3: _SKR (big blind) won 60


Winamax Poker - Tournament "Expresso Nitro" buyIn: 1.86€ + 0.14€ level: 3 - HandId: #2696636495724281857-11-1675091144 - Holdem no limit (20/40) - 2023/01/30 15:05:44 UTC
Table: 'Expresso Nitro(627859611)#0' 3-max (real money) Seat #3 is the button
Seat 2: Atarasico (595)
Seat 3: _SKR (305)
*** ANTE/BLINDS ***
_SKR posts small blind 20
Atarasico posts big blind 40
Dealt to _SKR [7c Kh]
*** PRE-FLOP *** 
_SKR raises 265 to 305 and is all-in
Atarasico calls 265
*** FLOP *** [8d Kc 5h]
*** TURN *** [8d Kc 5h][Jh]
*** RIVER *** [8d Kc 5h Jh][9c]
*** SHOW DOWN ***
_SKR shows [7c Kh] (One pair : Kings)
Atarasico shows [8h 9s] (Two pairs : 9 and 8)
Atarasico collected 610 from pot
*** SUMMARY ***
Total pot 610 | No rake
Board: [8d Kc 5h Jh 9c]
Seat 2: Atarasico (big blind) showed [8h 9s] and won 610 with Two pairs : 9 and 8
Seat 3: _SKR (small blind) (button) showed [7c Kh] and lost with One pair : Kings


