Winamax Poker - Tournament "Expresso Nitro" buyIn: 1.86€ + 0.14€ level: 1 - HandId: #2698149303465017345-1-1675182975 - Holdem no limit (10/20) - 2023/01/31 16:36:15 UTC
Table: 'Expresso Nitro(628211839)#0' 3-max (real money) Seat #2 is the button
Seat 1: disylmia (300)
Seat 2: _SKR (300)
Seat 3: GONZ 37540 (300)
*** ANTE/BLINDS ***
GONZ 37540 posts small blind 10
disylmia posts big blind 20
Dealt to _SKR [Ah 4c]
*** PRE-FLOP *** 
_SKR raises 280 to 300 and is all-in
GONZ 37540 folds
disylmia folds
_SKR collected 330 from pot
*** SUMMARY ***
Total pot 330 | No rake
Seat 2: _SKR (button) won 330


Winamax Poker - Tournament "Expresso Nitro" buyIn: 1.86€ + 0.14€ level: 1 - HandId: #2698149303465017345-2-1675182989 - Holdem no limit (10/20) - 2023/01/31 16:36:29 UTC
Table: 'Expresso Nitro(628211839)#0' 3-max (real money) Seat #3 is the button
Seat 1: disylmia (280)
Seat 2: _SKR (330)
Seat 3: GONZ 37540 (290)
*** ANTE/BLINDS ***
disylmia posts small blind 10
_SKR posts big blind 20
Dealt to _SKR [9c Td]
*** PRE-FLOP *** 
GONZ 37540 folds
disylmia folds
_SKR collected 30 from pot
*** SUMMARY ***
Total pot 30 | No rake
Seat 2: _SKR (big blind) won 30


Winamax Poker - Tournament "Expresso Nitro" buyIn: 1.86€ + 0.14€ level: 1 - HandId: #2698149303465017345-3-1675182994 - Holdem no limit (10/20) - 2023/01/31 16:36:34 UTC
Table: 'Expresso Nitro(628211839)#0' 3-max (real money) Seat #1 is the button
Seat 1: disylmia (270)
Seat 2: _SKR (340)
Seat 3: GONZ 37540 (290)
*** ANTE/BLINDS ***
_SKR posts small blind 10
GONZ 37540 posts big blind 20
Dealt to _SKR [Qs Kh]
*** PRE-FLOP *** 
disylmia calls 20
_SKR raises 320 to 340 and is all-in
GONZ 37540 calls 270 and is all-in
disylmia folds
*** FLOP *** [9s 8d Kd]
*** TURN *** [9s 8d Kd][Kc]
*** RIVER *** [9s 8d Kd Kc][4c]
*** SHOW DOWN ***
GONZ 37540 shows [As 2c] (One pair : Kings)
_SKR shows [Qs Kh] (Trips of Kings)
_SKR collected 650 from pot
*** SUMMARY ***
Total pot 650 | No rake
Board: [9s 8d Kd Kc 4c]
Seat 2: _SKR (small blind) showed [Qs Kh] and won 650 with Trips of Kings
Seat 3: GONZ 37540 (big blind) showed [As 2c] and lost with One pair : Kings


Winamax Poker - Tournament "Expresso Nitro" buyIn: 1.86€ + 0.14€ level: 1 - HandId: #2698149303465017345-4-1675183017 - Holdem no limit (10/20) - 2023/01/31 16:36:57 UTC
Table: 'Expresso Nitro(628211839)#0' 3-max (real money) Seat #1 is the button
Seat 1: disylmia (250)
Seat 2: _SKR (650)
*** ANTE/BLINDS ***
disylmia posts small blind 10
_SKR posts big blind 20
Dealt to _SKR [5s Qs]
*** PRE-FLOP *** 
disylmia calls 10
_SKR checks
*** FLOP *** [8s 7s Qh]
_SKR checks
disylmia checks
*** TURN *** [8s 7s Qh][7h]
_SKR bets 26
disylmia folds
_SKR collected 66 from pot
*** SUMMARY ***
Total pot 66 | No rake
Board: [8s 7s Qh 7h]
Seat 2: _SKR (big blind) won 66


Winamax Poker - Tournament "Expresso Nitro" buyIn: 1.86€ + 0.14€ level: 2 - HandId: #2698149303465017345-5-1675183032 - Holdem no limit (15/30) - 2023/01/31 16:37:12 UTC
Table: 'Expresso Nitro(628211839)#0' 3-max (real money) Seat #2 is the button
Seat 1: disylmia (230)
Seat 2: _SKR (670)
*** ANTE/BLINDS ***
_SKR posts small blind 15
disylmia posts big blind 30
Dealt to _SKR [Kh 6c]
*** PRE-FLOP *** 
_SKR raises 640 to 670 and is all-in
disylmia folds
_SKR collected 700 from pot
*** SUMMARY ***
Total pot 700 | No rake
Seat 2: _SKR (small blind) (button) won 700


Winamax Poker - Tournament "Expresso Nitro" buyIn: 1.86€ + 0.14€ level: 2 - HandId: #2698149303465017345-6-1675183040 - Holdem no limit (15/30) - 2023/01/31 16:37:20 UTC
Table: 'Expresso Nitro(628211839)#0' 3-max (real money) Seat #1 is the button
Seat 1: disylmia (200)
Seat 2: _SKR (700)
*** ANTE/BLINDS ***
disylmia posts small blind 15
_SKR posts big blind 30
Dealt to _SKR [7c 9d]
*** PRE-FLOP *** 
disylmia folds
_SKR collected 45 from pot
*** SUMMARY ***
Total pot 45 | No rake
Seat 2: _SKR (big blind) won 45


Winamax Poker - Tournament "Expresso Nitro" buyIn: 1.86€ + 0.14€ level: 2 - HandId: #2698149303465017345-7-1675183047 - Holdem no limit (15/30) - 2023/01/31 16:37:27 UTC
Table: 'Expresso Nitro(628211839)#0' 3-max (real money) Seat #2 is the button
Seat 1: disylmia (185)
Seat 2: _SKR (715)
*** ANTE/BLINDS ***
_SKR posts small blind 15
disylmia posts big blind 30
Dealt to _SKR [6s 7c]
*** PRE-FLOP *** 
_SKR folds
disylmia collected 45 from pot
*** SUMMARY ***
Total pot 45 | No rake
Seat 1: disylmia (big blind) won 45


Winamax Poker - Tournament "Expresso Nitro" buyIn: 1.86€ + 0.14€ level: 2 - HandId: #2698149303465017345-8-1675183050 - Holdem no limit (15/30) - 2023/01/31 16:37:30 UTC
Table: 'Expresso Nitro(628211839)#0' 3-max (real money) Seat #1 is the button
Seat 1: disylmia (200)
Seat 2: _SKR (700)
*** ANTE/BLINDS ***
disylmia posts small blind 15
_SKR posts big blind 30
Dealt to _SKR [6s Ks]
*** PRE-FLOP *** 
disylmia folds
_SKR collected 45 from pot
*** SUMMARY ***
Total pot 45 | No rake
Seat 2: _SKR (big blind) won 45


Winamax Poker - Tournament "Expresso Nitro" buyIn: 1.86€ + 0.14€ level: 2 - HandId: #2698149303465017345-9-1675183055 - Holdem no limit (15/30) - 2023/01/31 16:37:35 UTC
Table: 'Expresso Nitro(628211839)#0' 3-max (real money) Seat #2 is the button
Seat 1: disylmia (185)
Seat 2: _SKR (715)
*** ANTE/BLINDS ***
_SKR posts small blind 15
disylmia posts big blind 30
Dealt to _SKR [Kc 6d]
*** PRE-FLOP *** 
_SKR raises 685 to 715 and is all-in
disylmia folds
_SKR collected 745 from pot
*** SUMMARY ***
Total pot 745 | No rake
Seat 2: _SKR (small blind) (button) won 745


Winamax Poker - Tournament "Expresso Nitro" buyIn: 1.86€ + 0.14€ level: 2 - HandId: #2698149303465017345-10-1675183064 - Holdem no limit (15/30) - 2023/01/31 16:37:44 UTC
Table: 'Expresso Nitro(628211839)#0' 3-max (real money) Seat #1 is the button
Seat 1: disylmia (155)
Seat 2: _SKR (745)
*** ANTE/BLINDS ***
disylmia posts small blind 15
_SKR posts big blind 30
Dealt to _SKR [8c Td]
*** PRE-FLOP *** 
disylmia raises 125 to 155 and is all-in
_SKR folds
disylmia collected 185 from pot
*** SUMMARY ***
Total pot 185 | No rake
Seat 1: disylmia (small blind) (button) won 185


Winamax Poker - Tournament "Expresso Nitro" buyIn: 1.86€ + 0.14€ level: 2 - HandId: #2698149303465017345-11-1675183069 - Holdem no limit (15/30) - 2023/01/31 16:37:49 UTC
Table: 'Expresso Nitro(628211839)#0' 3-max (real money) Seat #2 is the button
Seat 1: disylmia (185)
Seat 2: _SKR (715)
*** ANTE/BLINDS ***
_SKR posts small blind 15
disylmia posts big blind 30
Dealt to _SKR [Jh 8h]
*** PRE-FLOP *** 
_SKR raises 685 to 715 and is all-in
disylmia folds
_SKR collected 745 from pot
*** SUMMARY ***
Total pot 745 | No rake
Seat 2: _SKR (small blind) (button) won 745


Winamax Poker - Tournament "Expresso Nitro" buyIn: 1.86€ + 0.14€ level: 2 - HandId: #2698149303465017345-12-1675183076 - Holdem no limit (15/30) - 2023/01/31 16:37:56 UTC
Table: 'Expresso Nitro(628211839)#0' 3-max (real money) Seat #1 is the button
Seat 1: disylmia (155)
Seat 2: _SKR (745)
*** ANTE/BLINDS ***
disylmia posts small blind 15
_SKR posts big blind 30
Dealt to _SKR [Jd 7h]
*** PRE-FLOP *** 
disylmia folds
_SKR collected 45 from pot
*** SUMMARY ***
Total pot 45 | No rake
Seat 2: _SKR (big blind) won 45


Winamax Poker - Tournament "Expresso Nitro" buyIn: 1.86€ + 0.14€ level: 2 - HandId: #2698149303465017345-13-1675183080 - Holdem no limit (15/30) - 2023/01/31 16:38:00 UTC
Table: 'Expresso Nitro(628211839)#0' 3-max (real money) Seat #2 is the button
Seat 1: disylmia (140)
Seat 2: _SKR (760)
*** ANTE/BLINDS ***
_SKR posts small blind 15
disylmia posts big blind 30
Dealt to _SKR [Jd Ac]
*** PRE-FLOP *** 
_SKR raises 730 to 760 and is all-in
disylmia folds
_SKR collected 790 from pot
*** SUMMARY ***
Total pot 790 | No rake
Seat 2: _SKR (small blind) (button) won 790


Winamax Poker - Tournament "Expresso Nitro" buyIn: 1.86€ + 0.14€ level: 3 - HandId: #2698149303465017345-14-1675183095 - Holdem no limit (20/40) - 2023/01/31 16:38:15 UTC
Table: 'Expresso Nitro(628211839)#0' 3-max (real money) Seat #1 is the button
Seat 1: disylmia (110)
Seat 2: _SKR (790)
*** ANTE/BLINDS ***
disylmia posts small blind 20
_SKR posts big blind 40
Dealt to _SKR [6c Td]
*** PRE-FLOP *** 
disylmia raises 70 to 110 and is all-in
_SKR calls 70
*** FLOP *** [Ah 6d Qd]
*** TURN *** [Ah 6d Qd][7s]
*** RIVER *** [Ah 6d Qd 7s][Js]
*** SHOW DOWN ***
disylmia shows [9c Ts] (High card : Ace)
_SKR shows [6c Td] (One pair : 6)
_SKR collected 220 from pot
*** SUMMARY ***
Total pot 220 | No rake
Board: [Ah 6d Qd 7s Js]
Seat 1: disylmia (small blind) (button) showed [9c Ts] and lost with High card : Ace
Seat 2: _SKR (big blind) showed [6c Td] and won 220 with One pair : 6


