Winamax Poker - Tournament "Expresso Nitro" buyIn: 0.93€ + 0.07€ level: 1 - HandId: #2718643684810686465-1-1676293170 - Holdem no limit (10/20) - 2023/02/13 12:59:30 UTC
Table: 'Expresso Nitro(632983559)#0' 3-max (real money) Seat #1 is the button
Seat 1: Ass-J (300)
Seat 2: Mallena (300)
Seat 3: _SKR (300)
*** ANTE/BLINDS ***
Mallena posts small blind 10
_SKR posts big blind 20
Dealt to _SKR [8c 4c]
*** PRE-FLOP *** 
Ass-J folds
Mallena raises 280 to 300 and is all-in
_SKR folds
Mallena collected 320 from pot
*** SUMMARY ***
Total pot 320 | No rake
Seat 2: Mallena (small blind) won 320


Winamax Poker - Tournament "Expresso Nitro" buyIn: 0.93€ + 0.07€ level: 1 - HandId: #2718643684810686465-2-1676293184 - Holdem no limit (10/20) - 2023/02/13 12:59:44 UTC
Table: 'Expresso Nitro(632983559)#0' 3-max (real money) Seat #2 is the button
Seat 1: Ass-J (300)
Seat 2: Mallena (320)
Seat 3: _SKR (280)
*** ANTE/BLINDS ***
_SKR posts small blind 10
Ass-J posts big blind 20
Dealt to _SKR [7c 9d]
*** PRE-FLOP *** 
Mallena folds
_SKR folds
Ass-J collected 30 from pot
*** SUMMARY ***
Total pot 30 | No rake
Seat 1: Ass-J (big blind) won 30


Winamax Poker - Tournament "Expresso Nitro" buyIn: 0.93€ + 0.07€ level: 1 - HandId: #2718643684810686465-3-1676293193 - Holdem no limit (10/20) - 2023/02/13 12:59:53 UTC
Table: 'Expresso Nitro(632983559)#0' 3-max (real money) Seat #3 is the button
Seat 1: Ass-J (310)
Seat 2: Mallena (320)
Seat 3: _SKR (270)
*** ANTE/BLINDS ***
Ass-J posts small blind 10
Mallena posts big blind 20
Dealt to _SKR [3c 5d]
*** PRE-FLOP *** 
_SKR folds
Ass-J calls 10
Mallena raises 300 to 320 and is all-in
Ass-J folds
Mallena collected 340 from pot
*** SUMMARY ***
Total pot 340 | No rake
Seat 2: Mallena (big blind) won 340


Winamax Poker - Tournament "Expresso Nitro" buyIn: 0.93€ + 0.07€ level: 1 - HandId: #2718643684810686465-4-1676293210 - Holdem no limit (10/20) - 2023/02/13 13:00:10 UTC
Table: 'Expresso Nitro(632983559)#0' 3-max (real money) Seat #1 is the button
Seat 1: Ass-J (290)
Seat 2: Mallena (340)
Seat 3: _SKR (270)
*** ANTE/BLINDS ***
Mallena posts small blind 10
_SKR posts big blind 20
Dealt to _SKR [7d Qh]
*** PRE-FLOP *** 
Ass-J raises 270 to 290 and is all-in
Mallena folds
_SKR folds
Ass-J collected 320 from pot
*** SUMMARY ***
Total pot 320 | No rake
Seat 1: Ass-J (button) won 320


Winamax Poker - Tournament "Expresso Nitro" buyIn: 0.93€ + 0.07€ level: 1 - HandId: #2718643684810686465-5-1676293225 - Holdem no limit (10/20) - 2023/02/13 13:00:25 UTC
Table: 'Expresso Nitro(632983559)#0' 3-max (real money) Seat #2 is the button
Seat 1: Ass-J (320)
Seat 2: Mallena (330)
Seat 3: _SKR (250)
*** ANTE/BLINDS ***
_SKR posts small blind 10
Ass-J posts big blind 20
Dealt to _SKR [Ad Qc]
*** PRE-FLOP *** 
Mallena folds
_SKR raises 230 to 250 and is all-in
Ass-J folds
_SKR collected 270 from pot
*** SUMMARY ***
Total pot 270 | No rake
Seat 3: _SKR (small blind) won 270


Winamax Poker - Tournament "Expresso Nitro" buyIn: 0.93€ + 0.07€ level: 2 - HandId: #2718643684810686465-6-1676293232 - Holdem no limit (15/30) - 2023/02/13 13:00:32 UTC
Table: 'Expresso Nitro(632983559)#0' 3-max (real money) Seat #3 is the button
Seat 1: Ass-J (300)
Seat 2: Mallena (330)
Seat 3: _SKR (270)
*** ANTE/BLINDS ***
Ass-J posts small blind 15
Mallena posts big blind 30
Dealt to _SKR [Qc Kc]
*** PRE-FLOP *** 
_SKR raises 30 to 60
Ass-J calls 45
Mallena calls 30
*** FLOP *** [3c Qd As]
Ass-J bets 63
Mallena folds
_SKR calls 63
*** TURN *** [3c Qd As][4d]
Ass-J bets 107
_SKR raises 40 to 147 and is all-in
Ass-J folds
_SKR collected 560 from pot
*** SUMMARY ***
Total pot 560 | No rake
Board: [3c Qd As 4d]
Seat 3: _SKR (button) won 560


Winamax Poker - Tournament "Expresso Nitro" buyIn: 0.93€ + 0.07€ level: 2 - HandId: #2718643684810686465-7-1676293267 - Holdem no limit (15/30) - 2023/02/13 13:01:07 UTC
Table: 'Expresso Nitro(632983559)#0' 3-max (real money) Seat #1 is the button
Seat 1: Ass-J (70)
Seat 2: Mallena (270)
Seat 3: _SKR (560)
*** ANTE/BLINDS ***
Mallena posts small blind 15
_SKR posts big blind 30
Dealt to _SKR [2s Qh]
*** PRE-FLOP *** 
Ass-J raises 40 to 70 and is all-in
Mallena folds
_SKR calls 40
*** FLOP *** [Jc Kh 7s]
*** TURN *** [Jc Kh 7s][Td]
*** RIVER *** [Jc Kh 7s Td][8s]
*** SHOW DOWN ***
_SKR shows [2s Qh] (High card : King)
Ass-J shows [Jd Tc] (Two pairs : Jacks and Tens)
Ass-J collected 155 from pot
*** SUMMARY ***
Total pot 155 | No rake
Board: [Jc Kh 7s Td 8s]
Seat 1: Ass-J (button) showed [Jd Tc] and won 155 with Two pairs : Jacks and Tens
Seat 3: _SKR (big blind) showed [2s Qh] and lost with High card : King


Winamax Poker - Tournament "Expresso Nitro" buyIn: 0.93€ + 0.07€ level: 2 - HandId: #2718643684810686465-8-1676293285 - Holdem no limit (15/30) - 2023/02/13 13:01:25 UTC
Table: 'Expresso Nitro(632983559)#0' 3-max (real money) Seat #2 is the button
Seat 1: Ass-J (155)
Seat 2: Mallena (255)
Seat 3: _SKR (490)
*** ANTE/BLINDS ***
_SKR posts small blind 15
Ass-J posts big blind 30
Dealt to _SKR [Td 6d]
*** PRE-FLOP *** 
Mallena raises 225 to 255 and is all-in
_SKR folds
Ass-J calls 125 and is all-in
*** FLOP *** [Jc 2h 5d]
*** TURN *** [Jc 2h 5d][6c]
*** RIVER *** [Jc 2h 5d 6c][Tc]
*** SHOW DOWN ***
Ass-J shows [6s Ad] (One pair : 6)
Mallena shows [Ks Ts] (One pair : Tens)
Mallena collected 425 from pot
*** SUMMARY ***
Total pot 425 | No rake
Board: [Jc 2h 5d 6c Tc]
Seat 1: Ass-J (big blind) showed [6s Ad] and lost with One pair : 6
Seat 2: Mallena (button) showed [Ks Ts] and won 425 with One pair : Tens


Winamax Poker - Tournament "Expresso Nitro" buyIn: 0.93€ + 0.07€ level: 3 - HandId: #2718643684810686465-9-1676293305 - Holdem no limit (20/40) - 2023/02/13 13:01:45 UTC
Table: 'Expresso Nitro(632983559)#0' 3-max (real money) Seat #2 is the button
Seat 2: Mallena (425)
Seat 3: _SKR (475)
*** ANTE/BLINDS ***
Mallena posts small blind 20
_SKR posts big blind 40
Dealt to _SKR [Ts 4d]
*** PRE-FLOP *** 
Mallena calls 20
_SKR checks
*** FLOP *** [6d 4h 8d]
_SKR checks
Mallena bets 80
_SKR folds
Mallena collected 160 from pot
*** SUMMARY ***
Total pot 160 | No rake
Board: [6d 4h 8d]
Seat 2: Mallena (small blind) (button) won 160


Winamax Poker - Tournament "Expresso Nitro" buyIn: 0.93€ + 0.07€ level: 3 - HandId: #2718643684810686465-10-1676293328 - Holdem no limit (20/40) - 2023/02/13 13:02:08 UTC
Table: 'Expresso Nitro(632983559)#0' 3-max (real money) Seat #3 is the button
Seat 2: Mallena (465)
Seat 3: _SKR (435)
*** ANTE/BLINDS ***
_SKR posts small blind 20
Mallena posts big blind 40
Dealt to _SKR [Qh 3d]
*** PRE-FLOP *** 
_SKR folds
Mallena collected 60 from pot
*** SUMMARY ***
Total pot 60 | No rake
Seat 2: Mallena (big blind) won 60


Winamax Poker - Tournament "Expresso Nitro" buyIn: 0.93€ + 0.07€ level: 3 - HandId: #2718643684810686465-11-1676293331 - Holdem no limit (20/40) - 2023/02/13 13:02:11 UTC
Table: 'Expresso Nitro(632983559)#0' 3-max (real money) Seat #2 is the button
Seat 2: Mallena (485)
Seat 3: _SKR (415)
*** ANTE/BLINDS ***
Mallena posts small blind 20
_SKR posts big blind 40
Dealt to _SKR [7h Qc]
*** PRE-FLOP *** 
Mallena raises 445 to 485 and is all-in
_SKR folds
Mallena collected 525 from pot
*** SUMMARY ***
Total pot 525 | No rake
Seat 2: Mallena (small blind) (button) won 525


Winamax Poker - Tournament "Expresso Nitro" buyIn: 0.93€ + 0.07€ level: 3 - HandId: #2718643684810686465-12-1676293344 - Holdem no limit (20/40) - 2023/02/13 13:02:24 UTC
Table: 'Expresso Nitro(632983559)#0' 3-max (real money) Seat #3 is the button
Seat 2: Mallena (525)
Seat 3: _SKR (375)
*** ANTE/BLINDS ***
_SKR posts small blind 20
Mallena posts big blind 40
Dealt to _SKR [7c Ad]
*** PRE-FLOP *** 
_SKR raises 335 to 375 and is all-in
Mallena raises 150 to 525 and is all-in
*** FLOP *** [7s Ts 8c]
*** TURN *** [7s Ts 8c][5h]
*** RIVER *** [7s Ts 8c 5h][Kd]
*** SHOW DOWN ***
Mallena shows [4s 4c] (One pair : 4)
_SKR shows [7c Ad] (One pair : 7)
_SKR collected 750 from main pot
Mallena collected 150 from side pot 1
*** SUMMARY ***
Total pot 900 | No rake
Board: [7s Ts 8c 5h Kd]
Seat 2: Mallena (big blind) showed [4s 4c] and won 150 with One pair : 4
Seat 3: _SKR (small blind) (button) showed [7c Ad] and won 750 with One pair : 7


Winamax Poker - Tournament "Expresso Nitro" buyIn: 0.93€ + 0.07€ level: 4 - HandId: #2718643684810686465-13-1676293356 - Holdem no limit (30/60) - 2023/02/13 13:02:36 UTC
Table: 'Expresso Nitro(632983559)#0' 3-max (real money) Seat #2 is the button
Seat 2: Mallena (150)
Seat 3: _SKR (750)
*** ANTE/BLINDS ***
Mallena posts small blind 30
_SKR posts big blind 60
Dealt to _SKR [As Qc]
*** PRE-FLOP *** 
Mallena folds
_SKR collected 90 from pot
*** SUMMARY ***
Total pot 90 | No rake
Seat 3: _SKR (big blind) won 90


Winamax Poker - Tournament "Expresso Nitro" buyIn: 0.93€ + 0.07€ level: 4 - HandId: #2718643684810686465-14-1676293370 - Holdem no limit (30/60) - 2023/02/13 13:02:50 UTC
Table: 'Expresso Nitro(632983559)#0' 3-max (real money) Seat #3 is the button
Seat 2: Mallena (120)
Seat 3: _SKR (780)
*** ANTE/BLINDS ***
_SKR posts small blind 30
Mallena posts big blind 60
Dealt to _SKR [Ah 9s]
*** PRE-FLOP *** 
_SKR raises 720 to 780 and is all-in
Mallena calls 60 and is all-in
*** FLOP *** [4s 8s Tc]
*** TURN *** [4s 8s Tc][5d]
*** RIVER *** [4s 8s Tc 5d][Kh]
*** SHOW DOWN ***
Mallena shows [Js 6c] (High card : King)
_SKR shows [Ah 9s] (High card : Ace)
_SKR collected 900 from pot
*** SUMMARY ***
Total pot 900 | No rake
Board: [4s 8s Tc 5d Kh]
Seat 2: Mallena (big blind) showed [Js 6c] and lost with High card : King
Seat 3: _SKR (small blind) (button) showed [Ah 9s] and won 900 with High card : Ace


