Winamax Poker - Tournament "Expresso Nitro" buyIn: 0.93€ + 0.07€ level: 1 - HandId: #2691967179078762497-1-1674775527 - Holdem no limit (10/20) - 2023/01/26 23:25:27 UTC
Table: 'Expresso Nitro(626772451)#0' 3-max (real money) Seat #2 is the button
Seat 1: darkfinar (300)
Seat 2: _SKR (300)
Seat 3: GTOMAX76 (300)
*** ANTE/BLINDS ***
GTOMAX76 posts small blind 10
darkfinar posts big blind 20
Dealt to _SKR [8s As]
*** PRE-FLOP *** 
_SKR raises 280 to 300 and is all-in
GTOMAX76 folds
darkfinar calls 280 and is all-in
*** FLOP *** [Kh 5h Ad]
*** TURN *** [Kh 5h Ad][2c]
*** RIVER *** [Kh 5h Ad 2c][5s]
*** SHOW DOWN ***
darkfinar shows [Kd 6d] (Two pairs : Kings and 5)
_SKR shows [8s As] (Two pairs : Aces and 5)
_SKR collected 610 from pot
*** SUMMARY ***
Total pot 610 | No rake
Board: [Kh 5h Ad 2c 5s]
Seat 1: darkfinar (big blind) showed [Kd 6d] and lost with Two pairs : Kings and 5
Seat 2: _SKR (button) showed [8s As] and won 610 with Two pairs : Aces and 5


Winamax Poker - Tournament "Expresso Nitro" buyIn: 0.93€ + 0.07€ level: 1 - HandId: #2691967179078762497-2-1674775555 - Holdem no limit (10/20) - 2023/01/26 23:25:55 UTC
Table: 'Expresso Nitro(626772451)#0' 3-max (real money) Seat #2 is the button
Seat 2: _SKR (610)
Seat 3: GTOMAX76 (290)
*** ANTE/BLINDS ***
_SKR posts small blind 10
GTOMAX76 posts big blind 20
Dealt to _SKR [6s Kc]
*** PRE-FLOP *** 
_SKR calls 10
GTOMAX76 checks
*** FLOP *** [2s Jd Ah]
GTOMAX76 checks
_SKR checks
*** TURN *** [2s Jd Ah][9s]
GTOMAX76 checks
_SKR checks
*** RIVER *** [2s Jd Ah 9s][4d]
GTOMAX76 checks
_SKR checks
*** SHOW DOWN ***
GTOMAX76 shows [7h 8c] (High card : Ace)
_SKR shows [6s Kc] (High card : Ace)
_SKR collected 40 from pot
*** SUMMARY ***
Total pot 40 | No rake
Board: [2s Jd Ah 9s 4d]
Seat 2: _SKR (small blind) (button) showed [6s Kc] and won 40 with High card : Ace
Seat 3: GTOMAX76 (big blind) showed [7h 8c] and lost with High card : Ace


Winamax Poker - Tournament "Expresso Nitro" buyIn: 0.93€ + 0.07€ level: 2 - HandId: #2691967179078762497-3-1674775602 - Holdem no limit (15/30) - 2023/01/26 23:26:42 UTC
Table: 'Expresso Nitro(626772451)#0' 3-max (real money) Seat #3 is the button
Seat 2: _SKR (630)
Seat 3: GTOMAX76 (270)
*** ANTE/BLINDS ***
GTOMAX76 posts small blind 15
_SKR posts big blind 30
Dealt to _SKR [6s Jd]
*** PRE-FLOP *** 
GTOMAX76 raises 30 to 60
_SKR folds
GTOMAX76 collected 90 from pot
*** SUMMARY ***
Total pot 90 | No rake
Seat 3: GTOMAX76 (small blind) (button) won 90


Winamax Poker - Tournament "Expresso Nitro" buyIn: 0.93€ + 0.07€ level: 2 - HandId: #2691967179078762497-4-1674775613 - Holdem no limit (15/30) - 2023/01/26 23:26:53 UTC
Table: 'Expresso Nitro(626772451)#0' 3-max (real money) Seat #2 is the button
Seat 2: _SKR (600)
Seat 3: GTOMAX76 (300)
*** ANTE/BLINDS ***
_SKR posts small blind 15
GTOMAX76 posts big blind 30
Dealt to _SKR [Qs Jd]
*** PRE-FLOP *** 
_SKR raises 570 to 600 and is all-in
GTOMAX76 folds
_SKR collected 630 from pot
*** SUMMARY ***
Total pot 630 | No rake
Seat 2: _SKR (small blind) (button) won 630


Winamax Poker - Tournament "Expresso Nitro" buyIn: 0.93€ + 0.07€ level: 2 - HandId: #2691967179078762497-5-1674775622 - Holdem no limit (15/30) - 2023/01/26 23:27:02 UTC
Table: 'Expresso Nitro(626772451)#0' 3-max (real money) Seat #3 is the button
Seat 2: _SKR (630)
Seat 3: GTOMAX76 (270)
*** ANTE/BLINDS ***
GTOMAX76 posts small blind 15
_SKR posts big blind 30
Dealt to _SKR [8d Tc]
*** PRE-FLOP *** 
GTOMAX76 raises 240 to 270 and is all-in
_SKR folds
GTOMAX76 collected 300 from pot
*** SUMMARY ***
Total pot 300 | No rake
Seat 3: GTOMAX76 (small blind) (button) won 300


Winamax Poker - Tournament "Expresso Nitro" buyIn: 0.93€ + 0.07€ level: 2 - HandId: #2691967179078762497-6-1674775642 - Holdem no limit (15/30) - 2023/01/26 23:27:22 UTC
Table: 'Expresso Nitro(626772451)#0' 3-max (real money) Seat #2 is the button
Seat 2: _SKR (600)
Seat 3: GTOMAX76 (300)
*** ANTE/BLINDS ***
_SKR posts small blind 15
GTOMAX76 posts big blind 30
Dealt to _SKR [5d 8h]
*** PRE-FLOP *** 
_SKR folds
GTOMAX76 collected 45 from pot
*** SUMMARY ***
Total pot 45 | No rake
Seat 3: GTOMAX76 (big blind) won 45


Winamax Poker - Tournament "Expresso Nitro" buyIn: 0.93€ + 0.07€ level: 3 - HandId: #2691967179078762497-7-1674775647 - Holdem no limit (20/40) - 2023/01/26 23:27:27 UTC
Table: 'Expresso Nitro(626772451)#0' 3-max (real money) Seat #3 is the button
Seat 2: _SKR (585)
Seat 3: GTOMAX76 (315)
*** ANTE/BLINDS ***
GTOMAX76 posts small blind 20
_SKR posts big blind 40
Dealt to _SKR [Js Qh]
*** PRE-FLOP *** 
GTOMAX76 folds
_SKR collected 60 from pot
*** SUMMARY ***
Total pot 60 | No rake
Seat 2: _SKR (big blind) won 60


Winamax Poker - Tournament "Expresso Nitro" buyIn: 0.93€ + 0.07€ level: 3 - HandId: #2691967179078762497-8-1674775658 - Holdem no limit (20/40) - 2023/01/26 23:27:38 UTC
Table: 'Expresso Nitro(626772451)#0' 3-max (real money) Seat #2 is the button
Seat 2: _SKR (605)
Seat 3: GTOMAX76 (295)
*** ANTE/BLINDS ***
_SKR posts small blind 20
GTOMAX76 posts big blind 40
Dealt to _SKR [Kc 5s]
*** PRE-FLOP *** 
_SKR raises 565 to 605 and is all-in
GTOMAX76 folds
_SKR collected 645 from pot
*** SUMMARY ***
Total pot 645 | No rake
Seat 2: _SKR (small blind) (button) won 645


Winamax Poker - Tournament "Expresso Nitro" buyIn: 0.93€ + 0.07€ level: 3 - HandId: #2691967179078762497-9-1674775665 - Holdem no limit (20/40) - 2023/01/26 23:27:45 UTC
Table: 'Expresso Nitro(626772451)#0' 3-max (real money) Seat #3 is the button
Seat 2: _SKR (645)
Seat 3: GTOMAX76 (255)
*** ANTE/BLINDS ***
GTOMAX76 posts small blind 20
_SKR posts big blind 40
Dealt to _SKR [4d Kd]
*** PRE-FLOP *** 
GTOMAX76 raises 215 to 255 and is all-in
_SKR calls 215
*** FLOP *** [5h Tc 7d]
*** TURN *** [5h Tc 7d][5c]
*** RIVER *** [5h Tc 7d 5c][6h]
*** SHOW DOWN ***
GTOMAX76 shows [Qh Jh] (One pair : 5)
_SKR shows [4d Kd] (One pair : 5)
_SKR collected 510 from pot
*** SUMMARY ***
Total pot 510 | No rake
Board: [5h Tc 7d 5c 6h]
Seat 2: _SKR (big blind) showed [4d Kd] and won 510 with One pair : 5
Seat 3: GTOMAX76 (small blind) (button) showed [Qh Jh] and lost with One pair : 5


