Winamax Poker - Tournament "Expresso Nitro" buyIn: 0.93€ + 0.07€ level: 1 - HandId: #2717935204185407489-1-1676240424 - Holdem no limit (10/20) - 2023/02/12 22:20:24 UTC
Table: 'Expresso Nitro(632818603)#0' 3-max (real money) Seat #2 is the button
Seat 1: _SKR (300)
Seat 2: josueAA (300)
Seat 3: Mpiii (300)
*** ANTE/BLINDS ***
Mpiii posts small blind 10
_SKR posts big blind 20
Dealt to _SKR [5d 3s]
*** PRE-FLOP *** 
josueAA calls 20
Mpiii calls 10
_SKR checks
*** FLOP *** [5s 3c 7h]
Mpiii checks
_SKR checks
josueAA checks
*** TURN *** [5s 3c 7h][Jc]
Mpiii checks
_SKR checks
josueAA checks
*** RIVER *** [5s 3c 7h Jc][Ah]
Mpiii checks
_SKR checks
josueAA checks
*** SHOW DOWN ***
josueAA shows [Td 8d] (High card : Ace)
Mpiii shows [Qh Th] (High card : Ace)
_SKR shows [5d 3s] (Two pairs : 5 and 3)
_SKR collected 60 from pot
*** SUMMARY ***
Total pot 60 | No rake
Board: [5s 3c 7h Jc Ah]
Seat 1: _SKR (big blind) showed [5d 3s] and won 60 with Two pairs : 5 and 3
Seat 2: josueAA (button) showed [Td 8d] and lost with High card : Ace
Seat 3: Mpiii (small blind) showed [Qh Th] and lost with High card : Ace


Winamax Poker - Tournament "Expresso Nitro" buyIn: 0.93€ + 0.07€ level: 1 - HandId: #2717935204185407489-2-1676240463 - Holdem no limit (10/20) - 2023/02/12 22:21:03 UTC
Table: 'Expresso Nitro(632818603)#0' 3-max (real money) Seat #3 is the button
Seat 1: _SKR (340)
Seat 2: josueAA (280)
Seat 3: Mpiii (280)
*** ANTE/BLINDS ***
_SKR posts small blind 10
josueAA posts big blind 20
Dealt to _SKR [9c 5c]
*** PRE-FLOP *** 
Mpiii folds
_SKR folds
josueAA collected 30 from pot
*** SUMMARY ***
Total pot 30 | No rake
Seat 2: josueAA (big blind) won 30


Winamax Poker - Tournament "Expresso Nitro" buyIn: 0.93€ + 0.07€ level: 1 - HandId: #2717935204185407489-3-1676240470 - Holdem no limit (10/20) - 2023/02/12 22:21:10 UTC
Table: 'Expresso Nitro(632818603)#0' 3-max (real money) Seat #1 is the button
Seat 1: _SKR (330)
Seat 2: josueAA (290)
Seat 3: Mpiii (280)
*** ANTE/BLINDS ***
josueAA posts small blind 10
Mpiii posts big blind 20
Dealt to _SKR [3h Jc]
*** PRE-FLOP *** 
_SKR folds
josueAA folds
Mpiii collected 30 from pot
*** SUMMARY ***
Total pot 30 | No rake
Seat 3: Mpiii (big blind) won 30


Winamax Poker - Tournament "Expresso Nitro" buyIn: 0.93€ + 0.07€ level: 1 - HandId: #2717935204185407489-4-1676240477 - Holdem no limit (10/20) - 2023/02/12 22:21:17 UTC
Table: 'Expresso Nitro(632818603)#0' 3-max (real money) Seat #2 is the button
Seat 1: _SKR (330)
Seat 2: josueAA (280)
Seat 3: Mpiii (290)
*** ANTE/BLINDS ***
Mpiii posts small blind 10
_SKR posts big blind 20
Dealt to _SKR [Js 5c]
*** PRE-FLOP *** 
josueAA folds
Mpiii calls 10
_SKR checks
*** FLOP *** [3h 4s Ts]
Mpiii checks
_SKR checks
*** TURN *** [3h 4s Ts][7s]
Mpiii checks
_SKR checks
*** RIVER *** [3h 4s Ts 7s][3d]
Mpiii checks
_SKR bets 26
Mpiii folds
_SKR collected 66 from pot
*** SUMMARY ***
Total pot 66 | No rake
Board: [3h 4s Ts 7s 3d]
Seat 1: _SKR (big blind) won 66


Winamax Poker - Tournament "Expresso Nitro" buyIn: 0.93€ + 0.07€ level: 2 - HandId: #2717935204185407489-5-1676240507 - Holdem no limit (15/30) - 2023/02/12 22:21:47 UTC
Table: 'Expresso Nitro(632818603)#0' 3-max (real money) Seat #3 is the button
Seat 1: _SKR (350)
Seat 2: josueAA (280)
Seat 3: Mpiii (270)
*** ANTE/BLINDS ***
_SKR posts small blind 15
josueAA posts big blind 30
Dealt to _SKR [2s Ad]
*** PRE-FLOP *** 
Mpiii folds
_SKR raises 320 to 350 and is all-in
josueAA folds
_SKR collected 380 from pot
*** SUMMARY ***
Total pot 380 | No rake
Seat 1: _SKR (small blind) won 380


Winamax Poker - Tournament "Expresso Nitro" buyIn: 0.93€ + 0.07€ level: 2 - HandId: #2717935204185407489-6-1676240514 - Holdem no limit (15/30) - 2023/02/12 22:21:54 UTC
Table: 'Expresso Nitro(632818603)#0' 3-max (real money) Seat #1 is the button
Seat 1: _SKR (380)
Seat 2: josueAA (250)
Seat 3: Mpiii (270)
*** ANTE/BLINDS ***
josueAA posts small blind 15
Mpiii posts big blind 30
Dealt to _SKR [Ac 3d]
*** PRE-FLOP *** 
_SKR raises 350 to 380 and is all-in
josueAA calls 235 and is all-in
Mpiii folds
*** FLOP *** [9h 9c 7h]
*** TURN *** [9h 9c 7h][Kh]
*** RIVER *** [9h 9c 7h Kh][Kd]
*** SHOW DOWN ***
_SKR shows [Ac 3d] (Two pairs : Kings and 9)
josueAA shows [Ad 5h] (Two pairs : Kings and 9)
josueAA collected 265 from main pot
_SKR collected 395 from side pot 1
*** SUMMARY ***
Total pot 660 | No rake
Board: [9h 9c 7h Kh Kd]
Seat 1: _SKR (button) showed [Ac 3d] and won 395 with Two pairs : Kings and 9
Seat 2: josueAA (small blind) showed [Ad 5h] and won 265 with Two pairs : Kings and 9


Winamax Poker - Tournament "Expresso Nitro" buyIn: 0.93€ + 0.07€ level: 2 - HandId: #2717935204185407489-7-1676240527 - Holdem no limit (15/30) - 2023/02/12 22:22:07 UTC
Table: 'Expresso Nitro(632818603)#0' 3-max (real money) Seat #2 is the button
Seat 1: _SKR (395)
Seat 2: josueAA (265)
Seat 3: Mpiii (240)
*** ANTE/BLINDS ***
Mpiii posts small blind 15
_SKR posts big blind 30
Dealt to _SKR [Qc 6c]
*** PRE-FLOP *** 
josueAA raises 235 to 265 and is all-in
Mpiii folds
_SKR folds
josueAA collected 310 from pot
*** SUMMARY ***
Total pot 310 | No rake
Seat 2: josueAA (button) won 310


Winamax Poker - Tournament "Expresso Nitro" buyIn: 0.93€ + 0.07€ level: 3 - HandId: #2717935204185407489-8-1676240543 - Holdem no limit (20/40) - 2023/02/12 22:22:23 UTC
Table: 'Expresso Nitro(632818603)#0' 3-max (real money) Seat #3 is the button
Seat 1: _SKR (365)
Seat 2: josueAA (310)
Seat 3: Mpiii (225)
*** ANTE/BLINDS ***
_SKR posts small blind 20
josueAA posts big blind 40
Dealt to _SKR [Jc 4d]
*** PRE-FLOP *** 
Mpiii calls 40
_SKR folds
josueAA checks
*** FLOP *** [Ts 7d Kc]
josueAA checks
Mpiii bets 40
josueAA folds
Mpiii collected 140 from pot
*** SUMMARY ***
Total pot 140 | No rake
Board: [Ts 7d Kc]
Seat 3: Mpiii (button) won 140


Winamax Poker - Tournament "Expresso Nitro" buyIn: 0.93€ + 0.07€ level: 3 - HandId: #2717935204185407489-9-1676240556 - Holdem no limit (20/40) - 2023/02/12 22:22:36 UTC
Table: 'Expresso Nitro(632818603)#0' 3-max (real money) Seat #1 is the button
Seat 1: _SKR (345)
Seat 2: josueAA (270)
Seat 3: Mpiii (285)
*** ANTE/BLINDS ***
josueAA posts small blind 20
Mpiii posts big blind 40
Dealt to _SKR [Tc 2h]
*** PRE-FLOP *** 
_SKR folds
josueAA calls 20
Mpiii checks
*** FLOP *** [7c 3h Qh]
josueAA bets 52
Mpiii folds
josueAA collected 132 from pot
*** SUMMARY ***
Total pot 132 | No rake
Board: [7c 3h Qh]
Seat 2: josueAA (small blind) won 132


Winamax Poker - Tournament "Expresso Nitro" buyIn: 0.93€ + 0.07€ level: 3 - HandId: #2717935204185407489-10-1676240569 - Holdem no limit (20/40) - 2023/02/12 22:22:49 UTC
Table: 'Expresso Nitro(632818603)#0' 3-max (real money) Seat #2 is the button
Seat 1: _SKR (345)
Seat 2: josueAA (310)
Seat 3: Mpiii (245)
*** ANTE/BLINDS ***
Mpiii posts small blind 20
_SKR posts big blind 40
Dealt to _SKR [3s 5d]
*** PRE-FLOP *** 
josueAA folds
Mpiii calls 20
_SKR checks
*** FLOP *** [7h 3c Tc]
Mpiii bets 40
_SKR calls 40
*** TURN *** [7h 3c Tc][As]
Mpiii bets 40
_SKR calls 40
*** RIVER *** [7h 3c Tc As][Kd]
Mpiii checks
_SKR checks
*** SHOW DOWN ***
Mpiii shows [9h 8s] (High card : Ace)
_SKR shows [3s 5d] (One pair : 3)
_SKR collected 240 from pot
*** SUMMARY ***
Total pot 240 | No rake
Board: [7h 3c Tc As Kd]
Seat 1: _SKR (big blind) showed [3s 5d] and won 240 with One pair : 3
Seat 3: Mpiii (small blind) showed [9h 8s] and lost with High card : Ace


Winamax Poker - Tournament "Expresso Nitro" buyIn: 0.93€ + 0.07€ level: 4 - HandId: #2717935204185407489-11-1676240606 - Holdem no limit (30/60) - 2023/02/12 22:23:26 UTC
Table: 'Expresso Nitro(632818603)#0' 3-max (real money) Seat #3 is the button
Seat 1: _SKR (465)
Seat 2: josueAA (310)
Seat 3: Mpiii (125)
*** ANTE/BLINDS ***
_SKR posts small blind 30
josueAA posts big blind 60
Dealt to _SKR [9h 5h]
*** PRE-FLOP *** 
Mpiii folds
_SKR calls 30
josueAA checks
*** FLOP *** [9s 7s Qd]
_SKR checks
josueAA bets 78
_SKR folds
josueAA collected 198 from pot
*** SUMMARY ***
Total pot 198 | No rake
Board: [9s 7s Qd]
Seat 2: josueAA (big blind) won 198


Winamax Poker - Tournament "Expresso Nitro" buyIn: 0.93€ + 0.07€ level: 4 - HandId: #2717935204185407489-12-1676240626 - Holdem no limit (30/60) - 2023/02/12 22:23:46 UTC
Table: 'Expresso Nitro(632818603)#0' 3-max (real money) Seat #1 is the button
Seat 1: _SKR (405)
Seat 2: josueAA (370)
Seat 3: Mpiii (125)
*** ANTE/BLINDS ***
josueAA posts small blind 30
Mpiii posts big blind 60
Dealt to _SKR [Qc Kd]
*** PRE-FLOP *** 
_SKR raises 345 to 405 and is all-in
josueAA calls 340 and is all-in
Mpiii folds
*** FLOP *** [Jc 9c 5c]
*** TURN *** [Jc 9c 5c][6d]
*** RIVER *** [Jc 9c 5c 6d][4c]
*** SHOW DOWN ***
josueAA shows [Ad 8d] (High card : Ace)
_SKR shows [Qc Kd] (Flush Queen high)
_SKR collected 835 from pot
*** SUMMARY ***
Total pot 835 | No rake
Board: [Jc 9c 5c 6d 4c]
Seat 1: _SKR (button) showed [Qc Kd] and won 835 with Flush Queen high
Seat 2: josueAA (small blind) showed [Ad 8d] and lost with High card : Ace


Winamax Poker - Tournament "Expresso Nitro" buyIn: 0.93€ + 0.07€ level: 4 - HandId: #2717935204185407489-13-1676240650 - Holdem no limit (30/60) - 2023/02/12 22:24:10 UTC
Table: 'Expresso Nitro(632818603)#0' 3-max (real money) Seat #3 is the button
Seat 1: _SKR (835)
Seat 3: Mpiii (65)
*** ANTE/BLINDS ***
Mpiii posts small blind 30
_SKR posts big blind 60
Dealt to _SKR [Jc Qh]
*** PRE-FLOP *** 
Mpiii raises 5 to 65 and is all-in
_SKR calls 5
*** FLOP *** [4s 8d 8c]
*** TURN *** [4s 8d 8c][5s]
*** RIVER *** [4s 8d 8c 5s][4h]
*** SHOW DOWN ***
_SKR shows [Jc Qh] (Two pairs : 8 and 4)
Mpiii shows [7s Qs] (Two pairs : 8 and 4)
Mpiii collected 65 from pot
_SKR collected 65 from pot
*** SUMMARY ***
Total pot 130 | No rake
Board: [4s 8d 8c 5s 4h]
Seat 1: _SKR (big blind) showed [Jc Qh] and won 65 with Two pairs : 8 and 4
Seat 3: Mpiii (small blind) (button) showed [7s Qs] and won 65 with Two pairs : 8 and 4


Winamax Poker - Tournament "Expresso Nitro" buyIn: 0.93€ + 0.07€ level: 5 - HandId: #2717935204185407489-14-1676240663 - Holdem no limit (40/80) - 2023/02/12 22:24:23 UTC
Table: 'Expresso Nitro(632818603)#0' 3-max (real money) Seat #1 is the button
Seat 1: _SKR (835)
Seat 3: Mpiii (65)
*** ANTE/BLINDS ***
_SKR posts small blind 40
Mpiii posts big blind 65 and is all-in
Dealt to _SKR [7d Ah]
*** PRE-FLOP *** 
_SKR raises 95 to 160
*** FLOP *** [7s Ks 3h]
*** TURN *** [7s Ks 3h][Ts]
*** RIVER *** [7s Ks 3h Ts][5s]
*** SHOW DOWN ***
Mpiii shows [5c 2d] (One pair : 5)
_SKR shows [7d Ah] (One pair : 7)
_SKR collected 225 from pot
*** SUMMARY ***
Total pot 225 | No rake
Board: [7s Ks 3h Ts 5s]
Seat 1: _SKR (small blind) (button) showed [7d Ah] and won 225 with One pair : 7
Seat 3: Mpiii (big blind) showed [5c 2d] and lost with One pair : 5


