Winamax Poker - Tournament "Expresso Nitro" buyIn: 1.86€ + 0.14€ level: 1 - HandId: #2698256789316567041-1-1675187689 - Holdem no limit (10/20) - 2023/01/31 17:54:49 UTC
Table: 'Expresso Nitro(628236865)#0' 3-max (real money) Seat #1 is the button
Seat 1: Petrov94 (300)
Seat 2: _SKR (300)
Seat 3: jpiquetsous (300)
*** ANTE/BLINDS ***
_SKR posts small blind 10
jpiquetsous posts big blind 20
Dealt to _SKR [Jc Jh]
*** PRE-FLOP *** 
Petrov94 folds
_SKR raises 280 to 300 and is all-in
jpiquetsous folds
_SKR collected 320 from pot
*** SUMMARY ***
Total pot 320 | No rake
Seat 2: _SKR (small blind) won 320


Winamax Poker - Tournament "Expresso Nitro" buyIn: 1.86€ + 0.14€ level: 1 - HandId: #2698256789316567041-2-1675187698 - Holdem no limit (10/20) - 2023/01/31 17:54:58 UTC
Table: 'Expresso Nitro(628236865)#0' 3-max (real money) Seat #2 is the button
Seat 1: Petrov94 (300)
Seat 2: _SKR (320)
Seat 3: jpiquetsous (280)
*** ANTE/BLINDS ***
jpiquetsous posts small blind 10
Petrov94 posts big blind 20
Dealt to _SKR [4c 8c]
*** PRE-FLOP *** 
_SKR folds
jpiquetsous calls 10
Petrov94 checks
*** FLOP *** [2d 6d Jh]
jpiquetsous bets 20
Petrov94 calls 20
*** TURN *** [2d 6d Jh][4d]
jpiquetsous bets 40
Petrov94 calls 40
*** RIVER *** [2d 6d Jh 4d][Kh]
jpiquetsous bets 200 and is all-in
Petrov94 folds
jpiquetsous collected 360 from pot
*** SUMMARY ***
Total pot 360 | No rake
Board: [2d 6d Jh 4d Kh]
Seat 3: jpiquetsous (small blind) won 360


Winamax Poker - Tournament "Expresso Nitro" buyIn: 1.86€ + 0.14€ level: 1 - HandId: #2698256789316567041-3-1675187724 - Holdem no limit (10/20) - 2023/01/31 17:55:24 UTC
Table: 'Expresso Nitro(628236865)#0' 3-max (real money) Seat #3 is the button
Seat 1: Petrov94 (220)
Seat 2: _SKR (320)
Seat 3: jpiquetsous (360)
*** ANTE/BLINDS ***
Petrov94 posts small blind 10
_SKR posts big blind 20
Dealt to _SKR [6s 8h]
*** PRE-FLOP *** 
jpiquetsous folds
Petrov94 folds
_SKR collected 30 from pot
*** SUMMARY ***
Total pot 30 | No rake
Seat 2: _SKR (big blind) won 30


Winamax Poker - Tournament "Expresso Nitro" buyIn: 1.86€ + 0.14€ level: 1 - HandId: #2698256789316567041-4-1675187728 - Holdem no limit (10/20) - 2023/01/31 17:55:28 UTC
Table: 'Expresso Nitro(628236865)#0' 3-max (real money) Seat #1 is the button
Seat 1: Petrov94 (210)
Seat 2: _SKR (330)
Seat 3: jpiquetsous (360)
*** ANTE/BLINDS ***
_SKR posts small blind 10
jpiquetsous posts big blind 20
Dealt to _SKR [2s 2d]
*** PRE-FLOP *** 
Petrov94 folds
_SKR raises 310 to 330 and is all-in
jpiquetsous folds
_SKR collected 350 from pot
*** SUMMARY ***
Total pot 350 | No rake
Seat 2: _SKR (small blind) won 350


Winamax Poker - Tournament "Expresso Nitro" buyIn: 1.86€ + 0.14€ level: 1 - HandId: #2698256789316567041-5-1675187740 - Holdem no limit (10/20) - 2023/01/31 17:55:40 UTC
Table: 'Expresso Nitro(628236865)#0' 3-max (real money) Seat #2 is the button
Seat 1: Petrov94 (210)
Seat 2: _SKR (350)
Seat 3: jpiquetsous (340)
*** ANTE/BLINDS ***
jpiquetsous posts small blind 10
Petrov94 posts big blind 20
Dealt to _SKR [7c Qc]
*** PRE-FLOP *** 
_SKR folds
jpiquetsous raises 20 to 40
Petrov94 calls 20
*** FLOP *** [3s 5h Tc]
jpiquetsous bets 20
Petrov94 calls 20
*** TURN *** [3s 5h Tc][5s]
jpiquetsous checks
Petrov94 checks
*** RIVER *** [3s 5h Tc 5s][6s]
jpiquetsous checks
Petrov94 bets 78
jpiquetsous folds
Petrov94 collected 198 from pot
*** SUMMARY ***
Total pot 198 | No rake
Board: [3s 5h Tc 5s 6s]
Seat 1: Petrov94 (big blind) won 198


Winamax Poker - Tournament "Expresso Nitro" buyIn: 1.86€ + 0.14€ level: 2 - HandId: #2698256789316567041-6-1675187764 - Holdem no limit (15/30) - 2023/01/31 17:56:04 UTC
Table: 'Expresso Nitro(628236865)#0' 3-max (real money) Seat #3 is the button
Seat 1: Petrov94 (270)
Seat 2: _SKR (350)
Seat 3: jpiquetsous (280)
*** ANTE/BLINDS ***
Petrov94 posts small blind 15
_SKR posts big blind 30
Dealt to _SKR [6h Jh]
*** PRE-FLOP *** 
jpiquetsous raises 250 to 280 and is all-in
Petrov94 calls 255 and is all-in
_SKR folds
*** FLOP *** [9c 9s Qc]
*** TURN *** [9c 9s Qc][5s]
*** RIVER *** [9c 9s Qc 5s][Ah]
*** SHOW DOWN ***
Petrov94 shows [8h 8s] (Two pairs : 9 and 8)
jpiquetsous shows [Qd As] (Two pairs : Aces and Queens)
jpiquetsous collected 580 from pot
*** SUMMARY ***
Total pot 580 | No rake
Board: [9c 9s Qc 5s Ah]
Seat 1: Petrov94 (small blind) showed [8h 8s] and lost with Two pairs : 9 and 8
Seat 3: jpiquetsous (button) showed [Qd As] and won 580 with Two pairs : Aces and Queens


Winamax Poker - Tournament "Expresso Nitro" buyIn: 1.86€ + 0.14€ level: 2 - HandId: #2698256789316567041-7-1675187782 - Holdem no limit (15/30) - 2023/01/31 17:56:22 UTC
Table: 'Expresso Nitro(628236865)#0' 3-max (real money) Seat #2 is the button
Seat 2: _SKR (320)
Seat 3: jpiquetsous (580)
*** ANTE/BLINDS ***
_SKR posts small blind 15
jpiquetsous posts big blind 30
Dealt to _SKR [Kh 3d]
*** PRE-FLOP *** 
_SKR calls 15
jpiquetsous checks
*** FLOP *** [5s 8s 7s]
jpiquetsous checks
_SKR checks
*** TURN *** [5s 8s 7s][4c]
jpiquetsous checks
_SKR checks
*** RIVER *** [5s 8s 7s 4c][Jc]
jpiquetsous bets 75
_SKR folds
jpiquetsous collected 135 from pot
*** SUMMARY ***
Total pot 135 | No rake
Board: [5s 8s 7s 4c Jc]
Seat 3: jpiquetsous (big blind) won 135


Winamax Poker - Tournament "Expresso Nitro" buyIn: 1.86€ + 0.14€ level: 3 - HandId: #2698256789316567041-8-1675187818 - Holdem no limit (20/40) - 2023/01/31 17:56:58 UTC
Table: 'Expresso Nitro(628236865)#0' 3-max (real money) Seat #3 is the button
Seat 2: _SKR (290)
Seat 3: jpiquetsous (610)
*** ANTE/BLINDS ***
jpiquetsous posts small blind 20
_SKR posts big blind 40
Dealt to _SKR [9c 8d]
*** PRE-FLOP *** 
jpiquetsous raises 570 to 610 and is all-in
_SKR folds
jpiquetsous collected 650 from pot
*** SUMMARY ***
Total pot 650 | No rake
Seat 3: jpiquetsous (small blind) (button) won 650


Winamax Poker - Tournament "Expresso Nitro" buyIn: 1.86€ + 0.14€ level: 3 - HandId: #2698256789316567041-9-1675187837 - Holdem no limit (20/40) - 2023/01/31 17:57:17 UTC
Table: 'Expresso Nitro(628236865)#0' 3-max (real money) Seat #2 is the button
Seat 2: _SKR (250)
Seat 3: jpiquetsous (650)
*** ANTE/BLINDS ***
_SKR posts small blind 20
jpiquetsous posts big blind 40
Dealt to _SKR [Qs 3c]
*** PRE-FLOP *** 
_SKR raises 210 to 250 and is all-in
jpiquetsous calls 210
*** FLOP *** [4c 7d 5c]
*** TURN *** [4c 7d 5c][6d]
*** RIVER *** [4c 7d 5c 6d][7c]
*** SHOW DOWN ***
jpiquetsous shows [Tc Th] (Two pairs : Tens and 7)
_SKR shows [Qs 3c] (Straight 7 high)
_SKR collected 500 from pot
*** SUMMARY ***
Total pot 500 | No rake
Board: [4c 7d 5c 6d 7c]
Seat 2: _SKR (small blind) (button) showed [Qs 3c] and won 500 with Straight 7 high
Seat 3: jpiquetsous (big blind) showed [Tc Th] and lost with Two pairs : Tens and 7


Winamax Poker - Tournament "Expresso Nitro" buyIn: 1.86€ + 0.14€ level: 3 - HandId: #2698256789316567041-10-1675187855 - Holdem no limit (20/40) - 2023/01/31 17:57:35 UTC
Table: 'Expresso Nitro(628236865)#0' 3-max (real money) Seat #3 is the button
Seat 2: _SKR (500)
Seat 3: jpiquetsous (400)
*** ANTE/BLINDS ***
jpiquetsous posts small blind 20
_SKR posts big blind 40
Dealt to _SKR [Td 3d]
*** PRE-FLOP *** 
jpiquetsous folds
_SKR collected 60 from pot
*** SUMMARY ***
Total pot 60 | No rake
Seat 2: _SKR (big blind) won 60


Winamax Poker - Tournament "Expresso Nitro" buyIn: 1.86€ + 0.14€ level: 3 - HandId: #2698256789316567041-11-1675187863 - Holdem no limit (20/40) - 2023/01/31 17:57:43 UTC
Table: 'Expresso Nitro(628236865)#0' 3-max (real money) Seat #2 is the button
Seat 2: _SKR (520)
Seat 3: jpiquetsous (380)
*** ANTE/BLINDS ***
_SKR posts small blind 20
jpiquetsous posts big blind 40
Dealt to _SKR [Ts 6h]
*** PRE-FLOP *** 
_SKR folds
jpiquetsous collected 60 from pot
*** SUMMARY ***
Total pot 60 | No rake
Seat 3: jpiquetsous (big blind) won 60


Winamax Poker - Tournament "Expresso Nitro" buyIn: 1.86€ + 0.14€ level: 4 - HandId: #2698256789316567041-12-1675187868 - Holdem no limit (30/60) - 2023/01/31 17:57:48 UTC
Table: 'Expresso Nitro(628236865)#0' 3-max (real money) Seat #3 is the button
Seat 2: _SKR (500)
Seat 3: jpiquetsous (400)
*** ANTE/BLINDS ***
jpiquetsous posts small blind 30
_SKR posts big blind 60
Dealt to _SKR [7h Ts]
*** PRE-FLOP *** 
jpiquetsous folds
_SKR collected 90 from pot
*** SUMMARY ***
Total pot 90 | No rake
Seat 2: _SKR (big blind) won 90


Winamax Poker - Tournament "Expresso Nitro" buyIn: 1.86€ + 0.14€ level: 4 - HandId: #2698256789316567041-13-1675187874 - Holdem no limit (30/60) - 2023/01/31 17:57:54 UTC
Table: 'Expresso Nitro(628236865)#0' 3-max (real money) Seat #2 is the button
Seat 2: _SKR (530)
Seat 3: jpiquetsous (370)
*** ANTE/BLINDS ***
_SKR posts small blind 30
jpiquetsous posts big blind 60
Dealt to _SKR [2d 4s]
*** PRE-FLOP *** 
_SKR folds
jpiquetsous collected 90 from pot
*** SUMMARY ***
Total pot 90 | No rake
Seat 3: jpiquetsous (big blind) won 90


Winamax Poker - Tournament "Expresso Nitro" buyIn: 1.86€ + 0.14€ level: 4 - HandId: #2698256789316567041-14-1675187878 - Holdem no limit (30/60) - 2023/01/31 17:57:58 UTC
Table: 'Expresso Nitro(628236865)#0' 3-max (real money) Seat #3 is the button
Seat 2: _SKR (500)
Seat 3: jpiquetsous (400)
*** ANTE/BLINDS ***
jpiquetsous posts small blind 30
_SKR posts big blind 60
Dealt to _SKR [2s 5h]
*** PRE-FLOP *** 
jpiquetsous folds
_SKR collected 90 from pot
*** SUMMARY ***
Total pot 90 | No rake
Seat 2: _SKR (big blind) won 90


Winamax Poker - Tournament "Expresso Nitro" buyIn: 1.86€ + 0.14€ level: 4 - HandId: #2698256789316567041-15-1675187883 - Holdem no limit (30/60) - 2023/01/31 17:58:03 UTC
Table: 'Expresso Nitro(628236865)#0' 3-max (real money) Seat #2 is the button
Seat 2: _SKR (530)
Seat 3: jpiquetsous (370)
*** ANTE/BLINDS ***
_SKR posts small blind 30
jpiquetsous posts big blind 60
Dealt to _SKR [Tc Kh]
*** PRE-FLOP *** 
_SKR raises 470 to 530 and is all-in
jpiquetsous folds
_SKR collected 590 from pot
*** SUMMARY ***
Total pot 590 | No rake
Seat 2: _SKR (small blind) (button) won 590


Winamax Poker - Tournament "Expresso Nitro" buyIn: 1.86€ + 0.14€ level: 4 - HandId: #2698256789316567041-16-1675187895 - Holdem no limit (30/60) - 2023/01/31 17:58:15 UTC
Table: 'Expresso Nitro(628236865)#0' 3-max (real money) Seat #3 is the button
Seat 2: _SKR (590)
Seat 3: jpiquetsous (310)
*** ANTE/BLINDS ***
jpiquetsous posts small blind 30
_SKR posts big blind 60
Dealt to _SKR [4c Jd]
*** PRE-FLOP *** 
jpiquetsous folds
_SKR collected 90 from pot
*** SUMMARY ***
Total pot 90 | No rake
Seat 2: _SKR (big blind) won 90


Winamax Poker - Tournament "Expresso Nitro" buyIn: 1.86€ + 0.14€ level: 4 - HandId: #2698256789316567041-17-1675187899 - Holdem no limit (30/60) - 2023/01/31 17:58:19 UTC
Table: 'Expresso Nitro(628236865)#0' 3-max (real money) Seat #2 is the button
Seat 2: _SKR (620)
Seat 3: jpiquetsous (280)
*** ANTE/BLINDS ***
_SKR posts small blind 30
jpiquetsous posts big blind 60
Dealt to _SKR [3s 6s]
*** PRE-FLOP *** 
_SKR folds
jpiquetsous collected 90 from pot
*** SUMMARY ***
Total pot 90 | No rake
Seat 3: jpiquetsous (big blind) won 90


Winamax Poker - Tournament "Expresso Nitro" buyIn: 1.86€ + 0.14€ level: 4 - HandId: #2698256789316567041-18-1675187904 - Holdem no limit (30/60) - 2023/01/31 17:58:24 UTC
Table: 'Expresso Nitro(628236865)#0' 3-max (real money) Seat #3 is the button
Seat 2: _SKR (590)
Seat 3: jpiquetsous (310)
*** ANTE/BLINDS ***
jpiquetsous posts small blind 30
_SKR posts big blind 60
Dealt to _SKR [7c 4d]
*** PRE-FLOP *** 
jpiquetsous raises 250 to 310 and is all-in
_SKR folds
jpiquetsous collected 370 from pot
*** SUMMARY ***
Total pot 370 | No rake
Seat 3: jpiquetsous (small blind) (button) won 370


Winamax Poker - Tournament "Expresso Nitro" buyIn: 1.86€ + 0.14€ level: 4 - HandId: #2698256789316567041-19-1675187910 - Holdem no limit (30/60) - 2023/01/31 17:58:30 UTC
Table: 'Expresso Nitro(628236865)#0' 3-max (real money) Seat #2 is the button
Seat 2: _SKR (530)
Seat 3: jpiquetsous (370)
*** ANTE/BLINDS ***
_SKR posts small blind 30
jpiquetsous posts big blind 60
Dealt to _SKR [3h 5s]
*** PRE-FLOP *** 
_SKR folds
jpiquetsous collected 90 from pot
*** SUMMARY ***
Total pot 90 | No rake
Seat 3: jpiquetsous (big blind) won 90


Winamax Poker - Tournament "Expresso Nitro" buyIn: 1.86€ + 0.14€ level: 4 - HandId: #2698256789316567041-20-1675187914 - Holdem no limit (30/60) - 2023/01/31 17:58:34 UTC
Table: 'Expresso Nitro(628236865)#0' 3-max (real money) Seat #3 is the button
Seat 2: _SKR (500)
Seat 3: jpiquetsous (400)
*** ANTE/BLINDS ***
jpiquetsous posts small blind 30
_SKR posts big blind 60
Dealt to _SKR [2h 4h]
*** PRE-FLOP *** 
jpiquetsous folds
_SKR collected 90 from pot
*** SUMMARY ***
Total pot 90 | No rake
Seat 2: _SKR (big blind) won 90


Winamax Poker - Tournament "Expresso Nitro" buyIn: 1.86€ + 0.14€ level: 4 - HandId: #2698256789316567041-21-1675187917 - Holdem no limit (30/60) - 2023/01/31 17:58:37 UTC
Table: 'Expresso Nitro(628236865)#0' 3-max (real money) Seat #2 is the button
Seat 2: _SKR (530)
Seat 3: jpiquetsous (370)
*** ANTE/BLINDS ***
_SKR posts small blind 30
jpiquetsous posts big blind 60
Dealt to _SKR [9s Qc]
*** PRE-FLOP *** 
_SKR raises 470 to 530 and is all-in
jpiquetsous folds
_SKR collected 590 from pot
*** SUMMARY ***
Total pot 590 | No rake
Seat 2: _SKR (small blind) (button) won 590


Winamax Poker - Tournament "Expresso Nitro" buyIn: 1.86€ + 0.14€ level: 4 - HandId: #2698256789316567041-22-1675187923 - Holdem no limit (30/60) - 2023/01/31 17:58:43 UTC
Table: 'Expresso Nitro(628236865)#0' 3-max (real money) Seat #3 is the button
Seat 2: _SKR (590)
Seat 3: jpiquetsous (310)
*** ANTE/BLINDS ***
jpiquetsous posts small blind 30
_SKR posts big blind 60
Dealt to _SKR [3h 3c]
*** PRE-FLOP *** 
jpiquetsous raises 250 to 310 and is all-in
_SKR raises 250 to 560
*** FLOP *** [3d Qd Jh]
*** TURN *** [3d Qd Jh][Kh]
*** RIVER *** [3d Qd Jh Kh][5h]
*** SHOW DOWN ***
jpiquetsous shows [Qc 9d] (One pair : Queens)
_SKR shows [3h 3c] (Trips of 3)
_SKR collected 870 from pot
*** SUMMARY ***
Total pot 870 | No rake
Board: [3d Qd Jh Kh 5h]
Seat 2: _SKR (big blind) showed [3h 3c] and won 870 with Trips of 3
Seat 3: jpiquetsous (small blind) (button) showed [Qc 9d] and lost with One pair : Queens


