Winamax Poker - Tournament "Expresso Nitro" buyIn: 1.86€ + 0.14€ level: 1 - HandId: #2694795543892197377-1-1674958068 - Holdem no limit (10/20) - 2023/01/29 02:07:48 UTC
Table: 'Expresso Nitro(627430981)#0' 3-max (real money) Seat #2 is the button
Seat 1: Rafa775 (300)
Seat 2: _SKR (300)
Seat 3: bro cztahk (300)
*** ANTE/BLINDS ***
bro cztahk posts small blind 10
Rafa775 posts big blind 20
Dealt to _SKR [Jc 8h]
*** PRE-FLOP *** 
_SKR folds
bro cztahk calls 10
Rafa775 checks
*** FLOP *** [Kh 6c 9c]
bro cztahk bets 26
Rafa775 calls 26
*** TURN *** [Kh 6c 9c][4h]
bro cztahk bets 32
Rafa775 calls 32
*** RIVER *** [Kh 6c 9c 4h][8d]
bro cztahk checks
Rafa775 bets 222 and is all-in
bro cztahk calls 222 and is all-in
*** SHOW DOWN ***
bro cztahk shows [Qd 6s] (One pair : 6)
Rafa775 shows [Th 8c] (One pair : 8)
Rafa775 collected 600 from pot
*** SUMMARY ***
Total pot 600 | No rake
Board: [Kh 6c 9c 4h 8d]
Seat 1: Rafa775 (big blind) showed [Th 8c] and won 600 with One pair : 8
Seat 3: bro cztahk (small blind) showed [Qd 6s] and lost with One pair : 6


Winamax Poker - Tournament "Expresso Nitro" buyIn: 1.86€ + 0.14€ level: 1 - HandId: #2694795543892197377-2-1674958094 - Holdem no limit (10/20) - 2023/01/29 02:08:14 UTC
Table: 'Expresso Nitro(627430981)#0' 3-max (real money) Seat #1 is the button
Seat 1: Rafa775 (600)
Seat 2: _SKR (300)
*** ANTE/BLINDS ***
Rafa775 posts small blind 10
_SKR posts big blind 20
Dealt to _SKR [6d 9c]
*** PRE-FLOP *** 
Rafa775 raises 20 to 40
_SKR folds
Rafa775 collected 60 from pot
*** SUMMARY ***
Total pot 60 | No rake
Seat 1: Rafa775 (small blind) (button) won 60


Winamax Poker - Tournament "Expresso Nitro" buyIn: 1.86€ + 0.14€ level: 1 - HandId: #2694795543892197377-3-1674958105 - Holdem no limit (10/20) - 2023/01/29 02:08:25 UTC
Table: 'Expresso Nitro(627430981)#0' 3-max (real money) Seat #2 is the button
Seat 1: Rafa775 (620)
Seat 2: _SKR (280)
*** ANTE/BLINDS ***
_SKR posts small blind 10
Rafa775 posts big blind 20
Dealt to _SKR [2s 3d]
*** PRE-FLOP *** 
_SKR folds
Rafa775 collected 30 from pot
*** SUMMARY ***
Total pot 30 | No rake
Seat 1: Rafa775 (big blind) won 30


Winamax Poker - Tournament "Expresso Nitro" buyIn: 1.86€ + 0.14€ level: 1 - HandId: #2694795543892197377-4-1674958111 - Holdem no limit (10/20) - 2023/01/29 02:08:31 UTC
Table: 'Expresso Nitro(627430981)#0' 3-max (real money) Seat #1 is the button
Seat 1: Rafa775 (630)
Seat 2: _SKR (270)
*** ANTE/BLINDS ***
Rafa775 posts small blind 10
_SKR posts big blind 20
Dealt to _SKR [9c 9h]
*** PRE-FLOP *** 
Rafa775 raises 20 to 40
_SKR raises 230 to 270 and is all-in
Rafa775 calls 230
*** FLOP *** [Ac 2h 6c]
*** TURN *** [Ac 2h 6c][4c]
*** RIVER *** [Ac 2h 6c 4c][9d]
*** SHOW DOWN ***
Rafa775 shows [Ad 7c] (One pair : Aces)
_SKR shows [9c 9h] (Trips of 9)
_SKR collected 540 from pot
*** SUMMARY ***
Total pot 540 | No rake
Board: [Ac 2h 6c 4c 9d]
Seat 1: Rafa775 (small blind) (button) showed [Ad 7c] and lost with One pair : Aces
Seat 2: _SKR (big blind) showed [9c 9h] and won 540 with Trips of 9


Winamax Poker - Tournament "Expresso Nitro" buyIn: 1.86€ + 0.14€ level: 2 - HandId: #2694795543892197377-5-1674958126 - Holdem no limit (15/30) - 2023/01/29 02:08:46 UTC
Table: 'Expresso Nitro(627430981)#0' 3-max (real money) Seat #2 is the button
Seat 1: Rafa775 (360)
Seat 2: _SKR (540)
*** ANTE/BLINDS ***
_SKR posts small blind 15
Rafa775 posts big blind 30
Dealt to _SKR [4c Ah]
*** PRE-FLOP *** 
_SKR raises 510 to 540 and is all-in
Rafa775 folds
_SKR collected 570 from pot
*** SUMMARY ***
Total pot 570 | No rake
Seat 2: _SKR (small blind) (button) won 570


Winamax Poker - Tournament "Expresso Nitro" buyIn: 1.86€ + 0.14€ level: 2 - HandId: #2694795543892197377-6-1674958136 - Holdem no limit (15/30) - 2023/01/29 02:08:56 UTC
Table: 'Expresso Nitro(627430981)#0' 3-max (real money) Seat #1 is the button
Seat 1: Rafa775 (330)
Seat 2: _SKR (570)
*** ANTE/BLINDS ***
Rafa775 posts small blind 15
_SKR posts big blind 30
Dealt to _SKR [Qh 6c]
*** PRE-FLOP *** 
Rafa775 raises 300 to 330 and is all-in
_SKR folds
Rafa775 collected 360 from pot
*** SUMMARY ***
Total pot 360 | No rake
Seat 1: Rafa775 (small blind) (button) won 360


Winamax Poker - Tournament "Expresso Nitro" buyIn: 1.86€ + 0.14€ level: 2 - HandId: #2694795543892197377-7-1674958145 - Holdem no limit (15/30) - 2023/01/29 02:09:05 UTC
Table: 'Expresso Nitro(627430981)#0' 3-max (real money) Seat #2 is the button
Seat 1: Rafa775 (360)
Seat 2: _SKR (540)
*** ANTE/BLINDS ***
_SKR posts small blind 15
Rafa775 posts big blind 30
Dealt to _SKR [4h 9h]
*** PRE-FLOP *** 
_SKR folds
Rafa775 collected 45 from pot
*** SUMMARY ***
Total pot 45 | No rake
Seat 1: Rafa775 (big blind) won 45


Winamax Poker - Tournament "Expresso Nitro" buyIn: 1.86€ + 0.14€ level: 2 - HandId: #2694795543892197377-8-1674958149 - Holdem no limit (15/30) - 2023/01/29 02:09:09 UTC
Table: 'Expresso Nitro(627430981)#0' 3-max (real money) Seat #1 is the button
Seat 1: Rafa775 (375)
Seat 2: _SKR (525)
*** ANTE/BLINDS ***
Rafa775 posts small blind 15
_SKR posts big blind 30
Dealt to _SKR [As 6s]
*** PRE-FLOP *** 
Rafa775 calls 15
_SKR raises 495 to 525 and is all-in
Rafa775 calls 345 and is all-in
*** FLOP *** [Ac Jd 3s]
*** TURN *** [Ac Jd 3s][6c]
*** RIVER *** [Ac Jd 3s 6c][6d]
*** SHOW DOWN ***
Rafa775 shows [7d Kh] (One pair : 6)
_SKR shows [As 6s] (Full of 6 and Aces)
_SKR collected 900 from pot
*** SUMMARY ***
Total pot 900 | No rake
Board: [Ac Jd 3s 6c 6d]
Seat 1: Rafa775 (small blind) (button) showed [7d Kh] and lost with One pair : 6
Seat 2: _SKR (big blind) showed [As 6s] and won 900 with Full of 6 and Aces


