Winamax Poker - Tournament "Expresso Nitro" buyIn: 0.93€ + 0.07€ level: 1 - HandId: #2675082013370744833-1-1673743332 - Holdem no limit (10/20) - 2023/01/15 00:42:12 UTC
Table: 'Expresso Nitro(622841067)#0' 3-max (real money) Seat #3 is the button
Seat 1: _SKR (300)
Seat 2: RadyGR (300)
Seat 3: El_Pescado_ (300)
*** ANTE/BLINDS ***
_SKR posts small blind 10
RadyGR posts big blind 20
Dealt to _SKR [3s Kd]
*** PRE-FLOP *** 
El_Pescado_ raises 280 to 300 and is all-in
_SKR folds
RadyGR calls 280 and is all-in
*** FLOP *** [Td 4c Kc]
*** TURN *** [Td 4c Kc][5s]
*** RIVER *** [Td 4c Kc 5s][9c]
*** SHOW DOWN ***
El_Pescado_ shows [Ad 6s] (High card : Ace)
RadyGR shows [Qs Ks] (One pair : Kings)
RadyGR collected 610 from pot
*** SUMMARY ***
Total pot 610 | No rake
Board: [Td 4c Kc 5s 9c]
Seat 2: RadyGR (big blind) showed [Qs Ks] and won 610 with One pair : Kings
Seat 3: El_Pescado_ (button) showed [Ad 6s] and lost with High card : Ace


Winamax Poker - Tournament "Expresso Nitro" buyIn: 0.93€ + 0.07€ level: 1 - HandId: #2675082013370744833-2-1673743347 - Holdem no limit (10/20) - 2023/01/15 00:42:27 UTC
Table: 'Expresso Nitro(622841067)#0' 3-max (real money) Seat #2 is the button
Seat 1: _SKR (290)
Seat 2: RadyGR (610)
*** ANTE/BLINDS ***
RadyGR posts small blind 10
_SKR posts big blind 20
Dealt to _SKR [7c Kh]
*** PRE-FLOP *** 
RadyGR folds
_SKR collected 30 from pot
*** SUMMARY ***
Total pot 30 | No rake
Seat 1: _SKR (big blind) won 30


Winamax Poker - Tournament "Expresso Nitro" buyIn: 0.93€ + 0.07€ level: 1 - HandId: #2675082013370744833-3-1673743350 - Holdem no limit (10/20) - 2023/01/15 00:42:30 UTC
Table: 'Expresso Nitro(622841067)#0' 3-max (real money) Seat #1 is the button
Seat 1: _SKR (300)
Seat 2: RadyGR (600)
*** ANTE/BLINDS ***
_SKR posts small blind 10
RadyGR posts big blind 20
Dealt to _SKR [8s 7d]
*** PRE-FLOP *** 
_SKR raises 20 to 40
RadyGR folds
_SKR collected 60 from pot
*** SUMMARY ***
Total pot 60 | No rake
Seat 1: _SKR (small blind) (button) won 60


Winamax Poker - Tournament "Expresso Nitro" buyIn: 0.93€ + 0.07€ level: 1 - HandId: #2675082013370744833-4-1673743358 - Holdem no limit (10/20) - 2023/01/15 00:42:38 UTC
Table: 'Expresso Nitro(622841067)#0' 3-max (real money) Seat #2 is the button
Seat 1: _SKR (320)
Seat 2: RadyGR (580)
*** ANTE/BLINDS ***
RadyGR posts small blind 10
_SKR posts big blind 20
Dealt to _SKR [6c Ks]
*** PRE-FLOP *** 
RadyGR calls 10
_SKR checks
*** FLOP *** [Jc 7c 3s]
_SKR checks
RadyGR bets 20
_SKR folds
RadyGR collected 60 from pot
*** SUMMARY ***
Total pot 60 | No rake
Board: [Jc 7c 3s]
Seat 2: RadyGR (small blind) (button) won 60


Winamax Poker - Tournament "Expresso Nitro" buyIn: 0.93€ + 0.07€ level: 1 - HandId: #2675082013370744833-5-1673743387 - Holdem no limit (10/20) - 2023/01/15 00:43:07 UTC
Table: 'Expresso Nitro(622841067)#0' 3-max (real money) Seat #1 is the button
Seat 1: _SKR (300)
Seat 2: RadyGR (600)
*** ANTE/BLINDS ***
_SKR posts small blind 10
RadyGR posts big blind 20
Dealt to _SKR [3c 5d]
*** PRE-FLOP *** 
_SKR folds
RadyGR collected 30 from pot
*** SUMMARY ***
Total pot 30 | No rake
Seat 2: RadyGR (big blind) won 30


Winamax Poker - Tournament "Expresso Nitro" buyIn: 0.93€ + 0.07€ level: 2 - HandId: #2675082013370744833-6-1673743391 - Holdem no limit (15/30) - 2023/01/15 00:43:11 UTC
Table: 'Expresso Nitro(622841067)#0' 3-max (real money) Seat #2 is the button
Seat 1: _SKR (290)
Seat 2: RadyGR (610)
*** ANTE/BLINDS ***
RadyGR posts small blind 15
_SKR posts big blind 30
Dealt to _SKR [3d 8h]
*** PRE-FLOP *** 
RadyGR calls 15
_SKR checks
*** FLOP *** [Qd 4c Qc]
_SKR bets 30
RadyGR folds
_SKR collected 90 from pot
*** SUMMARY ***
Total pot 90 | No rake
Board: [Qd 4c Qc]
Seat 1: _SKR (big blind) won 90


Winamax Poker - Tournament "Expresso Nitro" buyIn: 0.93€ + 0.07€ level: 2 - HandId: #2675082013370744833-7-1673743406 - Holdem no limit (15/30) - 2023/01/15 00:43:26 UTC
Table: 'Expresso Nitro(622841067)#0' 3-max (real money) Seat #1 is the button
Seat 1: _SKR (320)
Seat 2: RadyGR (580)
*** ANTE/BLINDS ***
_SKR posts small blind 15
RadyGR posts big blind 30
Dealt to _SKR [Td Ac]
*** PRE-FLOP *** 
_SKR raises 290 to 320 and is all-in
RadyGR folds
_SKR collected 350 from pot
*** SUMMARY ***
Total pot 350 | No rake
Seat 1: _SKR (small blind) (button) won 350


Winamax Poker - Tournament "Expresso Nitro" buyIn: 0.93€ + 0.07€ level: 2 - HandId: #2675082013370744833-8-1673743411 - Holdem no limit (15/30) - 2023/01/15 00:43:31 UTC
Table: 'Expresso Nitro(622841067)#0' 3-max (real money) Seat #2 is the button
Seat 1: _SKR (350)
Seat 2: RadyGR (550)
*** ANTE/BLINDS ***
RadyGR posts small blind 15
_SKR posts big blind 30
Dealt to _SKR [Jc 5d]
*** PRE-FLOP *** 
RadyGR calls 15
_SKR checks
*** FLOP *** [Jh 5s Ad]
_SKR checks
RadyGR checks
*** TURN *** [Jh 5s Ad][Tc]
_SKR bets 39
RadyGR folds
_SKR collected 99 from pot
*** SUMMARY ***
Total pot 99 | No rake
Board: [Jh 5s Ad Tc]
Seat 1: _SKR (big blind) won 99


Winamax Poker - Tournament "Expresso Nitro" buyIn: 0.93€ + 0.07€ level: 2 - HandId: #2675082013370744833-9-1673743424 - Holdem no limit (15/30) - 2023/01/15 00:43:44 UTC
Table: 'Expresso Nitro(622841067)#0' 3-max (real money) Seat #1 is the button
Seat 1: _SKR (380)
Seat 2: RadyGR (520)
*** ANTE/BLINDS ***
_SKR posts small blind 15
RadyGR posts big blind 30
Dealt to _SKR [6h 9s]
*** PRE-FLOP *** 
_SKR folds
RadyGR collected 45 from pot
*** SUMMARY ***
Total pot 45 | No rake
Seat 2: RadyGR (big blind) won 45


Winamax Poker - Tournament "Expresso Nitro" buyIn: 0.93€ + 0.07€ level: 2 - HandId: #2675082013370744833-10-1673743427 - Holdem no limit (15/30) - 2023/01/15 00:43:47 UTC
Table: 'Expresso Nitro(622841067)#0' 3-max (real money) Seat #2 is the button
Seat 1: _SKR (365)
Seat 2: RadyGR (535)
*** ANTE/BLINDS ***
RadyGR posts small blind 15
_SKR posts big blind 30
Dealt to _SKR [Jh 8c]
*** PRE-FLOP *** 
RadyGR calls 15
_SKR checks
*** FLOP *** [7d Qh Ac]
_SKR checks
RadyGR bets 30
_SKR folds
RadyGR collected 90 from pot
*** SUMMARY ***
Total pot 90 | No rake
Board: [7d Qh Ac]
Seat 2: RadyGR (small blind) (button) won 90


Winamax Poker - Tournament "Expresso Nitro" buyIn: 0.93€ + 0.07€ level: 2 - HandId: #2675082013370744833-11-1673743436 - Holdem no limit (15/30) - 2023/01/15 00:43:56 UTC
Table: 'Expresso Nitro(622841067)#0' 3-max (real money) Seat #1 is the button
Seat 1: _SKR (335)
Seat 2: RadyGR (565)
*** ANTE/BLINDS ***
_SKR posts small blind 15
RadyGR posts big blind 30
Dealt to _SKR [Th 9c]
*** PRE-FLOP *** 
_SKR folds
RadyGR collected 45 from pot
*** SUMMARY ***
Total pot 45 | No rake
Seat 2: RadyGR (big blind) won 45


Winamax Poker - Tournament "Expresso Nitro" buyIn: 0.93€ + 0.07€ level: 2 - HandId: #2675082013370744833-12-1673743443 - Holdem no limit (15/30) - 2023/01/15 00:44:03 UTC
Table: 'Expresso Nitro(622841067)#0' 3-max (real money) Seat #2 is the button
Seat 1: _SKR (320)
Seat 2: RadyGR (580)
*** ANTE/BLINDS ***
RadyGR posts small blind 15
_SKR posts big blind 30
Dealt to _SKR [3d 5h]
*** PRE-FLOP *** 
RadyGR raises 30 to 60
_SKR folds
RadyGR collected 90 from pot
*** SUMMARY ***
Total pot 90 | No rake
Seat 2: RadyGR (small blind) (button) won 90


Winamax Poker - Tournament "Expresso Nitro" buyIn: 0.93€ + 0.07€ level: 2 - HandId: #2675082013370744833-13-1673743448 - Holdem no limit (15/30) - 2023/01/15 00:44:08 UTC
Table: 'Expresso Nitro(622841067)#0' 3-max (real money) Seat #1 is the button
Seat 1: _SKR (290)
Seat 2: RadyGR (610)
*** ANTE/BLINDS ***
_SKR posts small blind 15
RadyGR posts big blind 30
Dealt to _SKR [9s Ts]
*** PRE-FLOP *** 
_SKR folds
RadyGR collected 45 from pot
*** SUMMARY ***
Total pot 45 | No rake
Seat 2: RadyGR (big blind) won 45


Winamax Poker - Tournament "Expresso Nitro" buyIn: 0.93€ + 0.07€ level: 3 - HandId: #2675082013370744833-14-1673743451 - Holdem no limit (20/40) - 2023/01/15 00:44:11 UTC
Table: 'Expresso Nitro(622841067)#0' 3-max (real money) Seat #2 is the button
Seat 1: _SKR (275)
Seat 2: RadyGR (625)
*** ANTE/BLINDS ***
RadyGR posts small blind 20
_SKR posts big blind 40
Dealt to _SKR [Qd 6h]
*** PRE-FLOP *** 
RadyGR raises 585 to 625 and is all-in
_SKR folds
RadyGR collected 665 from pot
*** SUMMARY ***
Total pot 665 | No rake
Seat 2: RadyGR (small blind) (button) won 665


Winamax Poker - Tournament "Expresso Nitro" buyIn: 0.93€ + 0.07€ level: 3 - HandId: #2675082013370744833-15-1673743458 - Holdem no limit (20/40) - 2023/01/15 00:44:18 UTC
Table: 'Expresso Nitro(622841067)#0' 3-max (real money) Seat #1 is the button
Seat 1: _SKR (235)
Seat 2: RadyGR (665)
*** ANTE/BLINDS ***
_SKR posts small blind 20
RadyGR posts big blind 40
Dealt to _SKR [6s 8d]
*** PRE-FLOP *** 
_SKR folds
RadyGR collected 60 from pot
*** SUMMARY ***
Total pot 60 | No rake
Seat 2: RadyGR (big blind) won 60


Winamax Poker - Tournament "Expresso Nitro" buyIn: 0.93€ + 0.07€ level: 3 - HandId: #2675082013370744833-16-1673743463 - Holdem no limit (20/40) - 2023/01/15 00:44:23 UTC
Table: 'Expresso Nitro(622841067)#0' 3-max (real money) Seat #2 is the button
Seat 1: _SKR (215)
Seat 2: RadyGR (685)
*** ANTE/BLINDS ***
RadyGR posts small blind 20
_SKR posts big blind 40
Dealt to _SKR [Qs 4s]
*** PRE-FLOP *** 
RadyGR calls 20
_SKR raises 175 to 215 and is all-in
RadyGR folds
_SKR collected 255 from pot
*** SUMMARY ***
Total pot 255 | No rake
Seat 1: _SKR (big blind) won 255


Winamax Poker - Tournament "Expresso Nitro" buyIn: 0.93€ + 0.07€ level: 3 - HandId: #2675082013370744833-17-1673743470 - Holdem no limit (20/40) - 2023/01/15 00:44:30 UTC
Table: 'Expresso Nitro(622841067)#0' 3-max (real money) Seat #1 is the button
Seat 1: _SKR (255)
Seat 2: RadyGR (645)
*** ANTE/BLINDS ***
_SKR posts small blind 20
RadyGR posts big blind 40
Dealt to _SKR [4d 9h]
*** PRE-FLOP *** 
_SKR folds
RadyGR collected 60 from pot
*** SUMMARY ***
Total pot 60 | No rake
Seat 2: RadyGR (big blind) won 60


Winamax Poker - Tournament "Expresso Nitro" buyIn: 0.93€ + 0.07€ level: 3 - HandId: #2675082013370744833-18-1673743479 - Holdem no limit (20/40) - 2023/01/15 00:44:39 UTC
Table: 'Expresso Nitro(622841067)#0' 3-max (real money) Seat #2 is the button
Seat 1: _SKR (235)
Seat 2: RadyGR (665)
*** ANTE/BLINDS ***
RadyGR posts small blind 20
_SKR posts big blind 40
Dealt to _SKR [2s 3d]
*** PRE-FLOP *** 
RadyGR folds
_SKR collected 60 from pot
*** SUMMARY ***
Total pot 60 | No rake
Seat 1: _SKR (big blind) won 60


Winamax Poker - Tournament "Expresso Nitro" buyIn: 0.93€ + 0.07€ level: 3 - HandId: #2675082013370744833-19-1673743482 - Holdem no limit (20/40) - 2023/01/15 00:44:42 UTC
Table: 'Expresso Nitro(622841067)#0' 3-max (real money) Seat #1 is the button
Seat 1: _SKR (255)
Seat 2: RadyGR (645)
*** ANTE/BLINDS ***
_SKR posts small blind 20
RadyGR posts big blind 40
Dealt to _SKR [6s Kh]
*** PRE-FLOP *** 
_SKR raises 215 to 255 and is all-in
RadyGR folds
_SKR collected 295 from pot
*** SUMMARY ***
Total pot 295 | No rake
Seat 1: _SKR (small blind) (button) won 295


Winamax Poker - Tournament "Expresso Nitro" buyIn: 0.93€ + 0.07€ level: 3 - HandId: #2675082013370744833-20-1673743489 - Holdem no limit (20/40) - 2023/01/15 00:44:49 UTC
Table: 'Expresso Nitro(622841067)#0' 3-max (real money) Seat #2 is the button
Seat 1: _SKR (295)
Seat 2: RadyGR (605)
*** ANTE/BLINDS ***
RadyGR posts small blind 20
_SKR posts big blind 40
Dealt to _SKR [8s 9c]
*** PRE-FLOP *** 
RadyGR raises 565 to 605 and is all-in
_SKR folds
RadyGR collected 645 from pot
*** SUMMARY ***
Total pot 645 | No rake
Seat 2: RadyGR (small blind) (button) won 645


Winamax Poker - Tournament "Expresso Nitro" buyIn: 0.93€ + 0.07€ level: 3 - HandId: #2675082013370744833-21-1673743494 - Holdem no limit (20/40) - 2023/01/15 00:44:54 UTC
Table: 'Expresso Nitro(622841067)#0' 3-max (real money) Seat #1 is the button
Seat 1: _SKR (255)
Seat 2: RadyGR (645)
*** ANTE/BLINDS ***
_SKR posts small blind 20
RadyGR posts big blind 40
Dealt to _SKR [Jc 4h]
*** PRE-FLOP *** 
_SKR folds
RadyGR collected 60 from pot
*** SUMMARY ***
Total pot 60 | No rake
Seat 2: RadyGR (big blind) won 60


Winamax Poker - Tournament "Expresso Nitro" buyIn: 0.93€ + 0.07€ level: 3 - HandId: #2675082013370744833-22-1673743503 - Holdem no limit (20/40) - 2023/01/15 00:45:03 UTC
Table: 'Expresso Nitro(622841067)#0' 3-max (real money) Seat #2 is the button
Seat 1: _SKR (235)
Seat 2: RadyGR (665)
*** ANTE/BLINDS ***
RadyGR posts small blind 20
_SKR posts big blind 40
Dealt to _SKR [7s 3d]
*** PRE-FLOP *** 
RadyGR raises 625 to 665 and is all-in
_SKR folds
RadyGR collected 705 from pot
*** SUMMARY ***
Total pot 705 | No rake
Seat 2: RadyGR (small blind) (button) won 705


Winamax Poker - Tournament "Expresso Nitro" buyIn: 0.93€ + 0.07€ level: 4 - HandId: #2675082013370744833-23-1673743511 - Holdem no limit (30/60) - 2023/01/15 00:45:11 UTC
Table: 'Expresso Nitro(622841067)#0' 3-max (real money) Seat #1 is the button
Seat 1: _SKR (195)
Seat 2: RadyGR (705)
*** ANTE/BLINDS ***
_SKR posts small blind 30
RadyGR posts big blind 60
Dealt to _SKR [Jd 3d]
*** PRE-FLOP *** 
_SKR raises 135 to 195 and is all-in
RadyGR calls 135
*** FLOP *** [Ad As Qc]
*** TURN *** [Ad As Qc][6h]
*** RIVER *** [Ad As Qc 6h][7h]
*** SHOW DOWN ***
_SKR shows [Jd 3d] (One pair : Aces)
RadyGR shows [8c 7c] (Two pairs : Aces and 7)
RadyGR collected 390 from pot
*** SUMMARY ***
Total pot 390 | No rake
Board: [Ad As Qc 6h 7h]
Seat 1: _SKR (small blind) (button) showed [Jd 3d] and lost with One pair : Aces
Seat 2: RadyGR (big blind) showed [8c 7c] and won 390 with Two pairs : Aces and 7


