Winamax Poker - Tournament "Expresso Nitro" buyIn: 1.86€ + 0.14€ level: 1 - HandId: #2694582792687190017-1-1674946158 - Holdem no limit (10/20) - 2023/01/28 22:49:18 UTC
Table: 'Expresso Nitro(627381446)#0' 3-max (real money) Seat #2 is the button
Seat 1: _SKR (300)
Seat 2: Scam4win (300)
Seat 3: CG Condor234 (300)
*** ANTE/BLINDS ***
CG Condor234 posts small blind 10
_SKR posts big blind 20
Dealt to _SKR [7h 5h]
*** PRE-FLOP *** 
Scam4win raises 20 to 40
CG Condor234 folds
_SKR calls 20
*** FLOP *** [9c 6s Ac]
_SKR checks
Scam4win bets 30
_SKR calls 30
*** TURN *** [9c 6s Ac][Jh]
_SKR checks
Scam4win checks
*** RIVER *** [9c 6s Ac Jh][Kc]
_SKR bets 98
Scam4win calls 98
*** SHOW DOWN ***
_SKR shows [7h 5h] (High card : Ace)
Scam4win shows [Qd Qh] (One pair : Queens)
Scam4win collected 346 from pot
*** SUMMARY ***
Total pot 346 | No rake
Board: [9c 6s Ac Jh Kc]
Seat 1: _SKR (big blind) showed [7h 5h] and lost with High card : Ace
Seat 2: Scam4win (button) showed [Qd Qh] and won 346 with One pair : Queens


Winamax Poker - Tournament "Expresso Nitro" buyIn: 1.86€ + 0.14€ level: 1 - HandId: #2694582792687190017-2-1674946200 - Holdem no limit (10/20) - 2023/01/28 22:50:00 UTC
Table: 'Expresso Nitro(627381446)#0' 3-max (real money) Seat #3 is the button
Seat 1: _SKR (132)
Seat 2: Scam4win (478)
Seat 3: CG Condor234 (290)
*** ANTE/BLINDS ***
_SKR posts small blind 10
Scam4win posts big blind 20
Dealt to _SKR [5h As]
*** PRE-FLOP *** 
CG Condor234 folds
_SKR raises 112 to 132 and is all-in
Scam4win folds
_SKR collected 152 from pot
*** SUMMARY ***
Total pot 152 | No rake
Seat 1: _SKR (small blind) won 152


Winamax Poker - Tournament "Expresso Nitro" buyIn: 1.86€ + 0.14€ level: 1 - HandId: #2694582792687190017-3-1674946208 - Holdem no limit (10/20) - 2023/01/28 22:50:08 UTC
Table: 'Expresso Nitro(627381446)#0' 3-max (real money) Seat #1 is the button
Seat 1: _SKR (152)
Seat 2: Scam4win (458)
Seat 3: CG Condor234 (290)
*** ANTE/BLINDS ***
Scam4win posts small blind 10
CG Condor234 posts big blind 20
Dealt to _SKR [8h Kh]
*** PRE-FLOP *** 
_SKR raises 132 to 152 and is all-in
Scam4win folds
CG Condor234 folds
_SKR collected 182 from pot
*** SUMMARY ***
Total pot 182 | No rake
Seat 1: _SKR (button) won 182


Winamax Poker - Tournament "Expresso Nitro" buyIn: 1.86€ + 0.14€ level: 2 - HandId: #2694582792687190017-4-1674946228 - Holdem no limit (15/30) - 2023/01/28 22:50:28 UTC
Table: 'Expresso Nitro(627381446)#0' 3-max (real money) Seat #2 is the button
Seat 1: _SKR (182)
Seat 2: Scam4win (448)
Seat 3: CG Condor234 (270)
*** ANTE/BLINDS ***
CG Condor234 posts small blind 15
_SKR posts big blind 30
Dealt to _SKR [Jc 4d]
*** PRE-FLOP *** 
Scam4win raises 418 to 448 and is all-in
CG Condor234 folds
_SKR folds
Scam4win collected 493 from pot
*** SUMMARY ***
Total pot 493 | No rake
Seat 2: Scam4win (button) won 493


Winamax Poker - Tournament "Expresso Nitro" buyIn: 1.86€ + 0.14€ level: 2 - HandId: #2694582792687190017-5-1674946241 - Holdem no limit (15/30) - 2023/01/28 22:50:41 UTC
Table: 'Expresso Nitro(627381446)#0' 3-max (real money) Seat #3 is the button
Seat 1: _SKR (152)
Seat 2: Scam4win (493)
Seat 3: CG Condor234 (255)
*** ANTE/BLINDS ***
_SKR posts small blind 15
Scam4win posts big blind 30
Dealt to _SKR [4h 3c]
*** PRE-FLOP *** 
CG Condor234 folds
_SKR folds
Scam4win collected 45 from pot
*** SUMMARY ***
Total pot 45 | No rake
Seat 2: Scam4win (big blind) won 45


Winamax Poker - Tournament "Expresso Nitro" buyIn: 1.86€ + 0.14€ level: 2 - HandId: #2694582792687190017-6-1674946251 - Holdem no limit (15/30) - 2023/01/28 22:50:51 UTC
Table: 'Expresso Nitro(627381446)#0' 3-max (real money) Seat #1 is the button
Seat 1: _SKR (137)
Seat 2: Scam4win (508)
Seat 3: CG Condor234 (255)
*** ANTE/BLINDS ***
Scam4win posts small blind 15
CG Condor234 posts big blind 30
Dealt to _SKR [6c As]
*** PRE-FLOP *** 
_SKR raises 107 to 137 and is all-in
Scam4win folds
CG Condor234 calls 107
*** FLOP *** [8c Jd Th]
*** TURN *** [8c Jd Th][5c]
*** RIVER *** [8c Jd Th 5c][Qd]
*** SHOW DOWN ***
_SKR shows [6c As] (High card : Ace)
CG Condor234 shows [9d 8h] (Straight Queen high)
CG Condor234 collected 289 from pot
*** SUMMARY ***
Total pot 289 | No rake
Board: [8c Jd Th 5c Qd]
Seat 1: _SKR (button) showed [6c As] and lost with High card : Ace
Seat 3: CG Condor234 (big blind) showed [9d 8h] and won 289 with Straight Queen high


