Winamax Poker - Tournament "Expresso Nitro" buyIn: 1.86€ + 0.14€ level: 1 - HandId: #2696553280732921857-1-1675086672 - Holdem no limit (10/20) - 2023/01/30 13:51:12 UTC
Table: 'Expresso Nitro(627840236)#0' 3-max (real money) Seat #1 is the button
Seat 1: _SKR (300)
Seat 2: Manny-Ribera (300)
Seat 3: lovenanou (300)
*** ANTE/BLINDS ***
Manny-Ribera posts small blind 10
lovenanou posts big blind 20
Dealt to _SKR [Ah As]
*** PRE-FLOP *** 
_SKR raises 20 to 40
Manny-Ribera folds
lovenanou folds
_SKR collected 70 from pot
*** SUMMARY ***
Total pot 70 | No rake
Seat 1: _SKR (button) won 70


Winamax Poker - Tournament "Expresso Nitro" buyIn: 1.86€ + 0.14€ level: 1 - HandId: #2696553280732921857-2-1675086680 - Holdem no limit (10/20) - 2023/01/30 13:51:20 UTC
Table: 'Expresso Nitro(627840236)#0' 3-max (real money) Seat #2 is the button
Seat 1: _SKR (330)
Seat 2: Manny-Ribera (290)
Seat 3: lovenanou (280)
*** ANTE/BLINDS ***
lovenanou posts small blind 10
_SKR posts big blind 20
Dealt to _SKR [Ts Qs]
*** PRE-FLOP *** 
Manny-Ribera raises 20 to 40
lovenanou folds
_SKR calls 20
*** FLOP *** [6d 5s Jd]
_SKR checks
Manny-Ribera bets 30
_SKR calls 30
*** TURN *** [6d 5s Jd][7c]
_SKR checks
Manny-Ribera checks
*** RIVER *** [6d 5s Jd 7c][5c]
_SKR checks
Manny-Ribera checks
*** SHOW DOWN ***
_SKR shows [Ts Qs] (One pair : 5)
Manny-Ribera shows [Ks 9c] (One pair : 5)
Manny-Ribera collected 150 from pot
*** SUMMARY ***
Total pot 150 | No rake
Board: [6d 5s Jd 7c 5c]
Seat 1: _SKR (big blind) showed [Ts Qs] and lost with One pair : 5
Seat 2: Manny-Ribera (button) showed [Ks 9c] and won 150 with One pair : 5


Winamax Poker - Tournament "Expresso Nitro" buyIn: 1.86€ + 0.14€ level: 1 - HandId: #2696553280732921857-3-1675086722 - Holdem no limit (10/20) - 2023/01/30 13:52:02 UTC
Table: 'Expresso Nitro(627840236)#0' 3-max (real money) Seat #3 is the button
Seat 1: _SKR (260)
Seat 2: Manny-Ribera (370)
Seat 3: lovenanou (270)
*** ANTE/BLINDS ***
_SKR posts small blind 10
Manny-Ribera posts big blind 20
Dealt to _SKR [8h 4h]
*** PRE-FLOP *** 
lovenanou raises 50 to 70
_SKR folds
Manny-Ribera folds
lovenanou collected 100 from pot
*** SUMMARY ***
Total pot 100 | No rake
Seat 3: lovenanou (button) won 100


Winamax Poker - Tournament "Expresso Nitro" buyIn: 1.86€ + 0.14€ level: 2 - HandId: #2696553280732921857-4-1675086730 - Holdem no limit (15/30) - 2023/01/30 13:52:10 UTC
Table: 'Expresso Nitro(627840236)#0' 3-max (real money) Seat #1 is the button
Seat 1: _SKR (250)
Seat 2: Manny-Ribera (350)
Seat 3: lovenanou (300)
*** ANTE/BLINDS ***
Manny-Ribera posts small blind 15
lovenanou posts big blind 30
Dealt to _SKR [4d 2c]
*** PRE-FLOP *** 
_SKR folds
Manny-Ribera calls 15
lovenanou raises 60 to 90
Manny-Ribera folds
lovenanou collected 120 from pot
*** SUMMARY ***
Total pot 120 | No rake
Seat 3: lovenanou (big blind) won 120


Winamax Poker - Tournament "Expresso Nitro" buyIn: 1.86€ + 0.14€ level: 2 - HandId: #2696553280732921857-5-1675086738 - Holdem no limit (15/30) - 2023/01/30 13:52:18 UTC
Table: 'Expresso Nitro(627840236)#0' 3-max (real money) Seat #2 is the button
Seat 1: _SKR (250)
Seat 2: Manny-Ribera (320)
Seat 3: lovenanou (330)
*** ANTE/BLINDS ***
lovenanou posts small blind 15
_SKR posts big blind 30
Dealt to _SKR [Jh Jc]
*** PRE-FLOP *** 
Manny-Ribera folds
lovenanou folds
_SKR collected 45 from pot
*** SUMMARY ***
Total pot 45 | No rake
Seat 1: _SKR (big blind) won 45


Winamax Poker - Tournament "Expresso Nitro" buyIn: 1.86€ + 0.14€ level: 2 - HandId: #2696553280732921857-6-1675086742 - Holdem no limit (15/30) - 2023/01/30 13:52:22 UTC
Table: 'Expresso Nitro(627840236)#0' 3-max (real money) Seat #3 is the button
Seat 1: _SKR (265)
Seat 2: Manny-Ribera (320)
Seat 3: lovenanou (315)
*** ANTE/BLINDS ***
_SKR posts small blind 15
Manny-Ribera posts big blind 30
Dealt to _SKR [Kd Jc]
*** PRE-FLOP *** 
lovenanou raises 75 to 105
_SKR folds
Manny-Ribera calls 75
*** FLOP *** [3d Qh Ts]
Manny-Ribera checks
lovenanou checks
*** TURN *** [3d Qh Ts][5c]
Manny-Ribera bets 75
lovenanou folds
Manny-Ribera collected 300 from pot
*** SUMMARY ***
Total pot 300 | No rake
Board: [3d Qh Ts 5c]
Seat 2: Manny-Ribera (big blind) won 300


Winamax Poker - Tournament "Expresso Nitro" buyIn: 1.86€ + 0.14€ level: 2 - HandId: #2696553280732921857-7-1675086763 - Holdem no limit (15/30) - 2023/01/30 13:52:43 UTC
Table: 'Expresso Nitro(627840236)#0' 3-max (real money) Seat #1 is the button
Seat 1: _SKR (250)
Seat 2: Manny-Ribera (440)
Seat 3: lovenanou (210)
*** ANTE/BLINDS ***
Manny-Ribera posts small blind 15
lovenanou posts big blind 30
Dealt to _SKR [Jd Js]
*** PRE-FLOP *** 
_SKR raises 220 to 250 and is all-in
Manny-Ribera folds
lovenanou folds
_SKR collected 295 from pot
*** SUMMARY ***
Total pot 295 | No rake
Seat 1: _SKR (button) won 295


Winamax Poker - Tournament "Expresso Nitro" buyIn: 1.86€ + 0.14€ level: 2 - HandId: #2696553280732921857-8-1675086769 - Holdem no limit (15/30) - 2023/01/30 13:52:49 UTC
Table: 'Expresso Nitro(627840236)#0' 3-max (real money) Seat #2 is the button
Seat 1: _SKR (295)
Seat 2: Manny-Ribera (425)
Seat 3: lovenanou (180)
*** ANTE/BLINDS ***
lovenanou posts small blind 15
_SKR posts big blind 30
Dealt to _SKR [5h 6c]
*** PRE-FLOP *** 
Manny-Ribera raises 395 to 425 and is all-in
lovenanou calls 165 and is all-in
_SKR folds
*** FLOP *** [Ad 9c 4h]
*** TURN *** [Ad 9c 4h][3c]
*** RIVER *** [Ad 9c 4h 3c][3h]
*** SHOW DOWN ***
Manny-Ribera shows [Qs Kd] (One pair : 3)
lovenanou shows [Ah 4d] (Two pairs : Aces and 4)
lovenanou collected 390 from main pot
Manny-Ribera collected 245 from side pot 1
*** SUMMARY ***
Total pot 635 | No rake
Board: [Ad 9c 4h 3c 3h]
Seat 2: Manny-Ribera (button) showed [Qs Kd] and won 245 with One pair : 3
Seat 3: lovenanou (small blind) showed [Ah 4d] and won 390 with Two pairs : Aces and 4


Winamax Poker - Tournament "Expresso Nitro" buyIn: 1.86€ + 0.14€ level: 2 - HandId: #2696553280732921857-9-1675086785 - Holdem no limit (15/30) - 2023/01/30 13:53:05 UTC
Table: 'Expresso Nitro(627840236)#0' 3-max (real money) Seat #3 is the button
Seat 1: _SKR (265)
Seat 2: Manny-Ribera (245)
Seat 3: lovenanou (390)
*** ANTE/BLINDS ***
_SKR posts small blind 15
Manny-Ribera posts big blind 30
Dealt to _SKR [4c 7h]
*** PRE-FLOP *** 
lovenanou calls 30
_SKR folds
Manny-Ribera raises 215 to 245 and is all-in
lovenanou calls 215
*** FLOP *** [8s 7d 5c]
*** TURN *** [8s 7d 5c][5s]
*** RIVER *** [8s 7d 5c 5s][8h]
*** SHOW DOWN ***
Manny-Ribera shows [Tc As] (Two pairs : 8 and 5)
lovenanou shows [9s 7s] (Two pairs : 8 and 7)
lovenanou collected 505 from pot
*** SUMMARY ***
Total pot 505 | No rake
Board: [8s 7d 5c 5s 8h]
Seat 2: Manny-Ribera (big blind) showed [Tc As] and lost with Two pairs : 8 and 5
Seat 3: lovenanou (button) showed [9s 7s] and won 505 with Two pairs : 8 and 7


Winamax Poker - Tournament "Expresso Nitro" buyIn: 1.86€ + 0.14€ level: 3 - HandId: #2696553280732921857-10-1675086803 - Holdem no limit (20/40) - 2023/01/30 13:53:23 UTC
Table: 'Expresso Nitro(627840236)#0' 3-max (real money) Seat #3 is the button
Seat 1: _SKR (250)
Seat 3: lovenanou (650)
*** ANTE/BLINDS ***
lovenanou posts small blind 20
_SKR posts big blind 40
Dealt to _SKR [7d 8s]
*** PRE-FLOP *** 
lovenanou raises 80 to 120
_SKR folds
lovenanou collected 160 from pot
*** SUMMARY ***
Total pot 160 | No rake
Seat 3: lovenanou (small blind) (button) won 160


Winamax Poker - Tournament "Expresso Nitro" buyIn: 1.86€ + 0.14€ level: 3 - HandId: #2696553280732921857-11-1675086808 - Holdem no limit (20/40) - 2023/01/30 13:53:28 UTC
Table: 'Expresso Nitro(627840236)#0' 3-max (real money) Seat #1 is the button
Seat 1: _SKR (210)
Seat 3: lovenanou (690)
*** ANTE/BLINDS ***
_SKR posts small blind 20
lovenanou posts big blind 40
Dealt to _SKR [3c Jc]
*** PRE-FLOP *** 
_SKR raises 170 to 210 and is all-in
lovenanou calls 170
*** FLOP *** [Td 9s Kc]
*** TURN *** [Td 9s Kc][2h]
*** RIVER *** [Td 9s Kc 2h][4h]
*** SHOW DOWN ***
_SKR shows [3c Jc] (High card : King)
lovenanou shows [Ac 6s] (High card : Ace)
lovenanou collected 420 from pot
*** SUMMARY ***
Total pot 420 | No rake
Board: [Td 9s Kc 2h 4h]
Seat 1: _SKR (small blind) (button) showed [3c Jc] and lost with High card : King
Seat 3: lovenanou (big blind) showed [Ac 6s] and won 420 with High card : Ace


