Winamax Poker - Tournament "Expresso Nitro" buyIn: 0.93€ + 0.07€ level: 1 - HandId: #2692536614432800769-1-1674829429 - Holdem no limit (10/20) - 2023/01/27 14:23:49 UTC
Table: 'Expresso Nitro(626905033)#0' 3-max (real money) Seat #3 is the button
Seat 1: Kboum (300)
Seat 2: Matiusak (300)
Seat 3: _SKR (300)
*** ANTE/BLINDS ***
Kboum posts small blind 10
Matiusak posts big blind 20
Dealt to _SKR [Qh 8c]
*** PRE-FLOP *** 
_SKR folds
Kboum folds
Matiusak collected 30 from pot
*** SUMMARY ***
Total pot 30 | No rake
Seat 2: Matiusak (big blind) won 30


Winamax Poker - Tournament "Expresso Nitro" buyIn: 0.93€ + 0.07€ level: 1 - HandId: #2692536614432800769-2-1674829435 - Holdem no limit (10/20) - 2023/01/27 14:23:55 UTC
Table: 'Expresso Nitro(626905033)#0' 3-max (real money) Seat #1 is the button
Seat 1: Kboum (290)
Seat 2: Matiusak (310)
Seat 3: _SKR (300)
*** ANTE/BLINDS ***
Matiusak posts small blind 10
_SKR posts big blind 20
Dealt to _SKR [6s 2h]
*** PRE-FLOP *** 
Kboum raises 270 to 290 and is all-in
Matiusak folds
_SKR folds
Kboum collected 320 from pot
*** SUMMARY ***
Total pot 320 | No rake
Seat 1: Kboum (button) won 320


Winamax Poker - Tournament "Expresso Nitro" buyIn: 0.93€ + 0.07€ level: 1 - HandId: #2692536614432800769-3-1674829450 - Holdem no limit (10/20) - 2023/01/27 14:24:10 UTC
Table: 'Expresso Nitro(626905033)#0' 3-max (real money) Seat #2 is the button
Seat 1: Kboum (320)
Seat 2: Matiusak (300)
Seat 3: _SKR (280)
*** ANTE/BLINDS ***
_SKR posts small blind 10
Kboum posts big blind 20
Dealt to _SKR [3h 7d]
*** PRE-FLOP *** 
Matiusak folds
_SKR folds
Kboum collected 30 from pot
*** SUMMARY ***
Total pot 30 | No rake
Seat 1: Kboum (big blind) won 30


Winamax Poker - Tournament "Expresso Nitro" buyIn: 0.93€ + 0.07€ level: 1 - HandId: #2692536614432800769-4-1674829454 - Holdem no limit (10/20) - 2023/01/27 14:24:14 UTC
Table: 'Expresso Nitro(626905033)#0' 3-max (real money) Seat #3 is the button
Seat 1: Kboum (330)
Seat 2: Matiusak (300)
Seat 3: _SKR (270)
*** ANTE/BLINDS ***
Kboum posts small blind 10
Matiusak posts big blind 20
Dealt to _SKR [2s 2c]
*** PRE-FLOP *** 
_SKR raises 250 to 270 and is all-in
Kboum raises 60 to 330 and is all-in
Matiusak calls 280 and is all-in
*** FLOP *** [7h 3s 3c]
*** TURN *** [7h 3s 3c][3d]
*** RIVER *** [7h 3s 3c 3d][6h]
*** SHOW DOWN ***
Matiusak shows [Kd 9d] (Trips of 3)
_SKR shows [2s 2c] (Full of 3 and 2)
Kboum shows [Jh 6c] (Full of 3 and 6)
Kboum collected 900 from pot
*** SUMMARY ***
Total pot 900 | No rake
Board: [7h 3s 3c 3d 6h]
Seat 1: Kboum (small blind) showed [Jh 6c] and won 900 with Full of 3 and 6
Seat 2: Matiusak (big blind) showed [Kd 9d] and lost with Trips of 3
Seat 3: _SKR (button) showed [2s 2c] and lost with Full of 3 and 2


