Winamax Poker - Tournament "Expresso Nitro" buyIn: 1.86€ + 0.14€ level: 1 - HandId: #2696538707908886529-1-1675085838 - Holdem no limit (10/20) - 2023/01/30 13:37:18 UTC
Table: 'Expresso Nitro(627836843)#0' 3-max (real money) Seat #3 is the button
Seat 1: Fatihchn57 (300)
Seat 2: _SKR (300)
Seat 3: Antho30000 (300)
*** ANTE/BLINDS ***
Fatihchn57 posts small blind 10
_SKR posts big blind 20
Dealt to _SKR [Jh 5c]
*** PRE-FLOP *** 
Antho30000 folds
Fatihchn57 calls 10
_SKR checks
*** FLOP *** [Qd Kd 4d]
Fatihchn57 bets 20
_SKR folds
Fatihchn57 collected 60 from pot
*** SUMMARY ***
Total pot 60 | No rake
Board: [Qd Kd 4d]
Seat 1: Fatihchn57 (small blind) won 60


Winamax Poker - Tournament "Expresso Nitro" buyIn: 1.86€ + 0.14€ level: 1 - HandId: #2696538707908886529-2-1675085852 - Holdem no limit (10/20) - 2023/01/30 13:37:32 UTC
Table: 'Expresso Nitro(627836843)#0' 3-max (real money) Seat #1 is the button
Seat 1: Fatihchn57 (320)
Seat 2: _SKR (280)
Seat 3: Antho30000 (300)
*** ANTE/BLINDS ***
_SKR posts small blind 10
Antho30000 posts big blind 20
Dealt to _SKR [6s 3d]
*** PRE-FLOP *** 
Fatihchn57 calls 20
_SKR folds
Antho30000 checks
*** FLOP *** [7s 8c 9s]
Antho30000 bets 20
Fatihchn57 calls 20
*** TURN *** [7s 8c 9s][3s]
Antho30000 bets 20
Fatihchn57 calls 20
*** RIVER *** [7s 8c 9s 3s][Th]
Antho30000 bets 130
Fatihchn57 calls 130
*** SHOW DOWN ***
Fatihchn57 shows [Td Kc] (One pair : Tens)
Antho30000 shows [6h Jc] (Straight Jack high)
Antho30000 collected 390 from pot
*** SUMMARY ***
Total pot 390 | No rake
Board: [7s 8c 9s 3s Th]
Seat 1: Fatihchn57 (button) showed [Td Kc] and lost with One pair : Tens
Seat 3: Antho30000 (big blind) showed [6h Jc] and won 390 with Straight Jack high


Winamax Poker - Tournament "Expresso Nitro" buyIn: 1.86€ + 0.14€ level: 1 - HandId: #2696538707908886529-3-1675085870 - Holdem no limit (10/20) - 2023/01/30 13:37:50 UTC
Table: 'Expresso Nitro(627836843)#0' 3-max (real money) Seat #2 is the button
Seat 1: Fatihchn57 (130)
Seat 2: _SKR (270)
Seat 3: Antho30000 (500)
*** ANTE/BLINDS ***
Antho30000 posts small blind 10
Fatihchn57 posts big blind 20
Dealt to _SKR [4d Qh]
*** PRE-FLOP *** 
_SKR folds
Antho30000 calls 10
Fatihchn57 raises 110 to 130 and is all-in
Antho30000 folds
Fatihchn57 collected 150 from pot
*** SUMMARY ***
Total pot 150 | No rake
Seat 1: Fatihchn57 (big blind) won 150


Winamax Poker - Tournament "Expresso Nitro" buyIn: 1.86€ + 0.14€ level: 1 - HandId: #2696538707908886529-4-1675085876 - Holdem no limit (10/20) - 2023/01/30 13:37:56 UTC
Table: 'Expresso Nitro(627836843)#0' 3-max (real money) Seat #3 is the button
Seat 1: Fatihchn57 (150)
Seat 2: _SKR (270)
Seat 3: Antho30000 (480)
*** ANTE/BLINDS ***
Fatihchn57 posts small blind 10
_SKR posts big blind 20
Dealt to _SKR [5s 8h]
*** PRE-FLOP *** 
Antho30000 raises 50 to 70
Fatihchn57 raises 80 to 150 and is all-in
_SKR folds
Antho30000 calls 80
*** FLOP *** [2s 3h 3d]
*** TURN *** [2s 3h 3d][4c]
*** RIVER *** [2s 3h 3d 4c][Ah]
*** SHOW DOWN ***
Antho30000 shows [9s Qs] (One pair : 3)
Fatihchn57 shows [Jc Ac] (Two pairs : Aces and 3)
Fatihchn57 collected 320 from pot
*** SUMMARY ***
Total pot 320 | No rake
Board: [2s 3h 3d 4c Ah]
Seat 1: Fatihchn57 (small blind) showed [Jc Ac] and won 320 with Two pairs : Aces and 3
Seat 3: Antho30000 (button) showed [9s Qs] and lost with One pair : 3


Winamax Poker - Tournament "Expresso Nitro" buyIn: 1.86€ + 0.14€ level: 2 - HandId: #2696538707908886529-5-1675085900 - Holdem no limit (15/30) - 2023/01/30 13:38:20 UTC
Table: 'Expresso Nitro(627836843)#0' 3-max (real money) Seat #1 is the button
Seat 1: Fatihchn57 (320)
Seat 2: _SKR (250)
Seat 3: Antho30000 (330)
*** ANTE/BLINDS ***
_SKR posts small blind 15
Antho30000 posts big blind 30
Dealt to _SKR [5h 5s]
*** PRE-FLOP *** 
Fatihchn57 calls 30
_SKR raises 220 to 250 and is all-in
Antho30000 folds
Fatihchn57 folds
_SKR collected 310 from pot
*** SUMMARY ***
Total pot 310 | No rake
Seat 2: _SKR (small blind) won 310


Winamax Poker - Tournament "Expresso Nitro" buyIn: 1.86€ + 0.14€ level: 2 - HandId: #2696538707908886529-6-1675085910 - Holdem no limit (15/30) - 2023/01/30 13:38:30 UTC
Table: 'Expresso Nitro(627836843)#0' 3-max (real money) Seat #2 is the button
Seat 1: Fatihchn57 (290)
Seat 2: _SKR (310)
Seat 3: Antho30000 (300)
*** ANTE/BLINDS ***
Antho30000 posts small blind 15
Fatihchn57 posts big blind 30
Dealt to _SKR [9s 4s]
*** PRE-FLOP *** 
_SKR folds
Antho30000 folds
Fatihchn57 collected 45 from pot
*** SUMMARY ***
Total pot 45 | No rake
Seat 1: Fatihchn57 (big blind) won 45


Winamax Poker - Tournament "Expresso Nitro" buyIn: 1.86€ + 0.14€ level: 2 - HandId: #2696538707908886529-7-1675085914 - Holdem no limit (15/30) - 2023/01/30 13:38:34 UTC
Table: 'Expresso Nitro(627836843)#0' 3-max (real money) Seat #3 is the button
Seat 1: Fatihchn57 (305)
Seat 2: _SKR (310)
Seat 3: Antho30000 (285)
*** ANTE/BLINDS ***
Fatihchn57 posts small blind 15
_SKR posts big blind 30
Dealt to _SKR [3s 8d]
*** PRE-FLOP *** 
Antho30000 calls 30
Fatihchn57 calls 15
_SKR checks
*** FLOP *** [7c 9c 5c]
Fatihchn57 bets 30
_SKR folds
Antho30000 calls 30
*** TURN *** [7c 9c 5c][9h]
Fatihchn57 checks
Antho30000 checks
*** RIVER *** [7c 9c 5c 9h][2c]
Fatihchn57 checks
Antho30000 bets 98
Fatihchn57 calls 98
*** SHOW DOWN ***
Fatihchn57 shows [3h Ks] (One pair : 9)
Antho30000 shows [Tc 9s] (Flush Ten high)
Antho30000 collected 346 from pot
*** SUMMARY ***
Total pot 346 | No rake
Board: [7c 9c 5c 9h 2c]
Seat 1: Fatihchn57 (small blind) showed [3h Ks] and lost with One pair : 9
Seat 3: Antho30000 (button) showed [Tc 9s] and won 346 with Flush Ten high


Winamax Poker - Tournament "Expresso Nitro" buyIn: 1.86€ + 0.14€ level: 2 - HandId: #2696538707908886529-8-1675085941 - Holdem no limit (15/30) - 2023/01/30 13:39:01 UTC
Table: 'Expresso Nitro(627836843)#0' 3-max (real money) Seat #1 is the button
Seat 1: Fatihchn57 (147)
Seat 2: _SKR (280)
Seat 3: Antho30000 (473)
*** ANTE/BLINDS ***
_SKR posts small blind 15
Antho30000 posts big blind 30
Dealt to _SKR [5d Tc]
*** PRE-FLOP *** 
Fatihchn57 calls 30
_SKR folds
Antho30000 checks
*** FLOP *** [9h 8d Jd]
Antho30000 checks
Fatihchn57 bets 30
Antho30000 raises 135 to 165
Fatihchn57 calls 87 and is all-in
*** TURN *** [9h 8d Jd][Td]
*** RIVER *** [9h 8d Jd Td][2h]
*** SHOW DOWN ***
Fatihchn57 shows [Kd Kc] (One pair : Kings)
Antho30000 shows [Jh 9d] (Two pairs : Jacks and 9)
Antho30000 collected 357 from pot
*** SUMMARY ***
Total pot 357 | No rake
Board: [9h 8d Jd Td 2h]
Seat 1: Fatihchn57 (button) showed [Kd Kc] and lost with One pair : Kings
Seat 3: Antho30000 (big blind) showed [Jh 9d] and won 357 with Two pairs : Jacks and 9


Winamax Poker - Tournament "Expresso Nitro" buyIn: 1.86€ + 0.14€ level: 3 - HandId: #2696538707908886529-9-1675085957 - Holdem no limit (20/40) - 2023/01/30 13:39:17 UTC
Table: 'Expresso Nitro(627836843)#0' 3-max (real money) Seat #3 is the button
Seat 2: _SKR (265)
Seat 3: Antho30000 (635)
*** ANTE/BLINDS ***
Antho30000 posts small blind 20
_SKR posts big blind 40
Dealt to _SKR [2h 9h]
*** PRE-FLOP *** 
Antho30000 calls 20
_SKR checks
*** FLOP *** [7c Kc 2c]
_SKR checks
Antho30000 bets 80
_SKR folds
Antho30000 collected 160 from pot
*** SUMMARY ***
Total pot 160 | No rake
Board: [7c Kc 2c]
Seat 3: Antho30000 (small blind) (button) won 160


Winamax Poker - Tournament "Expresso Nitro" buyIn: 1.86€ + 0.14€ level: 3 - HandId: #2696538707908886529-10-1675085966 - Holdem no limit (20/40) - 2023/01/30 13:39:26 UTC
Table: 'Expresso Nitro(627836843)#0' 3-max (real money) Seat #2 is the button
Seat 2: _SKR (225)
Seat 3: Antho30000 (675)
*** ANTE/BLINDS ***
_SKR posts small blind 20
Antho30000 posts big blind 40
Dealt to _SKR [7c Qd]
*** PRE-FLOP *** 
_SKR raises 185 to 225 and is all-in
Antho30000 folds
_SKR collected 265 from pot
*** SUMMARY ***
Total pot 265 | No rake
Seat 2: _SKR (small blind) (button) won 265


Winamax Poker - Tournament "Expresso Nitro" buyIn: 1.86€ + 0.14€ level: 3 - HandId: #2696538707908886529-11-1675085971 - Holdem no limit (20/40) - 2023/01/30 13:39:31 UTC
Table: 'Expresso Nitro(627836843)#0' 3-max (real money) Seat #3 is the button
Seat 2: _SKR (265)
Seat 3: Antho30000 (635)
*** ANTE/BLINDS ***
Antho30000 posts small blind 20
_SKR posts big blind 40
Dealt to _SKR [9d 4s]
*** PRE-FLOP *** 
Antho30000 raises 80 to 120
_SKR folds
Antho30000 collected 160 from pot
*** SUMMARY ***
Total pot 160 | No rake
Seat 3: Antho30000 (small blind) (button) won 160


Winamax Poker - Tournament "Expresso Nitro" buyIn: 1.86€ + 0.14€ level: 3 - HandId: #2696538707908886529-12-1675085976 - Holdem no limit (20/40) - 2023/01/30 13:39:36 UTC
Table: 'Expresso Nitro(627836843)#0' 3-max (real money) Seat #2 is the button
Seat 2: _SKR (225)
Seat 3: Antho30000 (675)
*** ANTE/BLINDS ***
_SKR posts small blind 20
Antho30000 posts big blind 40
Dealt to _SKR [7h Qh]
*** PRE-FLOP *** 
_SKR raises 185 to 225 and is all-in
Antho30000 calls 185
*** FLOP *** [5h Ts Ks]
*** TURN *** [5h Ts Ks][8c]
*** RIVER *** [5h Ts Ks 8c][Qd]
*** SHOW DOWN ***
Antho30000 shows [2d 3d] (High card : King)
_SKR shows [7h Qh] (One pair : Queens)
_SKR collected 450 from pot
*** SUMMARY ***
Total pot 450 | No rake
Board: [5h Ts Ks 8c Qd]
Seat 2: _SKR (small blind) (button) showed [7h Qh] and won 450 with One pair : Queens
Seat 3: Antho30000 (big blind) showed [2d 3d] and lost with High card : King


Winamax Poker - Tournament "Expresso Nitro" buyIn: 1.86€ + 0.14€ level: 3 - HandId: #2696538707908886529-13-1675085990 - Holdem no limit (20/40) - 2023/01/30 13:39:50 UTC
Table: 'Expresso Nitro(627836843)#0' 3-max (real money) Seat #3 is the button
Seat 2: _SKR (450)
Seat 3: Antho30000 (450)
*** ANTE/BLINDS ***
Antho30000 posts small blind 20
_SKR posts big blind 40
Dealt to _SKR [6d 9s]
*** PRE-FLOP *** 
Antho30000 raises 80 to 120
_SKR folds
Antho30000 collected 160 from pot
*** SUMMARY ***
Total pot 160 | No rake
Seat 3: Antho30000 (small blind) (button) won 160


Winamax Poker - Tournament "Expresso Nitro" buyIn: 1.86€ + 0.14€ level: 3 - HandId: #2696538707908886529-14-1675085994 - Holdem no limit (20/40) - 2023/01/30 13:39:54 UTC
Table: 'Expresso Nitro(627836843)#0' 3-max (real money) Seat #2 is the button
Seat 2: _SKR (410)
Seat 3: Antho30000 (490)
*** ANTE/BLINDS ***
_SKR posts small blind 20
Antho30000 posts big blind 40
Dealt to _SKR [9c 6s]
*** PRE-FLOP *** 
_SKR folds
Antho30000 collected 60 from pot
*** SUMMARY ***
Total pot 60 | No rake
Seat 3: Antho30000 (big blind) won 60


Winamax Poker - Tournament "Expresso Nitro" buyIn: 1.86€ + 0.14€ level: 3 - HandId: #2696538707908886529-15-1675085998 - Holdem no limit (20/40) - 2023/01/30 13:39:58 UTC
Table: 'Expresso Nitro(627836843)#0' 3-max (real money) Seat #3 is the button
Seat 2: _SKR (390)
Seat 3: Antho30000 (510)
*** ANTE/BLINDS ***
Antho30000 posts small blind 20
_SKR posts big blind 40
Dealt to _SKR [Ac 6d]
*** PRE-FLOP *** 
Antho30000 calls 20
_SKR raises 350 to 390 and is all-in
Antho30000 folds
_SKR collected 430 from pot
*** SUMMARY ***
Total pot 430 | No rake
Seat 2: _SKR (big blind) won 430


Winamax Poker - Tournament "Expresso Nitro" buyIn: 1.86€ + 0.14€ level: 3 - HandId: #2696538707908886529-16-1675086004 - Holdem no limit (20/40) - 2023/01/30 13:40:04 UTC
Table: 'Expresso Nitro(627836843)#0' 3-max (real money) Seat #2 is the button
Seat 2: _SKR (430)
Seat 3: Antho30000 (470)
*** ANTE/BLINDS ***
_SKR posts small blind 20
Antho30000 posts big blind 40
Dealt to _SKR [7d Qc]
*** PRE-FLOP *** 
_SKR folds
Antho30000 collected 60 from pot
*** SUMMARY ***
Total pot 60 | No rake
Seat 3: Antho30000 (big blind) won 60


Winamax Poker - Tournament "Expresso Nitro" buyIn: 1.86€ + 0.14€ level: 3 - HandId: #2696538707908886529-17-1675086008 - Holdem no limit (20/40) - 2023/01/30 13:40:08 UTC
Table: 'Expresso Nitro(627836843)#0' 3-max (real money) Seat #3 is the button
Seat 2: _SKR (410)
Seat 3: Antho30000 (490)
*** ANTE/BLINDS ***
Antho30000 posts small blind 20
_SKR posts big blind 40
Dealt to _SKR [5h 6c]
*** PRE-FLOP *** 
Antho30000 raises 80 to 120
_SKR folds
Antho30000 collected 160 from pot
*** SUMMARY ***
Total pot 160 | No rake
Seat 3: Antho30000 (small blind) (button) won 160


Winamax Poker - Tournament "Expresso Nitro" buyIn: 1.86€ + 0.14€ level: 3 - HandId: #2696538707908886529-18-1675086014 - Holdem no limit (20/40) - 2023/01/30 13:40:14 UTC
Table: 'Expresso Nitro(627836843)#0' 3-max (real money) Seat #2 is the button
Seat 2: _SKR (370)
Seat 3: Antho30000 (530)
*** ANTE/BLINDS ***
_SKR posts small blind 20
Antho30000 posts big blind 40
Dealt to _SKR [Th Tc]
*** PRE-FLOP *** 
_SKR raises 330 to 370 and is all-in
Antho30000 calls 330
*** FLOP *** [3h Qs 5s]
*** TURN *** [3h Qs 5s][Qd]
*** RIVER *** [3h Qs 5s Qd][Td]
*** SHOW DOWN ***
Antho30000 shows [Ks 9s] (One pair : Queens)
_SKR shows [Th Tc] (Full of Tens and Queens)
_SKR collected 740 from pot
*** SUMMARY ***
Total pot 740 | No rake
Board: [3h Qs 5s Qd Td]
Seat 2: _SKR (small blind) (button) showed [Th Tc] and won 740 with Full of Tens and Queens
Seat 3: Antho30000 (big blind) showed [Ks 9s] and lost with One pair : Queens


Winamax Poker - Tournament "Expresso Nitro" buyIn: 1.86€ + 0.14€ level: 4 - HandId: #2696538707908886529-19-1675086027 - Holdem no limit (30/60) - 2023/01/30 13:40:27 UTC
Table: 'Expresso Nitro(627836843)#0' 3-max (real money) Seat #3 is the button
Seat 2: _SKR (740)
Seat 3: Antho30000 (160)
*** ANTE/BLINDS ***
Antho30000 posts small blind 30
_SKR posts big blind 60
Dealt to _SKR [Ts 3c]
*** PRE-FLOP *** 
Antho30000 folds
_SKR collected 90 from pot
*** SUMMARY ***
Total pot 90 | No rake
Seat 2: _SKR (big blind) won 90


Winamax Poker - Tournament "Expresso Nitro" buyIn: 1.86€ + 0.14€ level: 4 - HandId: #2696538707908886529-20-1675086030 - Holdem no limit (30/60) - 2023/01/30 13:40:30 UTC
Table: 'Expresso Nitro(627836843)#0' 3-max (real money) Seat #2 is the button
Seat 2: _SKR (770)
Seat 3: Antho30000 (130)
*** ANTE/BLINDS ***
_SKR posts small blind 30
Antho30000 posts big blind 60
Dealt to _SKR [6d 7d]
*** PRE-FLOP *** 
_SKR raises 710 to 770 and is all-in
Antho30000 calls 70 and is all-in
*** FLOP *** [4c 3s 3h]
*** TURN *** [4c 3s 3h][8c]
*** RIVER *** [4c 3s 3h 8c][3c]
*** SHOW DOWN ***
_SKR shows [6d 7d] (Trips of 3)
Antho30000 shows [Ks Ah] (Trips of 3)
Antho30000 collected 260 from main pot
_SKR collected 640 from side pot 1
*** SUMMARY ***
Total pot 900 | No rake
Board: [4c 3s 3h 8c 3c]
Seat 2: _SKR (small blind) (button) showed [6d 7d] and won 640 with Trips of 3
Seat 3: Antho30000 (big blind) showed [Ks Ah] and won 260 with Trips of 3


Winamax Poker - Tournament "Expresso Nitro" buyIn: 1.86€ + 0.14€ level: 4 - HandId: #2696538707908886529-21-1675086040 - Holdem no limit (30/60) - 2023/01/30 13:40:40 UTC
Table: 'Expresso Nitro(627836843)#0' 3-max (real money) Seat #3 is the button
Seat 2: _SKR (640)
Seat 3: Antho30000 (260)
*** ANTE/BLINDS ***
Antho30000 posts small blind 30
_SKR posts big blind 60
Dealt to _SKR [6d As]
*** PRE-FLOP *** 
Antho30000 folds
_SKR collected 90 from pot
*** SUMMARY ***
Total pot 90 | No rake
Seat 2: _SKR (big blind) won 90


Winamax Poker - Tournament "Expresso Nitro" buyIn: 1.86€ + 0.14€ level: 4 - HandId: #2696538707908886529-22-1675086043 - Holdem no limit (30/60) - 2023/01/30 13:40:43 UTC
Table: 'Expresso Nitro(627836843)#0' 3-max (real money) Seat #2 is the button
Seat 2: _SKR (670)
Seat 3: Antho30000 (230)
*** ANTE/BLINDS ***
_SKR posts small blind 30
Antho30000 posts big blind 60
Dealt to _SKR [Ts 8h]
*** PRE-FLOP *** 
_SKR raises 610 to 670 and is all-in
Antho30000 calls 170 and is all-in
*** FLOP *** [Ad 3s 5s]
*** TURN *** [Ad 3s 5s][Ac]
*** RIVER *** [Ad 3s 5s Ac][Kc]
*** SHOW DOWN ***
_SKR shows [Ts 8h] (One pair : Aces)
Antho30000 shows [5d 7d] (Two pairs : Aces and 5)
Antho30000 collected 460 from main pot
_SKR collected 440 from side pot 1
*** SUMMARY ***
Total pot 900 | No rake
Board: [Ad 3s 5s Ac Kc]
Seat 2: _SKR (small blind) (button) showed [Ts 8h] and won 440 with One pair : Aces
Seat 3: Antho30000 (big blind) showed [5d 7d] and won 460 with Two pairs : Aces and 5


Winamax Poker - Tournament "Expresso Nitro" buyIn: 1.86€ + 0.14€ level: 4 - HandId: #2696538707908886529-23-1675086054 - Holdem no limit (30/60) - 2023/01/30 13:40:54 UTC
Table: 'Expresso Nitro(627836843)#0' 3-max (real money) Seat #3 is the button
Seat 2: _SKR (440)
Seat 3: Antho30000 (460)
*** ANTE/BLINDS ***
Antho30000 posts small blind 30
_SKR posts big blind 60
Dealt to _SKR [4c Td]
*** PRE-FLOP *** 
Antho30000 raises 400 to 460 and is all-in
_SKR folds
Antho30000 collected 520 from pot
*** SUMMARY ***
Total pot 520 | No rake
Seat 3: Antho30000 (small blind) (button) won 520


Winamax Poker - Tournament "Expresso Nitro" buyIn: 1.86€ + 0.14€ level: 4 - HandId: #2696538707908886529-24-1675086057 - Holdem no limit (30/60) - 2023/01/30 13:40:57 UTC
Table: 'Expresso Nitro(627836843)#0' 3-max (real money) Seat #2 is the button
Seat 2: _SKR (380)
Seat 3: Antho30000 (520)
*** ANTE/BLINDS ***
_SKR posts small blind 30
Antho30000 posts big blind 60
Dealt to _SKR [5h 6s]
*** PRE-FLOP *** 
_SKR raises 320 to 380 and is all-in
Antho30000 calls 320
*** FLOP *** [4s 9s Jh]
*** TURN *** [4s 9s Jh][Ah]
*** RIVER *** [4s 9s Jh Ah][2s]
*** SHOW DOWN ***
_SKR shows [5h 6s] (High card : Ace)
Antho30000 shows [6c 8c] (High card : Ace)
Antho30000 collected 760 from pot
*** SUMMARY ***
Total pot 760 | No rake
Board: [4s 9s Jh Ah 2s]
Seat 2: _SKR (small blind) (button) showed [5h 6s] and lost with High card : Ace
Seat 3: Antho30000 (big blind) showed [6c 8c] and won 760 with High card : Ace


