Winamax Poker - Tournament "Expresso Nitro" buyIn: 1.86€ + 0.14€ level: 1 - HandId: #2694775525049630721-1-1674956223 - Holdem no limit (10/20) - 2023/01/29 01:37:03 UTC
Table: 'Expresso Nitro(627426320)#0' 3-max (real money) Seat #2 is the button
Seat 1: _SKR (300)
Seat 2: lazu98 (300)
Seat 3: Wapiti-Pale3 (300)
*** ANTE/BLINDS ***
Wapiti-Pale3 posts small blind 10
_SKR posts big blind 20
Dealt to _SKR [2d Ah]
*** PRE-FLOP *** 
lazu98 calls 20
Wapiti-Pale3 raises 280 to 300 and is all-in
_SKR folds
lazu98 calls 280 and is all-in
*** FLOP *** [6s Ks 4h]
*** TURN *** [6s Ks 4h][2h]
*** RIVER *** [6s Ks 4h 2h][Ad]
*** SHOW DOWN ***
Wapiti-Pale3 shows [Qc Kh] (One pair : Kings)
lazu98 shows [6c Kc] (Two pairs : Kings and 6)
lazu98 collected 620 from pot
*** SUMMARY ***
Total pot 620 | No rake
Board: [6s Ks 4h 2h Ad]
Seat 2: lazu98 (button) showed [6c Kc] and won 620 with Two pairs : Kings and 6
Seat 3: Wapiti-Pale3 (small blind) showed [Qc Kh] and lost with One pair : Kings


Winamax Poker - Tournament "Expresso Nitro" buyIn: 1.86€ + 0.14€ level: 1 - HandId: #2694775525049630721-2-1674956252 - Holdem no limit (10/20) - 2023/01/29 01:37:32 UTC
Table: 'Expresso Nitro(627426320)#0' 3-max (real money) Seat #1 is the button
Seat 1: _SKR (280)
Seat 2: lazu98 (620)
*** ANTE/BLINDS ***
_SKR posts small blind 10
lazu98 posts big blind 20
Dealt to _SKR [7c Qd]
*** PRE-FLOP *** 
_SKR calls 10
lazu98 checks
*** FLOP *** [4d 8c 8h]
lazu98 checks
_SKR checks
*** TURN *** [4d 8c 8h][Jh]
lazu98 checks
_SKR checks
*** RIVER *** [4d 8c 8h Jh][As]
lazu98 checks
_SKR checks
*** SHOW DOWN ***
lazu98 shows [7h Td] (One pair : 8)
_SKR shows [7c Qd] (One pair : 8)
_SKR collected 40 from pot
*** SUMMARY ***
Total pot 40 | No rake
Board: [4d 8c 8h Jh As]
Seat 1: _SKR (small blind) (button) showed [7c Qd] and won 40 with One pair : 8
Seat 2: lazu98 (big blind) showed [7h Td] and lost with One pair : 8


Winamax Poker - Tournament "Expresso Nitro" buyIn: 1.86€ + 0.14€ level: 2 - HandId: #2694775525049630721-3-1674956310 - Holdem no limit (15/30) - 2023/01/29 01:38:30 UTC
Table: 'Expresso Nitro(627426320)#0' 3-max (real money) Seat #2 is the button
Seat 1: _SKR (300)
Seat 2: lazu98 (600)
*** ANTE/BLINDS ***
lazu98 posts small blind 15
_SKR posts big blind 30
Dealt to _SKR [Ah 2d]
*** PRE-FLOP *** 
lazu98 raises 570 to 600 and is all-in
_SKR calls 270 and is all-in
*** FLOP *** [9s As 6s]
*** TURN *** [9s As 6s][3d]
*** RIVER *** [9s As 6s 3d][Qs]
*** SHOW DOWN ***
_SKR shows [Ah 2d] (One pair : Aces)
lazu98 shows [7d 7h] (One pair : 7)
lazu98 collected 300 from side pot 1
_SKR collected 600 from main pot
*** SUMMARY ***
Total pot 900 | No rake
Board: [9s As 6s 3d Qs]
Seat 1: _SKR (big blind) showed [Ah 2d] and won 600 with One pair : Aces
Seat 2: lazu98 (small blind) (button) showed [7d 7h] and won 300 with One pair : 7


Winamax Poker - Tournament "Expresso Nitro" buyIn: 1.86€ + 0.14€ level: 2 - HandId: #2694775525049630721-4-1674956325 - Holdem no limit (15/30) - 2023/01/29 01:38:45 UTC
Table: 'Expresso Nitro(627426320)#0' 3-max (real money) Seat #1 is the button
Seat 1: _SKR (600)
Seat 2: lazu98 (300)
*** ANTE/BLINDS ***
_SKR posts small blind 15
lazu98 posts big blind 30
Dealt to _SKR [4s Qc]
*** PRE-FLOP *** 
_SKR folds
lazu98 collected 45 from pot
*** SUMMARY ***
Total pot 45 | No rake
Seat 2: lazu98 (big blind) won 45


Winamax Poker - Tournament "Expresso Nitro" buyIn: 1.86€ + 0.14€ level: 2 - HandId: #2694775525049630721-5-1674956331 - Holdem no limit (15/30) - 2023/01/29 01:38:51 UTC
Table: 'Expresso Nitro(627426320)#0' 3-max (real money) Seat #2 is the button
Seat 1: _SKR (585)
Seat 2: lazu98 (315)
*** ANTE/BLINDS ***
lazu98 posts small blind 15
_SKR posts big blind 30
Dealt to _SKR [Qh Th]
*** PRE-FLOP *** 
lazu98 raises 285 to 315 and is all-in
_SKR folds
lazu98 collected 345 from pot
*** SUMMARY ***
Total pot 345 | No rake
Seat 2: lazu98 (small blind) (button) won 345


Winamax Poker - Tournament "Expresso Nitro" buyIn: 1.86€ + 0.14€ level: 2 - HandId: #2694775525049630721-6-1674956336 - Holdem no limit (15/30) - 2023/01/29 01:38:56 UTC
Table: 'Expresso Nitro(627426320)#0' 3-max (real money) Seat #1 is the button
Seat 1: _SKR (555)
Seat 2: lazu98 (345)
*** ANTE/BLINDS ***
_SKR posts small blind 15
lazu98 posts big blind 30
Dealt to _SKR [5d 6h]
*** PRE-FLOP *** 
_SKR folds
lazu98 collected 45 from pot
*** SUMMARY ***
Total pot 45 | No rake
Seat 2: lazu98 (big blind) won 45


Winamax Poker - Tournament "Expresso Nitro" buyIn: 1.86€ + 0.14€ level: 3 - HandId: #2694775525049630721-7-1674956346 - Holdem no limit (20/40) - 2023/01/29 01:39:06 UTC
Table: 'Expresso Nitro(627426320)#0' 3-max (real money) Seat #2 is the button
Seat 1: _SKR (540)
Seat 2: lazu98 (360)
*** ANTE/BLINDS ***
lazu98 posts small blind 20
_SKR posts big blind 40
Dealt to _SKR [4c Td]
*** PRE-FLOP *** 
lazu98 raises 320 to 360 and is all-in
_SKR folds
lazu98 collected 400 from pot
*** SUMMARY ***
Total pot 400 | No rake
Seat 2: lazu98 (small blind) (button) won 400


Winamax Poker - Tournament "Expresso Nitro" buyIn: 1.86€ + 0.14€ level: 3 - HandId: #2694775525049630721-8-1674956357 - Holdem no limit (20/40) - 2023/01/29 01:39:17 UTC
Table: 'Expresso Nitro(627426320)#0' 3-max (real money) Seat #1 is the button
Seat 1: _SKR (500)
Seat 2: lazu98 (400)
*** ANTE/BLINDS ***
_SKR posts small blind 20
lazu98 posts big blind 40
Dealt to _SKR [2c Js]
*** PRE-FLOP *** 
_SKR folds
lazu98 collected 60 from pot
*** SUMMARY ***
Total pot 60 | No rake
Seat 2: lazu98 (big blind) won 60


Winamax Poker - Tournament "Expresso Nitro" buyIn: 1.86€ + 0.14€ level: 3 - HandId: #2694775525049630721-9-1674956362 - Holdem no limit (20/40) - 2023/01/29 01:39:22 UTC
Table: 'Expresso Nitro(627426320)#0' 3-max (real money) Seat #2 is the button
Seat 1: _SKR (480)
Seat 2: lazu98 (420)
*** ANTE/BLINDS ***
lazu98 posts small blind 20
_SKR posts big blind 40
Dealt to _SKR [7s Kd]
*** PRE-FLOP *** 
lazu98 folds
_SKR collected 60 from pot
*** SUMMARY ***
Total pot 60 | No rake
Seat 1: _SKR (big blind) won 60


Winamax Poker - Tournament "Expresso Nitro" buyIn: 1.86€ + 0.14€ level: 3 - HandId: #2694775525049630721-10-1674956365 - Holdem no limit (20/40) - 2023/01/29 01:39:25 UTC
Table: 'Expresso Nitro(627426320)#0' 3-max (real money) Seat #1 is the button
Seat 1: _SKR (500)
Seat 2: lazu98 (400)
*** ANTE/BLINDS ***
_SKR posts small blind 20
lazu98 posts big blind 40
Dealt to _SKR [6d Ts]
*** PRE-FLOP *** 
_SKR folds
lazu98 collected 60 from pot
*** SUMMARY ***
Total pot 60 | No rake
Seat 2: lazu98 (big blind) won 60


Winamax Poker - Tournament "Expresso Nitro" buyIn: 1.86€ + 0.14€ level: 3 - HandId: #2694775525049630721-11-1674956369 - Holdem no limit (20/40) - 2023/01/29 01:39:29 UTC
Table: 'Expresso Nitro(627426320)#0' 3-max (real money) Seat #2 is the button
Seat 1: _SKR (480)
Seat 2: lazu98 (420)
*** ANTE/BLINDS ***
lazu98 posts small blind 20
_SKR posts big blind 40
Dealt to _SKR [6d Qc]
*** PRE-FLOP *** 
lazu98 folds
_SKR collected 60 from pot
*** SUMMARY ***
Total pot 60 | No rake
Seat 1: _SKR (big blind) won 60


Winamax Poker - Tournament "Expresso Nitro" buyIn: 1.86€ + 0.14€ level: 3 - HandId: #2694775525049630721-12-1674956373 - Holdem no limit (20/40) - 2023/01/29 01:39:33 UTC
Table: 'Expresso Nitro(627426320)#0' 3-max (real money) Seat #1 is the button
Seat 1: _SKR (500)
Seat 2: lazu98 (400)
*** ANTE/BLINDS ***
_SKR posts small blind 20
lazu98 posts big blind 40
Dealt to _SKR [2s Ad]
*** PRE-FLOP *** 
_SKR raises 460 to 500 and is all-in
lazu98 calls 360 and is all-in
*** FLOP *** [Kd Kc 3h]
*** TURN *** [Kd Kc 3h][4s]
*** RIVER *** [Kd Kc 3h 4s][6d]
*** SHOW DOWN ***
lazu98 shows [9d Jd] (One pair : Kings)
_SKR shows [2s Ad] (One pair : Kings)
_SKR collected 900 from pot
*** SUMMARY ***
Total pot 900 | No rake
Board: [Kd Kc 3h 4s 6d]
Seat 1: _SKR (small blind) (button) showed [2s Ad] and won 900 with One pair : Kings
Seat 2: lazu98 (big blind) showed [9d Jd] and lost with One pair : Kings


