Winamax Poker - Tournament "Expresso Nitro" buyIn: 0.93€ + 0.07€ level: 1 - HandId: #2717921073743003649-1-1676239968 - Holdem no limit (10/20) - 2023/02/12 22:12:48 UTC
Table: 'Expresso Nitro(632815313)#0' 3-max (real money) Seat #2 is the button
Seat 1: Mr_vegebom (300)
Seat 2: _SKR (300)
Seat 3: -Swampy06- (300)
*** ANTE/BLINDS ***
-Swampy06- posts small blind 10
Mr_vegebom posts big blind 20
Dealt to _SKR [5h 4h]
*** PRE-FLOP *** 
_SKR folds
-Swampy06- calls 10
Mr_vegebom checks
*** FLOP *** [Ad 8d 9s]
-Swampy06- checks
Mr_vegebom bets 20
-Swampy06- calls 20
*** TURN *** [Ad 8d 9s][3s]
-Swampy06- checks
Mr_vegebom checks
*** RIVER *** [Ad 8d 9s 3s][4c]
-Swampy06- checks
Mr_vegebom checks
*** SHOW DOWN ***
Mr_vegebom shows [2h 6h] (High card : Ace)
-Swampy06- shows [Jd 9h] (One pair : 9)
-Swampy06- collected 80 from pot
*** SUMMARY ***
Total pot 80 | No rake
Board: [Ad 8d 9s 3s 4c]
Seat 1: Mr_vegebom (big blind) showed [2h 6h] and lost with High card : Ace
Seat 3: -Swampy06- (small blind) showed [Jd 9h] and won 80 with One pair : 9


Winamax Poker - Tournament "Expresso Nitro" buyIn: 0.93€ + 0.07€ level: 1 - HandId: #2717921073743003649-2-1676239998 - Holdem no limit (10/20) - 2023/02/12 22:13:18 UTC
Table: 'Expresso Nitro(632815313)#0' 3-max (real money) Seat #3 is the button
Seat 1: Mr_vegebom (260)
Seat 2: _SKR (300)
Seat 3: -Swampy06- (340)
*** ANTE/BLINDS ***
Mr_vegebom posts small blind 10
_SKR posts big blind 20
Dealt to _SKR [5d 3h]
*** PRE-FLOP *** 
-Swampy06- folds
Mr_vegebom raises 20 to 40
_SKR folds
Mr_vegebom collected 60 from pot
*** SUMMARY ***
Total pot 60 | No rake
Seat 1: Mr_vegebom (small blind) won 60


Winamax Poker - Tournament "Expresso Nitro" buyIn: 0.93€ + 0.07€ level: 1 - HandId: #2717921073743003649-3-1676240008 - Holdem no limit (10/20) - 2023/02/12 22:13:28 UTC
Table: 'Expresso Nitro(632815313)#0' 3-max (real money) Seat #1 is the button
Seat 1: Mr_vegebom (280)
Seat 2: _SKR (280)
Seat 3: -Swampy06- (340)
*** ANTE/BLINDS ***
_SKR posts small blind 10
-Swampy06- posts big blind 20
Dealt to _SKR [Qd Td]
*** PRE-FLOP *** 
Mr_vegebom raises 20 to 40
_SKR folds
-Swampy06- folds
Mr_vegebom collected 70 from pot
*** SUMMARY ***
Total pot 70 | No rake
Seat 1: Mr_vegebom (button) won 70


Winamax Poker - Tournament "Expresso Nitro" buyIn: 0.93€ + 0.07€ level: 1 - HandId: #2717921073743003649-4-1676240015 - Holdem no limit (10/20) - 2023/02/12 22:13:35 UTC
Table: 'Expresso Nitro(632815313)#0' 3-max (real money) Seat #2 is the button
Seat 1: Mr_vegebom (310)
Seat 2: _SKR (270)
Seat 3: -Swampy06- (320)
*** ANTE/BLINDS ***
-Swampy06- posts small blind 10
Mr_vegebom posts big blind 20
Dealt to _SKR [2c 3h]
*** PRE-FLOP *** 
_SKR folds
-Swampy06- raises 30 to 50
Mr_vegebom calls 30
*** FLOP *** [Tc 5d 3d]
-Swampy06- bets 40
Mr_vegebom raises 40 to 80
-Swampy06- raises 190 to 270 and is all-in
Mr_vegebom calls 180 and is all-in
*** TURN *** [Tc 5d 3d][4d]
*** RIVER *** [Tc 5d 3d 4d][6d]
*** SHOW DOWN ***
Mr_vegebom shows [Td 6h] (Flush Ten high)
-Swampy06- shows [Jh Jc] (One pair : Jacks)
-Swampy06- collected 10 from side pot 1
Mr_vegebom collected 620 from main pot
*** SUMMARY ***
Total pot 630 | No rake
Board: [Tc 5d 3d 4d 6d]
Seat 1: Mr_vegebom (big blind) showed [Td 6h] and won 620 with Flush Ten high
Seat 3: -Swampy06- (small blind) showed [Jh Jc] and won 10 with One pair : Jacks


Winamax Poker - Tournament "Expresso Nitro" buyIn: 0.93€ + 0.07€ level: 2 - HandId: #2717921073743003649-5-1676240039 - Holdem no limit (15/30) - 2023/02/12 22:13:59 UTC
Table: 'Expresso Nitro(632815313)#0' 3-max (real money) Seat #3 is the button
Seat 1: Mr_vegebom (620)
Seat 2: _SKR (270)
Seat 3: -Swampy06- (10)
*** ANTE/BLINDS ***
Mr_vegebom posts small blind 15
_SKR posts big blind 30
Dealt to _SKR [Jh 4s]
*** PRE-FLOP *** 
-Swampy06- calls 10 and is all-in
Mr_vegebom raises 30 to 60
_SKR folds
*** FLOP *** [Qd 7c 4h]
*** TURN *** [Qd 7c 4h][Ks]
*** RIVER *** [Qd 7c 4h Ks][7d]
*** SHOW DOWN ***
-Swampy06- shows [5s Ts] (One pair : 7)
Mr_vegebom shows [Ac 6s] (One pair : 7)
Mr_vegebom collected 100 from pot
*** SUMMARY ***
Total pot 100 | No rake
Board: [Qd 7c 4h Ks 7d]
Seat 1: Mr_vegebom (small blind) showed [Ac 6s] and won 100 with One pair : 7
Seat 3: -Swampy06- (button) showed [5s Ts] and lost with One pair : 7


Winamax Poker - Tournament "Expresso Nitro" buyIn: 0.93€ + 0.07€ level: 2 - HandId: #2717921073743003649-6-1676240065 - Holdem no limit (15/30) - 2023/02/12 22:14:25 UTC
Table: 'Expresso Nitro(632815313)#0' 3-max (real money) Seat #2 is the button
Seat 1: Mr_vegebom (660)
Seat 2: _SKR (240)
*** ANTE/BLINDS ***
_SKR posts small blind 15
Mr_vegebom posts big blind 30
Dealt to _SKR [4d Th]
*** PRE-FLOP *** 
_SKR folds
Mr_vegebom collected 45 from pot
*** SUMMARY ***
Total pot 45 | No rake
Seat 1: Mr_vegebom (big blind) won 45


Winamax Poker - Tournament "Expresso Nitro" buyIn: 0.93€ + 0.07€ level: 2 - HandId: #2717921073743003649-7-1676240069 - Holdem no limit (15/30) - 2023/02/12 22:14:29 UTC
Table: 'Expresso Nitro(632815313)#0' 3-max (real money) Seat #1 is the button
Seat 1: Mr_vegebom (675)
Seat 2: _SKR (225)
*** ANTE/BLINDS ***
Mr_vegebom posts small blind 15
_SKR posts big blind 30
Dealt to _SKR [3c Td]
*** PRE-FLOP *** 
Mr_vegebom calls 15
_SKR checks
*** FLOP *** [7s 9h Qh]
_SKR checks
Mr_vegebom bets 30
_SKR folds
Mr_vegebom collected 90 from pot
*** SUMMARY ***
Total pot 90 | No rake
Board: [7s 9h Qh]
Seat 1: Mr_vegebom (small blind) (button) won 90


Winamax Poker - Tournament "Expresso Nitro" buyIn: 0.93€ + 0.07€ level: 3 - HandId: #2717921073743003649-8-1676240090 - Holdem no limit (20/40) - 2023/02/12 22:14:50 UTC
Table: 'Expresso Nitro(632815313)#0' 3-max (real money) Seat #2 is the button
Seat 1: Mr_vegebom (705)
Seat 2: _SKR (195)
*** ANTE/BLINDS ***
_SKR posts small blind 20
Mr_vegebom posts big blind 40
Dealt to _SKR [7c 7d]
*** PRE-FLOP *** 
_SKR raises 155 to 195 and is all-in
Mr_vegebom raises 510 to 705 and is all-in
*** FLOP *** [3s Kc 2s]
*** TURN *** [3s Kc 2s][7s]
*** RIVER *** [3s Kc 2s 7s][9c]
*** SHOW DOWN ***
Mr_vegebom shows [Kd Ts] (One pair : Kings)
_SKR shows [7c 7d] (Trips of 7)
_SKR collected 390 from main pot
Mr_vegebom collected 510 from side pot 1
*** SUMMARY ***
Total pot 900 | No rake
Board: [3s Kc 2s 7s 9c]
Seat 1: Mr_vegebom (big blind) showed [Kd Ts] and won 510 with One pair : Kings
Seat 2: _SKR (small blind) (button) showed [7c 7d] and won 390 with Trips of 7


Winamax Poker - Tournament "Expresso Nitro" buyIn: 0.93€ + 0.07€ level: 3 - HandId: #2717921073743003649-9-1676240104 - Holdem no limit (20/40) - 2023/02/12 22:15:04 UTC
Table: 'Expresso Nitro(632815313)#0' 3-max (real money) Seat #1 is the button
Seat 1: Mr_vegebom (510)
Seat 2: _SKR (390)
*** ANTE/BLINDS ***
Mr_vegebom posts small blind 20
_SKR posts big blind 40
Dealt to _SKR [2s Qd]
*** PRE-FLOP *** 
Mr_vegebom raises 40 to 80
_SKR folds
Mr_vegebom collected 120 from pot
*** SUMMARY ***
Total pot 120 | No rake
Seat 1: Mr_vegebom (small blind) (button) won 120


Winamax Poker - Tournament "Expresso Nitro" buyIn: 0.93€ + 0.07€ level: 3 - HandId: #2717921073743003649-10-1676240110 - Holdem no limit (20/40) - 2023/02/12 22:15:10 UTC
Table: 'Expresso Nitro(632815313)#0' 3-max (real money) Seat #2 is the button
Seat 1: Mr_vegebom (550)
Seat 2: _SKR (350)
*** ANTE/BLINDS ***
_SKR posts small blind 20
Mr_vegebom posts big blind 40
Dealt to _SKR [Qc 9c]
*** PRE-FLOP *** 
_SKR raises 310 to 350 and is all-in
Mr_vegebom folds
_SKR collected 390 from pot
*** SUMMARY ***
Total pot 390 | No rake
Seat 2: _SKR (small blind) (button) won 390


Winamax Poker - Tournament "Expresso Nitro" buyIn: 0.93€ + 0.07€ level: 3 - HandId: #2717921073743003649-11-1676240115 - Holdem no limit (20/40) - 2023/02/12 22:15:15 UTC
Table: 'Expresso Nitro(632815313)#0' 3-max (real money) Seat #1 is the button
Seat 1: Mr_vegebom (510)
Seat 2: _SKR (390)
*** ANTE/BLINDS ***
Mr_vegebom posts small blind 20
_SKR posts big blind 40
Dealt to _SKR [6s 6d]
*** PRE-FLOP *** 
Mr_vegebom raises 60 to 100
_SKR raises 290 to 390 and is all-in
Mr_vegebom raises 120 to 510 and is all-in
*** FLOP *** [9h 8d Tc]
*** TURN *** [9h 8d Tc][7d]
*** RIVER *** [9h 8d Tc 7d][As]
*** SHOW DOWN ***
Mr_vegebom shows [Ad Qc] (One pair : Aces)
_SKR shows [6s 6d] (Straight Ten high)
_SKR collected 780 from main pot
Mr_vegebom collected 120 from side pot 1
*** SUMMARY ***
Total pot 900 | No rake
Board: [9h 8d Tc 7d As]
Seat 1: Mr_vegebom (small blind) (button) showed [Ad Qc] and won 120 with One pair : Aces
Seat 2: _SKR (big blind) showed [6s 6d] and won 780 with Straight Ten high


Winamax Poker - Tournament "Expresso Nitro" buyIn: 0.93€ + 0.07€ level: 3 - HandId: #2717921073743003649-12-1676240137 - Holdem no limit (20/40) - 2023/02/12 22:15:37 UTC
Table: 'Expresso Nitro(632815313)#0' 3-max (real money) Seat #2 is the button
Seat 1: Mr_vegebom (120)
Seat 2: _SKR (780)
*** ANTE/BLINDS ***
_SKR posts small blind 20
Mr_vegebom posts big blind 40
Dealt to _SKR [3d As]
*** PRE-FLOP *** 
_SKR raises 740 to 780 and is all-in
Mr_vegebom folds
_SKR collected 820 from pot
*** SUMMARY ***
Total pot 820 | No rake
Seat 2: _SKR (small blind) (button) won 820


Winamax Poker - Tournament "Expresso Nitro" buyIn: 0.93€ + 0.07€ level: 3 - HandId: #2717921073743003649-13-1676240143 - Holdem no limit (20/40) - 2023/02/12 22:15:43 UTC
Table: 'Expresso Nitro(632815313)#0' 3-max (real money) Seat #1 is the button
Seat 1: Mr_vegebom (80)
Seat 2: _SKR (820)
*** ANTE/BLINDS ***
Mr_vegebom posts small blind 20
_SKR posts big blind 40
Dealt to _SKR [4c 4h]
*** PRE-FLOP *** 
Mr_vegebom raises 40 to 80 and is all-in
_SKR calls 40
*** FLOP *** [3s Ac 4d]
*** TURN *** [3s Ac 4d][8h]
*** RIVER *** [3s Ac 4d 8h][Kd]
*** SHOW DOWN ***
Mr_vegebom shows [9s Js] (High card : Ace)
_SKR shows [4c 4h] (Trips of 4)
_SKR collected 160 from pot
*** SUMMARY ***
Total pot 160 | No rake
Board: [3s Ac 4d 8h Kd]
Seat 1: Mr_vegebom (small blind) (button) showed [9s Js] and lost with High card : Ace
Seat 2: _SKR (big blind) showed [4c 4h] and won 160 with Trips of 4


