Winamax Poker - Tournament "Expresso Nitro" buyIn: 0.93€ + 0.07€ level: 1 - HandId: #2690596019359449089-1-1674687269 - Holdem no limit (10/20) - 2023/01/25 22:54:29 UTC
Table: 'Expresso Nitro(626453203)#0' 3-max (real money) Seat #1 is the button
Seat 1: Anisg.7 (300)
Seat 2: _SKR (300)
Seat 3: Monillo214 (300)
*** ANTE/BLINDS ***
_SKR posts small blind 10
Monillo214 posts big blind 20
Dealt to _SKR [Ks 6d]
*** PRE-FLOP *** 
Anisg.7 raises 40 to 60
_SKR folds
Monillo214 raises 240 to 300 and is all-in
Anisg.7 calls 240 and is all-in
*** FLOP *** [6s Qh 4h]
*** TURN *** [6s Qh 4h][9h]
*** RIVER *** [6s Qh 4h 9h][7s]
*** SHOW DOWN ***
Anisg.7 shows [Kd 8d] (High card : King)
Monillo214 shows [4d 4c] (Trips of 4)
Monillo214 collected 610 from pot
*** SUMMARY ***
Total pot 610 | No rake
Board: [6s Qh 4h 9h 7s]
Seat 1: Anisg.7 (button) showed [Kd 8d] and lost with High card : King
Seat 3: Monillo214 (big blind) showed [4d 4c] and won 610 with Trips of 4


Winamax Poker - Tournament "Expresso Nitro" buyIn: 0.93€ + 0.07€ level: 1 - HandId: #2690596019359449089-2-1674687293 - Holdem no limit (10/20) - 2023/01/25 22:54:53 UTC
Table: 'Expresso Nitro(626453203)#0' 3-max (real money) Seat #3 is the button
Seat 2: _SKR (290)
Seat 3: Monillo214 (610)
*** ANTE/BLINDS ***
Monillo214 posts small blind 10
_SKR posts big blind 20
Dealt to _SKR [Qs 9h]
*** PRE-FLOP *** 
Monillo214 folds
_SKR collected 30 from pot
*** SUMMARY ***
Total pot 30 | No rake
Seat 2: _SKR (big blind) won 30


Winamax Poker - Tournament "Expresso Nitro" buyIn: 0.93€ + 0.07€ level: 1 - HandId: #2690596019359449089-3-1674687297 - Holdem no limit (10/20) - 2023/01/25 22:54:57 UTC
Table: 'Expresso Nitro(626453203)#0' 3-max (real money) Seat #2 is the button
Seat 2: _SKR (300)
Seat 3: Monillo214 (600)
*** ANTE/BLINDS ***
_SKR posts small blind 10
Monillo214 posts big blind 20
Dealt to _SKR [6c 2c]
*** PRE-FLOP *** 
_SKR folds
Monillo214 collected 30 from pot
*** SUMMARY ***
Total pot 30 | No rake
Seat 3: Monillo214 (big blind) won 30


Winamax Poker - Tournament "Expresso Nitro" buyIn: 0.93€ + 0.07€ level: 1 - HandId: #2690596019359449089-4-1674687304 - Holdem no limit (10/20) - 2023/01/25 22:55:04 UTC
Table: 'Expresso Nitro(626453203)#0' 3-max (real money) Seat #3 is the button
Seat 2: _SKR (290)
Seat 3: Monillo214 (610)
*** ANTE/BLINDS ***
Monillo214 posts small blind 10
_SKR posts big blind 20
Dealt to _SKR [9h Kc]
*** PRE-FLOP *** 
Monillo214 folds
_SKR collected 30 from pot
*** SUMMARY ***
Total pot 30 | No rake
Seat 2: _SKR (big blind) won 30


Winamax Poker - Tournament "Expresso Nitro" buyIn: 0.93€ + 0.07€ level: 1 - HandId: #2690596019359449089-5-1674687308 - Holdem no limit (10/20) - 2023/01/25 22:55:08 UTC
Table: 'Expresso Nitro(626453203)#0' 3-max (real money) Seat #2 is the button
Seat 2: _SKR (300)
Seat 3: Monillo214 (600)
*** ANTE/BLINDS ***
_SKR posts small blind 10
Monillo214 posts big blind 20
Dealt to _SKR [9h 3s]
*** PRE-FLOP *** 
_SKR folds
Monillo214 collected 30 from pot
*** SUMMARY ***
Total pot 30 | No rake
Seat 3: Monillo214 (big blind) won 30


Winamax Poker - Tournament "Expresso Nitro" buyIn: 0.93€ + 0.07€ level: 1 - HandId: #2690596019359449089-6-1674687313 - Holdem no limit (10/20) - 2023/01/25 22:55:13 UTC
Table: 'Expresso Nitro(626453203)#0' 3-max (real money) Seat #3 is the button
Seat 2: _SKR (290)
Seat 3: Monillo214 (610)
*** ANTE/BLINDS ***
Monillo214 posts small blind 10
_SKR posts big blind 20
Dealt to _SKR [2s Jc]
*** PRE-FLOP *** 
Monillo214 raises 590 to 610 and is all-in
_SKR folds
Monillo214 collected 630 from pot
*** SUMMARY ***
Total pot 630 | No rake
Seat 3: Monillo214 (small blind) (button) won 630


Winamax Poker - Tournament "Expresso Nitro" buyIn: 0.93€ + 0.07€ level: 1 - HandId: #2690596019359449089-7-1674687319 - Holdem no limit (10/20) - 2023/01/25 22:55:19 UTC
Table: 'Expresso Nitro(626453203)#0' 3-max (real money) Seat #2 is the button
Seat 2: _SKR (270)
Seat 3: Monillo214 (630)
*** ANTE/BLINDS ***
_SKR posts small blind 10
Monillo214 posts big blind 20
Dealt to _SKR [6d 5h]
*** PRE-FLOP *** 
_SKR folds
Monillo214 collected 30 from pot
*** SUMMARY ***
Total pot 30 | No rake
Seat 3: Monillo214 (big blind) won 30


Winamax Poker - Tournament "Expresso Nitro" buyIn: 0.93€ + 0.07€ level: 2 - HandId: #2690596019359449089-8-1674687326 - Holdem no limit (15/30) - 2023/01/25 22:55:26 UTC
Table: 'Expresso Nitro(626453203)#0' 3-max (real money) Seat #3 is the button
Seat 2: _SKR (260)
Seat 3: Monillo214 (640)
*** ANTE/BLINDS ***
Monillo214 posts small blind 15
_SKR posts big blind 30
Dealt to _SKR [Qh Ah]
*** PRE-FLOP *** 
Monillo214 calls 15
_SKR raises 230 to 260 and is all-in
Monillo214 folds
_SKR collected 290 from pot
*** SUMMARY ***
Total pot 290 | No rake
Seat 2: _SKR (big blind) won 290


Winamax Poker - Tournament "Expresso Nitro" buyIn: 0.93€ + 0.07€ level: 2 - HandId: #2690596019359449089-9-1674687337 - Holdem no limit (15/30) - 2023/01/25 22:55:37 UTC
Table: 'Expresso Nitro(626453203)#0' 3-max (real money) Seat #2 is the button
Seat 2: _SKR (290)
Seat 3: Monillo214 (610)
*** ANTE/BLINDS ***
_SKR posts small blind 15
Monillo214 posts big blind 30
Dealt to _SKR [Jd 9s]
*** PRE-FLOP *** 
_SKR calls 15
Monillo214 checks
*** FLOP *** [Qc 3d 4s]
Monillo214 checks
_SKR checks
*** TURN *** [Qc 3d 4s][Ts]
Monillo214 checks
_SKR bets 30
Monillo214 folds
_SKR collected 90 from pot
*** SUMMARY ***
Total pot 90 | No rake
Board: [Qc 3d 4s Ts]
Seat 2: _SKR (small blind) (button) won 90


Winamax Poker - Tournament "Expresso Nitro" buyIn: 0.93€ + 0.07€ level: 2 - HandId: #2690596019359449089-10-1674687361 - Holdem no limit (15/30) - 2023/01/25 22:56:01 UTC
Table: 'Expresso Nitro(626453203)#0' 3-max (real money) Seat #3 is the button
Seat 2: _SKR (320)
Seat 3: Monillo214 (580)
*** ANTE/BLINDS ***
Monillo214 posts small blind 15
_SKR posts big blind 30
Dealt to _SKR [Jh Kh]
*** PRE-FLOP *** 
Monillo214 raises 550 to 580 and is all-in
_SKR calls 290 and is all-in
*** FLOP *** [9c 2c 2s]
*** TURN *** [9c 2c 2s][Ts]
*** RIVER *** [9c 2c 2s Ts][Ah]
*** SHOW DOWN ***
_SKR shows [Jh Kh] (One pair : 2)
Monillo214 shows [9s 9h] (Full of 9 and 2)
Monillo214 collected 900 from pot
*** SUMMARY ***
Total pot 900 | No rake
Board: [9c 2c 2s Ts Ah]
Seat 2: _SKR (big blind) showed [Jh Kh] and lost with One pair : 2
Seat 3: Monillo214 (small blind) (button) showed [9s 9h] and won 900 with Full of 9 and 2


