Winamax Poker - Tournament "Expresso Nitro" buyIn: 0.93€ + 0.07€ level: 1 - HandId: #2666588603873755137-1-1673284190 - Holdem no limit (10/20) - 2023/01/09 17:09:50 UTC
Table: 'Expresso Nitro(620863541)#0' 3-max (real money) Seat #1 is the button
Seat 1: soo33600 (300)
Seat 2: Mugiwara_19 (300)
Seat 3: _SKR (300)
*** ANTE/BLINDS ***
Mugiwara_19 posts small blind 10
_SKR posts big blind 20
Dealt to _SKR [7c Jc]
*** PRE-FLOP *** 
soo33600 folds
Mugiwara_19 raises 40 to 60
_SKR calls 40
*** FLOP *** [9d 9s 2d]
Mugiwara_19 bets 78
_SKR folds
Mugiwara_19 collected 198 from pot
*** SUMMARY ***
Total pot 198 | No rake
Board: [9d 9s 2d]
Seat 2: Mugiwara_19 (small blind) won 198


Winamax Poker - Tournament "Expresso Nitro" buyIn: 0.93€ + 0.07€ level: 1 - HandId: #2666588603873755137-2-1673284225 - Holdem no limit (10/20) - 2023/01/09 17:10:25 UTC
Table: 'Expresso Nitro(620863541)#0' 3-max (real money) Seat #2 is the button
Seat 1: soo33600 (300)
Seat 2: Mugiwara_19 (360)
Seat 3: _SKR (240)
*** ANTE/BLINDS ***
_SKR posts small blind 10
soo33600 posts big blind 20
Dealt to _SKR [Qc Th]
*** PRE-FLOP *** 
Mugiwara_19 raises 340 to 360 and is all-in
_SKR folds
soo33600 folds
Mugiwara_19 collected 390 from pot
*** SUMMARY ***
Total pot 390 | No rake
Seat 2: Mugiwara_19 (button) won 390


Winamax Poker - Tournament "Expresso Nitro" buyIn: 0.93€ + 0.07€ level: 1 - HandId: #2666588603873755137-3-1673284235 - Holdem no limit (10/20) - 2023/01/09 17:10:35 UTC
Table: 'Expresso Nitro(620863541)#0' 3-max (real money) Seat #3 is the button
Seat 1: soo33600 (280)
Seat 2: Mugiwara_19 (390)
Seat 3: _SKR (230)
*** ANTE/BLINDS ***
soo33600 posts small blind 10
Mugiwara_19 posts big blind 20
Dealt to _SKR [Qh 2c]
*** PRE-FLOP *** 
_SKR folds
soo33600 calls 10
Mugiwara_19 checks
*** FLOP *** [7c As Ad]
soo33600 bets 20
Mugiwara_19 folds
soo33600 collected 60 from pot
*** SUMMARY ***
Total pot 60 | No rake
Board: [7c As Ad]
Seat 1: soo33600 (small blind) won 60


Winamax Poker - Tournament "Expresso Nitro" buyIn: 0.93€ + 0.07€ level: 1 - HandId: #2666588603873755137-4-1673284245 - Holdem no limit (10/20) - 2023/01/09 17:10:45 UTC
Table: 'Expresso Nitro(620863541)#0' 3-max (real money) Seat #1 is the button
Seat 1: soo33600 (300)
Seat 2: Mugiwara_19 (370)
Seat 3: _SKR (230)
*** ANTE/BLINDS ***
Mugiwara_19 posts small blind 10
_SKR posts big blind 20
Dealt to _SKR [9s 2s]
*** PRE-FLOP *** 
soo33600 folds
Mugiwara_19 folds
_SKR collected 30 from pot
*** SUMMARY ***
Total pot 30 | No rake
Seat 3: _SKR (big blind) won 30


Winamax Poker - Tournament "Expresso Nitro" buyIn: 0.93€ + 0.07€ level: 2 - HandId: #2666588603873755137-5-1673284250 - Holdem no limit (15/30) - 2023/01/09 17:10:50 UTC
Table: 'Expresso Nitro(620863541)#0' 3-max (real money) Seat #2 is the button
Seat 1: soo33600 (300)
Seat 2: Mugiwara_19 (360)
Seat 3: _SKR (240)
*** ANTE/BLINDS ***
_SKR posts small blind 15
soo33600 posts big blind 30
Dealt to _SKR [Jc Th]
*** PRE-FLOP *** 
Mugiwara_19 folds
_SKR raises 210 to 240 and is all-in
soo33600 folds
_SKR collected 270 from pot
*** SUMMARY ***
Total pot 270 | No rake
Seat 3: _SKR (small blind) won 270


Winamax Poker - Tournament "Expresso Nitro" buyIn: 0.93€ + 0.07€ level: 2 - HandId: #2666588603873755137-6-1673284257 - Holdem no limit (15/30) - 2023/01/09 17:10:57 UTC
Table: 'Expresso Nitro(620863541)#0' 3-max (real money) Seat #3 is the button
Seat 1: soo33600 (270)
Seat 2: Mugiwara_19 (360)
Seat 3: _SKR (270)
*** ANTE/BLINDS ***
soo33600 posts small blind 15
Mugiwara_19 posts big blind 30
Dealt to _SKR [Kh 6s]
*** PRE-FLOP *** 
_SKR folds
soo33600 folds
Mugiwara_19 collected 45 from pot
*** SUMMARY ***
Total pot 45 | No rake
Seat 2: Mugiwara_19 (big blind) won 45


Winamax Poker - Tournament "Expresso Nitro" buyIn: 0.93€ + 0.07€ level: 2 - HandId: #2666588603873755137-7-1673284262 - Holdem no limit (15/30) - 2023/01/09 17:11:02 UTC
Table: 'Expresso Nitro(620863541)#0' 3-max (real money) Seat #1 is the button
Seat 1: soo33600 (255)
Seat 2: Mugiwara_19 (375)
Seat 3: _SKR (270)
*** ANTE/BLINDS ***
Mugiwara_19 posts small blind 15
_SKR posts big blind 30
Dealt to _SKR [Ad 8s]
*** PRE-FLOP *** 
soo33600 raises 30 to 60
Mugiwara_19 folds
_SKR raises 210 to 270 and is all-in
soo33600 calls 195 and is all-in
*** FLOP *** [5c 6c 7h]
*** TURN *** [5c 6c 7h][7c]
*** RIVER *** [5c 6c 7h 7c][Th]
*** SHOW DOWN ***
soo33600 shows [Jc Ts] (Two pairs : Tens and 7)
_SKR shows [Ad 8s] (One pair : 7)
_SKR collected 15 from side pot 1
soo33600 collected 525 from main pot
*** SUMMARY ***
Total pot 540 | No rake
Board: [5c 6c 7h 7c Th]
Seat 1: soo33600 (button) showed [Jc Ts] and won 525 with Two pairs : Tens and 7
Seat 3: _SKR (big blind) showed [Ad 8s] and won 15 with One pair : 7


Winamax Poker - Tournament "Expresso Nitro" buyIn: 0.93€ + 0.07€ level: 2 - HandId: #2666588603873755137-8-1673284288 - Holdem no limit (15/30) - 2023/01/09 17:11:28 UTC
Table: 'Expresso Nitro(620863541)#0' 3-max (real money) Seat #2 is the button
Seat 1: soo33600 (525)
Seat 2: Mugiwara_19 (360)
Seat 3: _SKR (15)
*** ANTE/BLINDS ***
_SKR posts small blind 15 and is all-in
soo33600 posts big blind 30
Dealt to _SKR [Qh 3d]
*** PRE-FLOP *** 
Mugiwara_19 folds
*** FLOP *** [4d Ts 4s]
*** TURN *** [4d Ts 4s][3c]
*** RIVER *** [4d Ts 4s 3c][Ah]
*** SHOW DOWN ***
soo33600 shows [6d 9s] (One pair : 4)
_SKR shows [Qh 3d] (Two pairs : 4 and 3)
_SKR collected 30 from main pot
soo33600 collected 15 from side pot 1
*** SUMMARY ***
Total pot 45 | No rake
Board: [4d Ts 4s 3c Ah]
Seat 1: soo33600 (big blind) showed [6d 9s] and won 15 with One pair : 4
Seat 3: _SKR (small blind) showed [Qh 3d] and won 30 with Two pairs : 4 and 3


Winamax Poker - Tournament "Expresso Nitro" buyIn: 0.93€ + 0.07€ level: 2 - HandId: #2666588603873755137-9-1673284298 - Holdem no limit (15/30) - 2023/01/09 17:11:38 UTC
Table: 'Expresso Nitro(620863541)#0' 3-max (real money) Seat #3 is the button
Seat 1: soo33600 (510)
Seat 2: Mugiwara_19 (360)
Seat 3: _SKR (30)
*** ANTE/BLINDS ***
soo33600 posts small blind 15
Mugiwara_19 posts big blind 30
Dealt to _SKR [2c 7c]
*** PRE-FLOP *** 
_SKR calls 30 and is all-in
soo33600 folds
*** FLOP *** [4h 2h 5d]
*** TURN *** [4h 2h 5d][4c]
*** RIVER *** [4h 2h 5d 4c][Kc]
*** SHOW DOWN ***
Mugiwara_19 shows [Js 6s] (One pair : 4)
_SKR shows [2c 7c] (Two pairs : 4 and 2)
_SKR collected 75 from pot
*** SUMMARY ***
Total pot 75 | No rake
Board: [4h 2h 5d 4c Kc]
Seat 2: Mugiwara_19 (big blind) showed [Js 6s] and lost with One pair : 4
Seat 3: _SKR (button) showed [2c 7c] and won 75 with Two pairs : 4 and 2


Winamax Poker - Tournament "Expresso Nitro" buyIn: 0.93€ + 0.07€ level: 3 - HandId: #2666588603873755137-10-1673284321 - Holdem no limit (20/40) - 2023/01/09 17:12:01 UTC
Table: 'Expresso Nitro(620863541)#0' 3-max (real money) Seat #1 is the button
Seat 1: soo33600 (495)
Seat 2: Mugiwara_19 (330)
Seat 3: _SKR (75)
*** ANTE/BLINDS ***
Mugiwara_19 posts small blind 20
_SKR posts big blind 40
Dealt to _SKR [Jc Th]
*** PRE-FLOP *** 
soo33600 raises 80 to 120
Mugiwara_19 folds
_SKR calls 35 and is all-in
*** FLOP *** [Qd 8d 6s]
*** TURN *** [Qd 8d 6s][6h]
*** RIVER *** [Qd 8d 6s 6h][8s]
*** SHOW DOWN ***
_SKR shows [Jc Th] (Two pairs : 8 and 6)
soo33600 shows [Ad Js] (Two pairs : 8 and 6)
soo33600 collected 215 from pot
*** SUMMARY ***
Total pot 215 | No rake
Board: [Qd 8d 6s 6h 8s]
Seat 1: soo33600 (button) showed [Ad Js] and won 215 with Two pairs : 8 and 6
Seat 3: _SKR (big blind) showed [Jc Th] and lost with Two pairs : 8 and 6


