Winamax Poker - Tournament "Expresso Nitro" buyIn: 0.93€ + 0.07€ level: 1 - HandId: #2692554558806163457-1-1674830400 - Holdem no limit (10/20) - 2023/01/27 14:40:00 UTC
Table: 'Expresso Nitro(626909211)#0' 3-max (real money) Seat #1 is the button
Seat 1: AssduQ (300)
Seat 2: GiveMeCash94 (300)
Seat 3: _SKR (300)
*** ANTE/BLINDS ***
GiveMeCash94 posts small blind 10
_SKR posts big blind 20
Dealt to _SKR [Qd Ad]
*** PRE-FLOP *** 
AssduQ raises 20 to 40
GiveMeCash94 folds
_SKR raises 260 to 300 and is all-in
AssduQ calls 260 and is all-in
*** FLOP *** [7h 8d 2c]
*** TURN *** [7h 8d 2c][Ts]
*** RIVER *** [7h 8d 2c Ts][2d]
*** SHOW DOWN ***
AssduQ shows [Jd Kc] (One pair : 2)
_SKR shows [Qd Ad] (One pair : 2)
_SKR collected 610 from pot
*** SUMMARY ***
Total pot 610 | No rake
Board: [7h 8d 2c Ts 2d]
Seat 1: AssduQ (button) showed [Jd Kc] and lost with One pair : 2
Seat 3: _SKR (big blind) showed [Qd Ad] and won 610 with One pair : 2


Winamax Poker - Tournament "Expresso Nitro" buyIn: 0.93€ + 0.07€ level: 1 - HandId: #2692554558806163457-2-1674830432 - Holdem no limit (10/20) - 2023/01/27 14:40:32 UTC
Table: 'Expresso Nitro(626909211)#0' 3-max (real money) Seat #3 is the button
Seat 2: GiveMeCash94 (290)
Seat 3: _SKR (610)
*** ANTE/BLINDS ***
_SKR posts small blind 10
GiveMeCash94 posts big blind 20
Dealt to _SKR [Ac 8d]
*** PRE-FLOP *** 
_SKR raises 590 to 610 and is all-in
GiveMeCash94 calls 270 and is all-in
*** FLOP *** [2s 9d 3h]
*** TURN *** [2s 9d 3h][5d]
*** RIVER *** [2s 9d 3h 5d][Qs]
*** SHOW DOWN ***
GiveMeCash94 shows [Ah Tc] (High card : Ace)
_SKR shows [Ac 8d] (High card : Ace)
_SKR collected 320 from side pot 1
GiveMeCash94 collected 580 from main pot
*** SUMMARY ***
Total pot 900 | No rake
Board: [2s 9d 3h 5d Qs]
Seat 2: GiveMeCash94 (big blind) showed [Ah Tc] and won 580 with High card : Ace
Seat 3: _SKR (small blind) (button) showed [Ac 8d] and won 320 with High card : Ace


Winamax Poker - Tournament "Expresso Nitro" buyIn: 0.93€ + 0.07€ level: 1 - HandId: #2692554558806163457-3-1674830448 - Holdem no limit (10/20) - 2023/01/27 14:40:48 UTC
Table: 'Expresso Nitro(626909211)#0' 3-max (real money) Seat #2 is the button
Seat 2: GiveMeCash94 (580)
Seat 3: _SKR (320)
*** ANTE/BLINDS ***
GiveMeCash94 posts small blind 10
_SKR posts big blind 20
Dealt to _SKR [5s Ad]
*** PRE-FLOP *** 
GiveMeCash94 folds
_SKR collected 30 from pot
*** SUMMARY ***
Total pot 30 | No rake
Seat 3: _SKR (big blind) won 30


Winamax Poker - Tournament "Expresso Nitro" buyIn: 0.93€ + 0.07€ level: 1 - HandId: #2692554558806163457-4-1674830452 - Holdem no limit (10/20) - 2023/01/27 14:40:52 UTC
Table: 'Expresso Nitro(626909211)#0' 3-max (real money) Seat #3 is the button
Seat 2: GiveMeCash94 (570)
Seat 3: _SKR (330)
*** ANTE/BLINDS ***
_SKR posts small blind 10
GiveMeCash94 posts big blind 20
Dealt to _SKR [5s Kc]
*** PRE-FLOP *** 
_SKR folds
GiveMeCash94 collected 30 from pot
*** SUMMARY ***
Total pot 30 | No rake
Seat 2: GiveMeCash94 (big blind) won 30


Winamax Poker - Tournament "Expresso Nitro" buyIn: 0.93€ + 0.07€ level: 2 - HandId: #2692554558806163457-5-1674830461 - Holdem no limit (15/30) - 2023/01/27 14:41:01 UTC
Table: 'Expresso Nitro(626909211)#0' 3-max (real money) Seat #2 is the button
Seat 2: GiveMeCash94 (580)
Seat 3: _SKR (320)
*** ANTE/BLINDS ***
GiveMeCash94 posts small blind 15
_SKR posts big blind 30
Dealt to _SKR [Kh Js]
*** PRE-FLOP *** 
GiveMeCash94 folds
_SKR collected 45 from pot
*** SUMMARY ***
Total pot 45 | No rake
Seat 3: _SKR (big blind) won 45


Winamax Poker - Tournament "Expresso Nitro" buyIn: 0.93€ + 0.07€ level: 2 - HandId: #2692554558806163457-6-1674830468 - Holdem no limit (15/30) - 2023/01/27 14:41:08 UTC
Table: 'Expresso Nitro(626909211)#0' 3-max (real money) Seat #3 is the button
Seat 2: GiveMeCash94 (565)
Seat 3: _SKR (335)
*** ANTE/BLINDS ***
_SKR posts small blind 15
GiveMeCash94 posts big blind 30
Dealt to _SKR [Qh Jd]
*** PRE-FLOP *** 
_SKR raises 305 to 335 and is all-in
GiveMeCash94 folds
_SKR collected 365 from pot
*** SUMMARY ***
Total pot 365 | No rake
Seat 3: _SKR (small blind) (button) won 365


Winamax Poker - Tournament "Expresso Nitro" buyIn: 0.93€ + 0.07€ level: 2 - HandId: #2692554558806163457-7-1674830478 - Holdem no limit (15/30) - 2023/01/27 14:41:18 UTC
Table: 'Expresso Nitro(626909211)#0' 3-max (real money) Seat #2 is the button
Seat 2: GiveMeCash94 (535)
Seat 3: _SKR (365)
*** ANTE/BLINDS ***
GiveMeCash94 posts small blind 15
_SKR posts big blind 30
Dealt to _SKR [6s 2c]
*** PRE-FLOP *** 
GiveMeCash94 folds
_SKR collected 45 from pot
*** SUMMARY ***
Total pot 45 | No rake
Seat 3: _SKR (big blind) won 45


Winamax Poker - Tournament "Expresso Nitro" buyIn: 0.93€ + 0.07€ level: 2 - HandId: #2692554558806163457-8-1674830482 - Holdem no limit (15/30) - 2023/01/27 14:41:22 UTC
Table: 'Expresso Nitro(626909211)#0' 3-max (real money) Seat #3 is the button
Seat 2: GiveMeCash94 (520)
Seat 3: _SKR (380)
*** ANTE/BLINDS ***
_SKR posts small blind 15
GiveMeCash94 posts big blind 30
Dealt to _SKR [7s Qc]
*** PRE-FLOP *** 
_SKR folds
GiveMeCash94 collected 45 from pot
*** SUMMARY ***
Total pot 45 | No rake
Seat 2: GiveMeCash94 (big blind) won 45


Winamax Poker - Tournament "Expresso Nitro" buyIn: 0.93€ + 0.07€ level: 2 - HandId: #2692554558806163457-9-1674830485 - Holdem no limit (15/30) - 2023/01/27 14:41:25 UTC
Table: 'Expresso Nitro(626909211)#0' 3-max (real money) Seat #2 is the button
Seat 2: GiveMeCash94 (535)
Seat 3: _SKR (365)
*** ANTE/BLINDS ***
GiveMeCash94 posts small blind 15
_SKR posts big blind 30
Dealt to _SKR [2h Th]
*** PRE-FLOP *** 
GiveMeCash94 raises 60 to 90
_SKR folds
GiveMeCash94 collected 120 from pot
*** SUMMARY ***
Total pot 120 | No rake
Seat 2: GiveMeCash94 (small blind) (button) won 120


Winamax Poker - Tournament "Expresso Nitro" buyIn: 0.93€ + 0.07€ level: 2 - HandId: #2692554558806163457-10-1674830494 - Holdem no limit (15/30) - 2023/01/27 14:41:34 UTC
Table: 'Expresso Nitro(626909211)#0' 3-max (real money) Seat #3 is the button
Seat 2: GiveMeCash94 (565)
Seat 3: _SKR (335)
*** ANTE/BLINDS ***
_SKR posts small blind 15
GiveMeCash94 posts big blind 30
Dealt to _SKR [Jd Ac]
*** PRE-FLOP *** 
_SKR raises 305 to 335 and is all-in
GiveMeCash94 folds
_SKR collected 365 from pot
*** SUMMARY ***
Total pot 365 | No rake
Seat 3: _SKR (small blind) (button) won 365


Winamax Poker - Tournament "Expresso Nitro" buyIn: 0.93€ + 0.07€ level: 2 - HandId: #2692554558806163457-11-1674830504 - Holdem no limit (15/30) - 2023/01/27 14:41:44 UTC
Table: 'Expresso Nitro(626909211)#0' 3-max (real money) Seat #2 is the button
Seat 2: GiveMeCash94 (535)
Seat 3: _SKR (365)
*** ANTE/BLINDS ***
GiveMeCash94 posts small blind 15
_SKR posts big blind 30
Dealt to _SKR [Th 2d]
*** PRE-FLOP *** 
GiveMeCash94 raises 505 to 535 and is all-in
_SKR folds
GiveMeCash94 collected 565 from pot
*** SUMMARY ***
Total pot 565 | No rake
Seat 2: GiveMeCash94 (small blind) (button) won 565


Winamax Poker - Tournament "Expresso Nitro" buyIn: 0.93€ + 0.07€ level: 2 - HandId: #2692554558806163457-12-1674830511 - Holdem no limit (15/30) - 2023/01/27 14:41:51 UTC
Table: 'Expresso Nitro(626909211)#0' 3-max (real money) Seat #3 is the button
Seat 2: GiveMeCash94 (565)
Seat 3: _SKR (335)
*** ANTE/BLINDS ***
_SKR posts small blind 15
GiveMeCash94 posts big blind 30
Dealt to _SKR [9h Ad]
*** PRE-FLOP *** 
_SKR raises 305 to 335 and is all-in
GiveMeCash94 calls 305
*** FLOP *** [4c 7c Ah]
*** TURN *** [4c 7c Ah][5c]
*** RIVER *** [4c 7c Ah 5c][Tc]
*** SHOW DOWN ***
GiveMeCash94 shows [Td 8d] (One pair : Tens)
_SKR shows [9h Ad] (One pair : Aces)
_SKR collected 670 from pot
*** SUMMARY ***
Total pot 670 | No rake
Board: [4c 7c Ah 5c Tc]
Seat 2: GiveMeCash94 (big blind) showed [Td 8d] and lost with One pair : Tens
Seat 3: _SKR (small blind) (button) showed [9h Ad] and won 670 with One pair : Aces


Winamax Poker - Tournament "Expresso Nitro" buyIn: 0.93€ + 0.07€ level: 3 - HandId: #2692554558806163457-13-1674830536 - Holdem no limit (20/40) - 2023/01/27 14:42:16 UTC
Table: 'Expresso Nitro(626909211)#0' 3-max (real money) Seat #2 is the button
Seat 2: GiveMeCash94 (230)
Seat 3: _SKR (670)
*** ANTE/BLINDS ***
GiveMeCash94 posts small blind 20
_SKR posts big blind 40
Dealt to _SKR [As Qs]
*** PRE-FLOP *** 
GiveMeCash94 raises 190 to 230 and is all-in
_SKR calls 190
*** FLOP *** [4s Qh 3s]
*** TURN *** [4s Qh 3s][5c]
*** RIVER *** [4s Qh 3s 5c][6h]
*** SHOW DOWN ***
GiveMeCash94 shows [Jd Js] (One pair : Jacks)
_SKR shows [As Qs] (One pair : Queens)
_SKR collected 460 from pot
*** SUMMARY ***
Total pot 460 | No rake
Board: [4s Qh 3s 5c 6h]
Seat 2: GiveMeCash94 (small blind) (button) showed [Jd Js] and lost with One pair : Jacks
Seat 3: _SKR (big blind) showed [As Qs] and won 460 with One pair : Queens


