Winamax Poker - Tournament "Expresso Nitro" buyIn: 1.86€ + 0.14€ level: 1 - HandId: #2696558602197401601-1-1675087100 - Holdem no limit (10/20) - 2023/01/30 13:58:20 UTC
Table: 'Expresso Nitro(627841475)#0' 3-max (real money) Seat #2 is the button
Seat 1: chuPakCaBraS (300)
Seat 2: _SKR (300)
Seat 3: Queladrogue (300)
*** ANTE/BLINDS ***
Queladrogue posts small blind 10
chuPakCaBraS posts big blind 20
Dealt to _SKR [As Ah]
*** PRE-FLOP *** 
_SKR raises 20 to 40
Queladrogue folds
chuPakCaBraS calls 20
*** FLOP *** [Qh 2h 9h]
chuPakCaBraS bets 20
_SKR calls 20
*** TURN *** [Qh 2h 9h][Qd]
chuPakCaBraS bets 20
_SKR calls 20
*** RIVER *** [Qh 2h 9h Qd][Th]
chuPakCaBraS checks
_SKR bets 111
chuPakCaBraS folds
_SKR collected 281 from pot
*** SUMMARY ***
Total pot 281 | No rake
Board: [Qh 2h 9h Qd Th]
Seat 2: _SKR (button) won 281


Winamax Poker - Tournament "Expresso Nitro" buyIn: 1.86€ + 0.14€ level: 1 - HandId: #2696558602197401601-2-1675087138 - Holdem no limit (10/20) - 2023/01/30 13:58:58 UTC
Table: 'Expresso Nitro(627841475)#0' 3-max (real money) Seat #3 is the button
Seat 1: chuPakCaBraS (220)
Seat 2: _SKR (390)
Seat 3: Queladrogue (290)
*** ANTE/BLINDS ***
chuPakCaBraS posts small blind 10
_SKR posts big blind 20
Dealt to _SKR [9c 3s]
*** PRE-FLOP *** 
Queladrogue folds
chuPakCaBraS folds
_SKR collected 30 from pot
*** SUMMARY ***
Total pot 30 | No rake
Seat 2: _SKR (big blind) won 30


Winamax Poker - Tournament "Expresso Nitro" buyIn: 1.86€ + 0.14€ level: 1 - HandId: #2696558602197401601-3-1675087147 - Holdem no limit (10/20) - 2023/01/30 13:59:07 UTC
Table: 'Expresso Nitro(627841475)#0' 3-max (real money) Seat #1 is the button
Seat 1: chuPakCaBraS (210)
Seat 2: _SKR (400)
Seat 3: Queladrogue (290)
*** ANTE/BLINDS ***
_SKR posts small blind 10
Queladrogue posts big blind 20
Dealt to _SKR [7c As]
*** PRE-FLOP *** 
chuPakCaBraS folds
_SKR raises 380 to 400 and is all-in
Queladrogue calls 270 and is all-in
*** FLOP *** [2c 5c 4h]
*** TURN *** [2c 5c 4h][2s]
*** RIVER *** [2c 5c 4h 2s][7d]
*** SHOW DOWN ***
_SKR shows [7c As] (Two pairs : 7 and 2)
Queladrogue shows [8c 8s] (Two pairs : 8 and 2)
Queladrogue collected 580 from main pot
_SKR collected 110 from side pot 1
*** SUMMARY ***
Total pot 690 | No rake
Board: [2c 5c 4h 2s 7d]
Seat 2: _SKR (small blind) showed [7c As] and won 110 with Two pairs : 7 and 2
Seat 3: Queladrogue (big blind) showed [8c 8s] and won 580 with Two pairs : 8 and 2


Winamax Poker - Tournament "Expresso Nitro" buyIn: 1.86€ + 0.14€ level: 2 - HandId: #2696558602197401601-4-1675087173 - Holdem no limit (15/30) - 2023/01/30 13:59:33 UTC
Table: 'Expresso Nitro(627841475)#0' 3-max (real money) Seat #2 is the button
Seat 1: chuPakCaBraS (210)
Seat 2: _SKR (110)
Seat 3: Queladrogue (580)
*** ANTE/BLINDS ***
Queladrogue posts small blind 15
chuPakCaBraS posts big blind 30
Dealt to _SKR [8c Ah]
*** PRE-FLOP *** 
_SKR raises 80 to 110 and is all-in
Queladrogue raises 470 to 580 and is all-in
chuPakCaBraS folds
*** FLOP *** [3s 6d Js]
*** TURN *** [3s 6d Js][9h]
*** RIVER *** [3s 6d Js 9h][4h]
*** SHOW DOWN ***
_SKR shows [8c Ah] (High card : Ace)
Queladrogue shows [7h Ac] (High card : Ace)
Queladrogue collected 470 from side pot 1
_SKR collected 250 from main pot
*** SUMMARY ***
Total pot 720 | No rake
Board: [3s 6d Js 9h 4h]
Seat 2: _SKR (button) showed [8c Ah] and won 250 with High card : Ace
Seat 3: Queladrogue (small blind) showed [7h Ac] and won 470 with High card : Ace


Winamax Poker - Tournament "Expresso Nitro" buyIn: 1.86€ + 0.14€ level: 2 - HandId: #2696558602197401601-5-1675087189 - Holdem no limit (15/30) - 2023/01/30 13:59:49 UTC
Table: 'Expresso Nitro(627841475)#0' 3-max (real money) Seat #3 is the button
Seat 1: chuPakCaBraS (180)
Seat 2: _SKR (250)
Seat 3: Queladrogue (470)
*** ANTE/BLINDS ***
chuPakCaBraS posts small blind 15
_SKR posts big blind 30
Dealt to _SKR [7c 6s]
*** PRE-FLOP *** 
Queladrogue folds
chuPakCaBraS raises 150 to 180 and is all-in
_SKR folds
chuPakCaBraS collected 210 from pot
*** SUMMARY ***
Total pot 210 | No rake
Seat 1: chuPakCaBraS (small blind) won 210


Winamax Poker - Tournament "Expresso Nitro" buyIn: 1.86€ + 0.14€ level: 2 - HandId: #2696558602197401601-6-1675087198 - Holdem no limit (15/30) - 2023/01/30 13:59:58 UTC
Table: 'Expresso Nitro(627841475)#0' 3-max (real money) Seat #1 is the button
Seat 1: chuPakCaBraS (210)
Seat 2: _SKR (220)
Seat 3: Queladrogue (470)
*** ANTE/BLINDS ***
_SKR posts small blind 15
Queladrogue posts big blind 30
Dealt to _SKR [4s 3c]
*** PRE-FLOP *** 
chuPakCaBraS folds
_SKR folds
Queladrogue collected 45 from pot
*** SUMMARY ***
Total pot 45 | No rake
Seat 3: Queladrogue (big blind) won 45


Winamax Poker - Tournament "Expresso Nitro" buyIn: 1.86€ + 0.14€ level: 2 - HandId: #2696558602197401601-7-1675087207 - Holdem no limit (15/30) - 2023/01/30 14:00:07 UTC
Table: 'Expresso Nitro(627841475)#0' 3-max (real money) Seat #2 is the button
Seat 1: chuPakCaBraS (210)
Seat 2: _SKR (205)
Seat 3: Queladrogue (485)
*** ANTE/BLINDS ***
Queladrogue posts small blind 15
chuPakCaBraS posts big blind 30
Dealt to _SKR [As 7h]
*** PRE-FLOP *** 
_SKR raises 175 to 205 and is all-in
Queladrogue folds
chuPakCaBraS folds
_SKR collected 250 from pot
*** SUMMARY ***
Total pot 250 | No rake
Seat 2: _SKR (button) won 250


Winamax Poker - Tournament "Expresso Nitro" buyIn: 1.86€ + 0.14€ level: 2 - HandId: #2696558602197401601-8-1675087214 - Holdem no limit (15/30) - 2023/01/30 14:00:14 UTC
Table: 'Expresso Nitro(627841475)#0' 3-max (real money) Seat #3 is the button
Seat 1: chuPakCaBraS (180)
Seat 2: _SKR (250)
Seat 3: Queladrogue (470)
*** ANTE/BLINDS ***
chuPakCaBraS posts small blind 15
_SKR posts big blind 30
Dealt to _SKR [4d 6d]
*** PRE-FLOP *** 
Queladrogue folds
chuPakCaBraS raises 150 to 180 and is all-in
_SKR folds
chuPakCaBraS collected 210 from pot
*** SUMMARY ***
Total pot 210 | No rake
Seat 1: chuPakCaBraS (small blind) won 210


Winamax Poker - Tournament "Expresso Nitro" buyIn: 1.86€ + 0.14€ level: 3 - HandId: #2696558602197401601-9-1675087222 - Holdem no limit (20/40) - 2023/01/30 14:00:22 UTC
Table: 'Expresso Nitro(627841475)#0' 3-max (real money) Seat #1 is the button
Seat 1: chuPakCaBraS (210)
Seat 2: _SKR (220)
Seat 3: Queladrogue (470)
*** ANTE/BLINDS ***
_SKR posts small blind 20
Queladrogue posts big blind 40
Dealt to _SKR [2h Kh]
*** PRE-FLOP *** 
chuPakCaBraS folds
_SKR raises 180 to 220 and is all-in
Queladrogue folds
_SKR collected 260 from pot
*** SUMMARY ***
Total pot 260 | No rake
Seat 2: _SKR (small blind) won 260


Winamax Poker - Tournament "Expresso Nitro" buyIn: 1.86€ + 0.14€ level: 3 - HandId: #2696558602197401601-10-1675087230 - Holdem no limit (20/40) - 2023/01/30 14:00:30 UTC
Table: 'Expresso Nitro(627841475)#0' 3-max (real money) Seat #2 is the button
Seat 1: chuPakCaBraS (210)
Seat 2: _SKR (260)
Seat 3: Queladrogue (430)
*** ANTE/BLINDS ***
Queladrogue posts small blind 20
chuPakCaBraS posts big blind 40
Dealt to _SKR [Th Td]
*** PRE-FLOP *** 
_SKR raises 220 to 260 and is all-in
Queladrogue folds
chuPakCaBraS calls 170 and is all-in
*** FLOP *** [7d 7h Ah]
*** TURN *** [7d 7h Ah][Qs]
*** RIVER *** [7d 7h Ah Qs][5d]
*** SHOW DOWN ***
chuPakCaBraS shows [9c 9s] (Two pairs : 9 and 7)
_SKR shows [Th Td] (Two pairs : Tens and 7)
_SKR collected 490 from pot
*** SUMMARY ***
Total pot 490 | No rake
Board: [7d 7h Ah Qs 5d]
Seat 1: chuPakCaBraS (big blind) showed [9c 9s] and lost with Two pairs : 9 and 7
Seat 2: _SKR (button) showed [Th Td] and won 490 with Two pairs : Tens and 7


Winamax Poker - Tournament "Expresso Nitro" buyIn: 1.86€ + 0.14€ level: 3 - HandId: #2696558602197401601-11-1675087251 - Holdem no limit (20/40) - 2023/01/30 14:00:51 UTC
Table: 'Expresso Nitro(627841475)#0' 3-max (real money) Seat #2 is the button
Seat 2: _SKR (490)
Seat 3: Queladrogue (410)
*** ANTE/BLINDS ***
_SKR posts small blind 20
Queladrogue posts big blind 40
Dealt to _SKR [Ks 7c]
*** PRE-FLOP *** 
_SKR raises 450 to 490 and is all-in
Queladrogue folds
_SKR collected 530 from pot
*** SUMMARY ***
Total pot 530 | No rake
Seat 2: _SKR (small blind) (button) won 530


Winamax Poker - Tournament "Expresso Nitro" buyIn: 1.86€ + 0.14€ level: 3 - HandId: #2696558602197401601-12-1675087259 - Holdem no limit (20/40) - 2023/01/30 14:00:59 UTC
Table: 'Expresso Nitro(627841475)#0' 3-max (real money) Seat #3 is the button
Seat 2: _SKR (530)
Seat 3: Queladrogue (370)
*** ANTE/BLINDS ***
Queladrogue posts small blind 20
_SKR posts big blind 40
Dealt to _SKR [Ad 9d]
*** PRE-FLOP *** 
Queladrogue raises 330 to 370 and is all-in
_SKR calls 330
*** FLOP *** [8s Ac 2d]
*** TURN *** [8s Ac 2d][8c]
*** RIVER *** [8s Ac 2d 8c][5d]
*** SHOW DOWN ***
Queladrogue shows [Kc 6h] (One pair : 8)
_SKR shows [Ad 9d] (Two pairs : Aces and 8)
_SKR collected 740 from pot
*** SUMMARY ***
Total pot 740 | No rake
Board: [8s Ac 2d 8c 5d]
Seat 2: _SKR (big blind) showed [Ad 9d] and won 740 with Two pairs : Aces and 8
Seat 3: Queladrogue (small blind) (button) showed [Kc 6h] and lost with One pair : 8


