Winamax Poker - Tournament "Expresso Nitro" buyIn: 1.86€ + 0.14€ level: 1 - HandId: #2696531101521805313-1-1675085423 - Holdem no limit (10/20) - 2023/01/30 13:30:23 UTC
Table: 'Expresso Nitro(627835072)#0' 3-max (real money) Seat #2 is the button
Seat 1: _SKR (300)
Seat 2: FlipUnMaaax (300)
Seat 3: .VesnAA.MiH. (300)
*** ANTE/BLINDS ***
.VesnAA.MiH. posts small blind 10
_SKR posts big blind 20
Dealt to _SKR [3c 8h]
*** PRE-FLOP *** 
FlipUnMaaax folds
.VesnAA.MiH. raises 280 to 300 and is all-in
_SKR folds
.VesnAA.MiH. collected 320 from pot
*** SUMMARY ***
Total pot 320 | No rake
Seat 3: .VesnAA.MiH. (small blind) won 320


Winamax Poker - Tournament "Expresso Nitro" buyIn: 1.86€ + 0.14€ level: 1 - HandId: #2696531101521805313-2-1675085432 - Holdem no limit (10/20) - 2023/01/30 13:30:32 UTC
Table: 'Expresso Nitro(627835072)#0' 3-max (real money) Seat #3 is the button
Seat 1: _SKR (280)
Seat 2: FlipUnMaaax (300)
Seat 3: .VesnAA.MiH. (320)
*** ANTE/BLINDS ***
_SKR posts small blind 10
FlipUnMaaax posts big blind 20
Dealt to _SKR [9s 7c]
*** PRE-FLOP *** 
.VesnAA.MiH. folds
_SKR folds
FlipUnMaaax collected 30 from pot
*** SUMMARY ***
Total pot 30 | No rake
Seat 2: FlipUnMaaax (big blind) won 30


Winamax Poker - Tournament "Expresso Nitro" buyIn: 1.86€ + 0.14€ level: 1 - HandId: #2696531101521805313-3-1675085437 - Holdem no limit (10/20) - 2023/01/30 13:30:37 UTC
Table: 'Expresso Nitro(627835072)#0' 3-max (real money) Seat #1 is the button
Seat 1: _SKR (270)
Seat 2: FlipUnMaaax (310)
Seat 3: .VesnAA.MiH. (320)
*** ANTE/BLINDS ***
FlipUnMaaax posts small blind 10
.VesnAA.MiH. posts big blind 20
Dealt to _SKR [5d 5h]
*** PRE-FLOP *** 
_SKR raises 250 to 270 and is all-in
FlipUnMaaax folds
.VesnAA.MiH. folds
_SKR collected 300 from pot
*** SUMMARY ***
Total pot 300 | No rake
Seat 1: _SKR (button) won 300


Winamax Poker - Tournament "Expresso Nitro" buyIn: 1.86€ + 0.14€ level: 2 - HandId: #2696531101521805313-4-1675085487 - Holdem no limit (15/30) - 2023/01/30 13:31:27 UTC
Table: 'Expresso Nitro(627835072)#0' 3-max (real money) Seat #2 is the button
Seat 1: _SKR (300)
Seat 2: FlipUnMaaax (300)
Seat 3: .VesnAA.MiH. (300)
*** ANTE/BLINDS ***
.VesnAA.MiH. posts small blind 15
_SKR posts big blind 30
Dealt to _SKR [3c Ac]
*** PRE-FLOP *** 
FlipUnMaaax raises 30 to 60
.VesnAA.MiH. folds
_SKR raises 240 to 300 and is all-in
FlipUnMaaax calls 240 and is all-in
*** FLOP *** [3d Td 4d]
*** TURN *** [3d Td 4d][Jc]
*** RIVER *** [3d Td 4d Jc][6s]
*** SHOW DOWN ***
_SKR shows [3c Ac] (One pair : 3)
FlipUnMaaax shows [Js As] (One pair : Jacks)
FlipUnMaaax collected 615 from pot
*** SUMMARY ***
Total pot 615 | No rake
Board: [3d Td 4d Jc 6s]
Seat 1: _SKR (big blind) showed [3c Ac] and lost with One pair : 3
Seat 2: FlipUnMaaax (button) showed [Js As] and won 615 with One pair : Jacks


