Winamax Poker - Tournament "Expresso Nitro" buyIn: 1.86€ + 0.14€ level: 1 - HandId: #2697308250084212737-1-1675117110 - Holdem no limit (10/20) - 2023/01/30 22:18:30 UTC
Table: 'Expresso Nitro(628016016)#0' 3-max (real money) Seat #3 is the button
Seat 1: _SKR (300)
Seat 2: guernseynuts (300)
Seat 3: seve69000 (300)
*** ANTE/BLINDS ***
_SKR posts small blind 10
guernseynuts posts big blind 20
Dealt to _SKR [Ad 3h]
*** PRE-FLOP *** 
seve69000 calls 20
_SKR raises 280 to 300 and is all-in
guernseynuts folds
seve69000 calls 280 and is all-in
*** FLOP *** [Td Ah Ac]
*** TURN *** [Td Ah Ac][6c]
*** RIVER *** [Td Ah Ac 6c][Qh]
*** SHOW DOWN ***
seve69000 shows [Ks 7h] (One pair : Aces)
_SKR shows [Ad 3h] (Trips of Aces)
_SKR collected 620 from pot
*** SUMMARY ***
Total pot 620 | No rake
Board: [Td Ah Ac 6c Qh]
Seat 1: _SKR (small blind) showed [Ad 3h] and won 620 with Trips of Aces
Seat 3: seve69000 (button) showed [Ks 7h] and lost with One pair : Aces


Winamax Poker - Tournament "Expresso Nitro" buyIn: 1.86€ + 0.14€ level: 1 - HandId: #2697308250084212737-2-1675117135 - Holdem no limit (10/20) - 2023/01/30 22:18:55 UTC
Table: 'Expresso Nitro(628016016)#0' 3-max (real money) Seat #2 is the button
Seat 1: _SKR (620)
Seat 2: guernseynuts (280)
*** ANTE/BLINDS ***
guernseynuts posts small blind 10
_SKR posts big blind 20
Dealt to _SKR [9h 5h]
*** PRE-FLOP *** 
guernseynuts calls 10
_SKR checks
*** FLOP *** [8s 6c 4d]
_SKR checks
guernseynuts bets 20
_SKR calls 20
*** TURN *** [8s 6c 4d][8h]
_SKR checks
guernseynuts bets 28
_SKR raises 54 to 82
guernseynuts calls 54
*** RIVER *** [8s 6c 4d 8h][5c]
_SKR checks
guernseynuts bets 158 and is all-in
_SKR folds
guernseynuts collected 402 from pot
*** SUMMARY ***
Total pot 402 | No rake
Board: [8s 6c 4d 8h 5c]
Seat 2: guernseynuts (small blind) (button) won 402


Winamax Poker - Tournament "Expresso Nitro" buyIn: 1.86€ + 0.14€ level: 2 - HandId: #2697308250084212737-3-1675117169 - Holdem no limit (15/30) - 2023/01/30 22:19:29 UTC
Table: 'Expresso Nitro(628016016)#0' 3-max (real money) Seat #1 is the button
Seat 1: _SKR (498)
Seat 2: guernseynuts (402)
*** ANTE/BLINDS ***
_SKR posts small blind 15
guernseynuts posts big blind 30
Dealt to _SKR [6c Ah]
*** PRE-FLOP *** 
_SKR raises 468 to 498 and is all-in
guernseynuts calls 372 and is all-in
*** FLOP *** [Ts 3c 5d]
*** TURN *** [Ts 3c 5d][7d]
*** RIVER *** [Ts 3c 5d 7d][9h]
*** SHOW DOWN ***
_SKR shows [6c Ah] (High card : Ace)
guernseynuts shows [Qs Qc] (One pair : Queens)
guernseynuts collected 804 from main pot
_SKR collected 96 from side pot 1
*** SUMMARY ***
Total pot 900 | No rake
Board: [Ts 3c 5d 7d 9h]
Seat 1: _SKR (small blind) (button) showed [6c Ah] and won 96 with High card : Ace
Seat 2: guernseynuts (big blind) showed [Qs Qc] and won 804 with One pair : Queens


Winamax Poker - Tournament "Expresso Nitro" buyIn: 1.86€ + 0.14€ level: 2 - HandId: #2697308250084212737-4-1675117181 - Holdem no limit (15/30) - 2023/01/30 22:19:41 UTC
Table: 'Expresso Nitro(628016016)#0' 3-max (real money) Seat #2 is the button
Seat 1: _SKR (96)
Seat 2: guernseynuts (804)
*** ANTE/BLINDS ***
guernseynuts posts small blind 15
_SKR posts big blind 30
Dealt to _SKR [Js 6h]
*** PRE-FLOP *** 
guernseynuts calls 15
_SKR raises 66 to 96 and is all-in
guernseynuts calls 66
*** FLOP *** [4d 7h 2c]
*** TURN *** [4d 7h 2c][Jc]
*** RIVER *** [4d 7h 2c Jc][Ad]
*** SHOW DOWN ***
guernseynuts shows [8d Qs] (High card : Ace)
_SKR shows [Js 6h] (One pair : Jacks)
_SKR collected 192 from pot
*** SUMMARY ***
Total pot 192 | No rake
Board: [4d 7h 2c Jc Ad]
Seat 1: _SKR (big blind) showed [Js 6h] and won 192 with One pair : Jacks
Seat 2: guernseynuts (small blind) (button) showed [8d Qs] and lost with High card : Ace


Winamax Poker - Tournament "Expresso Nitro" buyIn: 1.86€ + 0.14€ level: 2 - HandId: #2697308250084212737-5-1675117198 - Holdem no limit (15/30) - 2023/01/30 22:19:58 UTC
Table: 'Expresso Nitro(628016016)#0' 3-max (real money) Seat #1 is the button
Seat 1: _SKR (192)
Seat 2: guernseynuts (708)
*** ANTE/BLINDS ***
_SKR posts small blind 15
guernseynuts posts big blind 30
Dealt to _SKR [Ks 4s]
*** PRE-FLOP *** 
_SKR raises 162 to 192 and is all-in
guernseynuts calls 162
*** FLOP *** [Qs 5s 6s]
*** TURN *** [Qs 5s 6s][3c]
*** RIVER *** [Qs 5s 6s 3c][Jc]
*** SHOW DOWN ***
guernseynuts shows [Kc 5c] (One pair : 5)
_SKR shows [Ks 4s] (Flush King high)
_SKR collected 384 from pot
*** SUMMARY ***
Total pot 384 | No rake
Board: [Qs 5s 6s 3c Jc]
Seat 1: _SKR (small blind) (button) showed [Ks 4s] and won 384 with Flush King high
Seat 2: guernseynuts (big blind) showed [Kc 5c] and lost with One pair : 5


Winamax Poker - Tournament "Expresso Nitro" buyIn: 1.86€ + 0.14€ level: 2 - HandId: #2697308250084212737-6-1675117215 - Holdem no limit (15/30) - 2023/01/30 22:20:15 UTC
Table: 'Expresso Nitro(628016016)#0' 3-max (real money) Seat #2 is the button
Seat 1: _SKR (384)
Seat 2: guernseynuts (516)
*** ANTE/BLINDS ***
guernseynuts posts small blind 15
_SKR posts big blind 30
Dealt to _SKR [4c 2c]
*** PRE-FLOP *** 
guernseynuts folds
_SKR collected 45 from pot
*** SUMMARY ***
Total pot 45 | No rake
Seat 1: _SKR (big blind) won 45


Winamax Poker - Tournament "Expresso Nitro" buyIn: 1.86€ + 0.14€ level: 2 - HandId: #2697308250084212737-7-1675117221 - Holdem no limit (15/30) - 2023/01/30 22:20:21 UTC
Table: 'Expresso Nitro(628016016)#0' 3-max (real money) Seat #1 is the button
Seat 1: _SKR (399)
Seat 2: guernseynuts (501)
*** ANTE/BLINDS ***
_SKR posts small blind 15
guernseynuts posts big blind 30
Dealt to _SKR [6c 9c]
*** PRE-FLOP *** 
_SKR folds
guernseynuts collected 45 from pot
*** SUMMARY ***
Total pot 45 | No rake
Seat 2: guernseynuts (big blind) won 45


Winamax Poker - Tournament "Expresso Nitro" buyIn: 1.86€ + 0.14€ level: 2 - HandId: #2697308250084212737-8-1675117224 - Holdem no limit (15/30) - 2023/01/30 22:20:24 UTC
Table: 'Expresso Nitro(628016016)#0' 3-max (real money) Seat #2 is the button
Seat 1: _SKR (384)
Seat 2: guernseynuts (516)
*** ANTE/BLINDS ***
guernseynuts posts small blind 15
_SKR posts big blind 30
Dealt to _SKR [7s 2s]
*** PRE-FLOP *** 
guernseynuts folds
_SKR collected 45 from pot
*** SUMMARY ***
Total pot 45 | No rake
Seat 1: _SKR (big blind) won 45


Winamax Poker - Tournament "Expresso Nitro" buyIn: 1.86€ + 0.14€ level: 3 - HandId: #2697308250084212737-9-1675117229 - Holdem no limit (20/40) - 2023/01/30 22:20:29 UTC
Table: 'Expresso Nitro(628016016)#0' 3-max (real money) Seat #1 is the button
Seat 1: _SKR (399)
Seat 2: guernseynuts (501)
*** ANTE/BLINDS ***
_SKR posts small blind 20
guernseynuts posts big blind 40
Dealt to _SKR [Kd 7h]
*** PRE-FLOP *** 
_SKR raises 359 to 399 and is all-in
guernseynuts calls 359
*** FLOP *** [Jh 9h Ah]
*** TURN *** [Jh 9h Ah][Ts]
*** RIVER *** [Jh 9h Ah Ts][4s]
*** SHOW DOWN ***
_SKR shows [Kd 7h] (High card : Ace)
guernseynuts shows [Ad Td] (Two pairs : Aces and Tens)
guernseynuts collected 798 from pot
*** SUMMARY ***
Total pot 798 | No rake
Board: [Jh 9h Ah Ts 4s]
Seat 1: _SKR (small blind) (button) showed [Kd 7h] and lost with High card : Ace
Seat 2: guernseynuts (big blind) showed [Ad Td] and won 798 with Two pairs : Aces and Tens


