Winamax Poker - Tournament "Expresso Nitro" buyIn: 1.86€ + 0.14€ level: 1 - HandId: #2697309100487737345-1-1675117139 - Holdem no limit (10/20) - 2023/01/30 22:18:59 UTC
Table: 'Expresso Nitro(628016214)#0' 3-max (real money) Seat #3 is the button
Seat 1: _SKR (300)
Seat 2: Guigui10400 (300)
Seat 3: gambleraz06 (300)
*** ANTE/BLINDS ***
_SKR posts small blind 10
Guigui10400 posts big blind 20
Dealt to _SKR [3s Tc]
*** PRE-FLOP *** 
gambleraz06 calls 20
_SKR folds
Guigui10400 checks
*** FLOP *** [Jh 2c 4d]
Guigui10400 checks
gambleraz06 checks
*** TURN *** [Jh 2c 4d][6s]
Guigui10400 checks
gambleraz06 checks
*** RIVER *** [Jh 2c 4d 6s][As]
Guigui10400 checks
gambleraz06 bets 25
Guigui10400 folds
gambleraz06 collected 75 from pot
*** SUMMARY ***
Total pot 75 | No rake
Board: [Jh 2c 4d 6s As]
Seat 3: gambleraz06 (button) won 75


Winamax Poker - Tournament "Expresso Nitro" buyIn: 1.86€ + 0.14€ level: 1 - HandId: #2697309100487737345-2-1675117175 - Holdem no limit (10/20) - 2023/01/30 22:19:35 UTC
Table: 'Expresso Nitro(628016214)#0' 3-max (real money) Seat #1 is the button
Seat 1: _SKR (290)
Seat 2: Guigui10400 (280)
Seat 3: gambleraz06 (330)
*** ANTE/BLINDS ***
Guigui10400 posts small blind 10
gambleraz06 posts big blind 20
Dealt to _SKR [7d 7h]
*** PRE-FLOP *** 
_SKR raises 270 to 290 and is all-in
Guigui10400 folds
gambleraz06 folds
_SKR collected 320 from pot
*** SUMMARY ***
Total pot 320 | No rake
Seat 1: _SKR (button) won 320


Winamax Poker - Tournament "Expresso Nitro" buyIn: 1.86€ + 0.14€ level: 1 - HandId: #2697309100487737345-3-1675117181 - Holdem no limit (10/20) - 2023/01/30 22:19:41 UTC
Table: 'Expresso Nitro(628016214)#0' 3-max (real money) Seat #2 is the button
Seat 1: _SKR (320)
Seat 2: Guigui10400 (270)
Seat 3: gambleraz06 (310)
*** ANTE/BLINDS ***
gambleraz06 posts small blind 10
_SKR posts big blind 20
Dealt to _SKR [6h Ts]
*** PRE-FLOP *** 
Guigui10400 folds
gambleraz06 raises 290 to 310 and is all-in
_SKR folds
gambleraz06 collected 330 from pot
*** SUMMARY ***
Total pot 330 | No rake
Seat 3: gambleraz06 (small blind) won 330


Winamax Poker - Tournament "Expresso Nitro" buyIn: 1.86€ + 0.14€ level: 1 - HandId: #2697309100487737345-4-1675117190 - Holdem no limit (10/20) - 2023/01/30 22:19:50 UTC
Table: 'Expresso Nitro(628016214)#0' 3-max (real money) Seat #3 is the button
Seat 1: _SKR (300)
Seat 2: Guigui10400 (270)
Seat 3: gambleraz06 (330)
*** ANTE/BLINDS ***
_SKR posts small blind 10
Guigui10400 posts big blind 20
Dealt to _SKR [3d 4s]
*** PRE-FLOP *** 
gambleraz06 folds
_SKR folds
Guigui10400 collected 30 from pot
*** SUMMARY ***
Total pot 30 | No rake
Seat 2: Guigui10400 (big blind) won 30


Winamax Poker - Tournament "Expresso Nitro" buyIn: 1.86€ + 0.14€ level: 2 - HandId: #2697309100487737345-5-1675117196 - Holdem no limit (15/30) - 2023/01/30 22:19:56 UTC
Table: 'Expresso Nitro(628016214)#0' 3-max (real money) Seat #1 is the button
Seat 1: _SKR (290)
Seat 2: Guigui10400 (280)
Seat 3: gambleraz06 (330)
*** ANTE/BLINDS ***
Guigui10400 posts small blind 15
gambleraz06 posts big blind 30
Dealt to _SKR [2s 3d]
*** PRE-FLOP *** 
_SKR folds
Guigui10400 folds
gambleraz06 collected 45 from pot
*** SUMMARY ***
Total pot 45 | No rake
Seat 3: gambleraz06 (big blind) won 45


Winamax Poker - Tournament "Expresso Nitro" buyIn: 1.86€ + 0.14€ level: 2 - HandId: #2697309100487737345-6-1675117200 - Holdem no limit (15/30) - 2023/01/30 22:20:00 UTC
Table: 'Expresso Nitro(628016214)#0' 3-max (real money) Seat #2 is the button
Seat 1: _SKR (290)
Seat 2: Guigui10400 (265)
Seat 3: gambleraz06 (345)
*** ANTE/BLINDS ***
gambleraz06 posts small blind 15
_SKR posts big blind 30
Dealt to _SKR [7d 8d]
*** PRE-FLOP *** 
Guigui10400 folds
gambleraz06 folds
_SKR collected 45 from pot
*** SUMMARY ***
Total pot 45 | No rake
Seat 1: _SKR (big blind) won 45


Winamax Poker - Tournament "Expresso Nitro" buyIn: 1.86€ + 0.14€ level: 2 - HandId: #2697309100487737345-7-1675117215 - Holdem no limit (15/30) - 2023/01/30 22:20:15 UTC
Table: 'Expresso Nitro(628016214)#0' 3-max (real money) Seat #3 is the button
Seat 1: _SKR (305)
Seat 2: Guigui10400 (265)
Seat 3: gambleraz06 (330)
*** ANTE/BLINDS ***
_SKR posts small blind 15
Guigui10400 posts big blind 30
Dealt to _SKR [Ac 8h]
*** PRE-FLOP *** 
gambleraz06 folds
_SKR raises 275 to 305 and is all-in
Guigui10400 folds
_SKR collected 335 from pot
*** SUMMARY ***
Total pot 335 | No rake
Seat 1: _SKR (small blind) won 335


Winamax Poker - Tournament "Expresso Nitro" buyIn: 1.86€ + 0.14€ level: 2 - HandId: #2697309100487737345-8-1675117228 - Holdem no limit (15/30) - 2023/01/30 22:20:28 UTC
Table: 'Expresso Nitro(628016214)#0' 3-max (real money) Seat #1 is the button
Seat 1: _SKR (335)
Seat 2: Guigui10400 (235)
Seat 3: gambleraz06 (330)
*** ANTE/BLINDS ***
Guigui10400 posts small blind 15
gambleraz06 posts big blind 30
Dealt to _SKR [5c 8d]
*** PRE-FLOP *** 
_SKR folds
Guigui10400 calls 15
gambleraz06 raises 300 to 330 and is all-in
Guigui10400 folds
gambleraz06 collected 360 from pot
*** SUMMARY ***
Total pot 360 | No rake
Seat 3: gambleraz06 (big blind) won 360


Winamax Poker - Tournament "Expresso Nitro" buyIn: 1.86€ + 0.14€ level: 2 - HandId: #2697309100487737345-9-1675117249 - Holdem no limit (15/30) - 2023/01/30 22:20:49 UTC
Table: 'Expresso Nitro(628016214)#0' 3-max (real money) Seat #2 is the button
Seat 1: _SKR (335)
Seat 2: Guigui10400 (205)
Seat 3: gambleraz06 (360)
*** ANTE/BLINDS ***
gambleraz06 posts small blind 15
_SKR posts big blind 30
Dealt to _SKR [5s 8c]
*** PRE-FLOP *** 
Guigui10400 raises 175 to 205 and is all-in
gambleraz06 folds
_SKR folds
Guigui10400 collected 250 from pot
*** SUMMARY ***
Total pot 250 | No rake
Seat 2: Guigui10400 (button) won 250


Winamax Poker - Tournament "Expresso Nitro" buyIn: 1.86€ + 0.14€ level: 3 - HandId: #2697309100487737345-10-1675117255 - Holdem no limit (20/40) - 2023/01/30 22:20:55 UTC
Table: 'Expresso Nitro(628016214)#0' 3-max (real money) Seat #3 is the button
Seat 1: _SKR (305)
Seat 2: Guigui10400 (250)
Seat 3: gambleraz06 (345)
*** ANTE/BLINDS ***
_SKR posts small blind 20
Guigui10400 posts big blind 40
Dealt to _SKR [2c 7h]
*** PRE-FLOP *** 
gambleraz06 folds
_SKR folds
Guigui10400 collected 60 from pot
*** SUMMARY ***
Total pot 60 | No rake
Seat 2: Guigui10400 (big blind) won 60


Winamax Poker - Tournament "Expresso Nitro" buyIn: 1.86€ + 0.14€ level: 3 - HandId: #2697309100487737345-11-1675117266 - Holdem no limit (20/40) - 2023/01/30 22:21:06 UTC
Table: 'Expresso Nitro(628016214)#0' 3-max (real money) Seat #1 is the button
Seat 1: _SKR (285)
Seat 2: Guigui10400 (270)
Seat 3: gambleraz06 (345)
*** ANTE/BLINDS ***
Guigui10400 posts small blind 20
gambleraz06 posts big blind 40
Dealt to _SKR [2d 5s]
*** PRE-FLOP *** 
_SKR folds
Guigui10400 raises 230 to 270 and is all-in
gambleraz06 folds
Guigui10400 collected 310 from pot
*** SUMMARY ***
Total pot 310 | No rake
Seat 2: Guigui10400 (small blind) won 310


Winamax Poker - Tournament "Expresso Nitro" buyIn: 1.86€ + 0.14€ level: 3 - HandId: #2697309100487737345-12-1675117273 - Holdem no limit (20/40) - 2023/01/30 22:21:13 UTC
Table: 'Expresso Nitro(628016214)#0' 3-max (real money) Seat #2 is the button
Seat 1: _SKR (285)
Seat 2: Guigui10400 (310)
Seat 3: gambleraz06 (305)
*** ANTE/BLINDS ***
gambleraz06 posts small blind 20
_SKR posts big blind 40
Dealt to _SKR [4h 4s]
*** PRE-FLOP *** 
Guigui10400 folds
gambleraz06 raises 265 to 305 and is all-in
_SKR calls 245 and is all-in
*** FLOP *** [4c Td Qs]
*** TURN *** [4c Td Qs][3d]
*** RIVER *** [4c Td Qs 3d][4d]
*** SHOW DOWN ***
_SKR shows [4h 4s] (Quads of 4)
gambleraz06 shows [Ks Jc] (One pair : 4)
gambleraz06 collected 20 from side pot 1
_SKR collected 570 from main pot
*** SUMMARY ***
Total pot 590 | No rake
Board: [4c Td Qs 3d 4d]
Seat 1: _SKR (big blind) showed [4h 4s] and won 570 with Quads of 4
Seat 3: gambleraz06 (small blind) showed [Ks Jc] and won 20 with One pair : 4


Winamax Poker - Tournament "Expresso Nitro" buyIn: 1.86€ + 0.14€ level: 3 - HandId: #2697309100487737345-13-1675117292 - Holdem no limit (20/40) - 2023/01/30 22:21:32 UTC
Table: 'Expresso Nitro(628016214)#0' 3-max (real money) Seat #3 is the button
Seat 1: _SKR (570)
Seat 2: Guigui10400 (310)
Seat 3: gambleraz06 (20)
*** ANTE/BLINDS ***
_SKR posts small blind 20
Guigui10400 posts big blind 40
Dealt to _SKR [Kc 2h]
*** PRE-FLOP *** 
gambleraz06 calls 20 and is all-in
_SKR folds
*** FLOP *** [9c 6s 8h]
*** TURN *** [9c 6s 8h][7h]
*** RIVER *** [9c 6s 8h 7h][6d]
*** SHOW DOWN ***
gambleraz06 shows [8s Ad] (Two pairs : 8 and 6)
Guigui10400 shows [Ah Th] (Straight Ten high)
Guigui10400 collected 80 from pot
*** SUMMARY ***
Total pot 80 | No rake
Board: [9c 6s 8h 7h 6d]
Seat 2: Guigui10400 (big blind) showed [Ah Th] and won 80 with Straight Ten high
Seat 3: gambleraz06 (button) showed [8s Ad] and lost with Two pairs : 8 and 6


Winamax Poker - Tournament "Expresso Nitro" buyIn: 1.86€ + 0.14€ level: 3 - HandId: #2697309100487737345-14-1675117311 - Holdem no limit (20/40) - 2023/01/30 22:21:51 UTC
Table: 'Expresso Nitro(628016214)#0' 3-max (real money) Seat #2 is the button
Seat 1: _SKR (550)
Seat 2: Guigui10400 (350)
*** ANTE/BLINDS ***
Guigui10400 posts small blind 20
_SKR posts big blind 40
Dealt to _SKR [Qh 6d]
*** PRE-FLOP *** 
Guigui10400 calls 20
_SKR raises 510 to 550 and is all-in
Guigui10400 folds
_SKR collected 590 from pot
*** SUMMARY ***
Total pot 590 | No rake
Seat 1: _SKR (big blind) won 590


Winamax Poker - Tournament "Expresso Nitro" buyIn: 1.86€ + 0.14€ level: 4 - HandId: #2697309100487737345-15-1675117319 - Holdem no limit (30/60) - 2023/01/30 22:21:59 UTC
Table: 'Expresso Nitro(628016214)#0' 3-max (real money) Seat #1 is the button
Seat 1: _SKR (590)
Seat 2: Guigui10400 (310)
*** ANTE/BLINDS ***
_SKR posts small blind 30
Guigui10400 posts big blind 60
Dealt to _SKR [Kd 3c]
*** PRE-FLOP *** 
_SKR raises 530 to 590 and is all-in
Guigui10400 folds
_SKR collected 650 from pot
*** SUMMARY ***
Total pot 650 | No rake
Seat 1: _SKR (small blind) (button) won 650


Winamax Poker - Tournament "Expresso Nitro" buyIn: 1.86€ + 0.14€ level: 4 - HandId: #2697309100487737345-16-1675117327 - Holdem no limit (30/60) - 2023/01/30 22:22:07 UTC
Table: 'Expresso Nitro(628016214)#0' 3-max (real money) Seat #2 is the button
Seat 1: _SKR (650)
Seat 2: Guigui10400 (250)
*** ANTE/BLINDS ***
Guigui10400 posts small blind 30
_SKR posts big blind 60
Dealt to _SKR [5h Tc]
*** PRE-FLOP *** 
Guigui10400 raises 190 to 250 and is all-in
_SKR folds
Guigui10400 collected 310 from pot
*** SUMMARY ***
Total pot 310 | No rake
Seat 2: Guigui10400 (small blind) (button) won 310


Winamax Poker - Tournament "Expresso Nitro" buyIn: 1.86€ + 0.14€ level: 4 - HandId: #2697309100487737345-17-1675117332 - Holdem no limit (30/60) - 2023/01/30 22:22:12 UTC
Table: 'Expresso Nitro(628016214)#0' 3-max (real money) Seat #1 is the button
Seat 1: _SKR (590)
Seat 2: Guigui10400 (310)
*** ANTE/BLINDS ***
_SKR posts small blind 30
Guigui10400 posts big blind 60
Dealt to _SKR [3s Kc]
*** PRE-FLOP *** 
_SKR raises 530 to 590 and is all-in
Guigui10400 folds
_SKR collected 650 from pot
*** SUMMARY ***
Total pot 650 | No rake
Seat 1: _SKR (small blind) (button) won 650


Winamax Poker - Tournament "Expresso Nitro" buyIn: 1.86€ + 0.14€ level: 4 - HandId: #2697309100487737345-18-1675117338 - Holdem no limit (30/60) - 2023/01/30 22:22:18 UTC
Table: 'Expresso Nitro(628016214)#0' 3-max (real money) Seat #2 is the button
Seat 1: _SKR (650)
Seat 2: Guigui10400 (250)
*** ANTE/BLINDS ***
Guigui10400 posts small blind 30
_SKR posts big blind 60
Dealt to _SKR [Jd Jc]
*** PRE-FLOP *** 
Guigui10400 folds
_SKR collected 90 from pot
*** SUMMARY ***
Total pot 90 | No rake
Seat 1: _SKR (big blind) won 90


Winamax Poker - Tournament "Expresso Nitro" buyIn: 1.86€ + 0.14€ level: 4 - HandId: #2697309100487737345-19-1675117346 - Holdem no limit (30/60) - 2023/01/30 22:22:26 UTC
Table: 'Expresso Nitro(628016214)#0' 3-max (real money) Seat #1 is the button
Seat 1: _SKR (680)
Seat 2: Guigui10400 (220)
*** ANTE/BLINDS ***
_SKR posts small blind 30
Guigui10400 posts big blind 60
Dealt to _SKR [Ts 2c]
*** PRE-FLOP *** 
_SKR folds
Guigui10400 collected 90 from pot
*** SUMMARY ***
Total pot 90 | No rake
Seat 2: Guigui10400 (big blind) won 90


Winamax Poker - Tournament "Expresso Nitro" buyIn: 1.86€ + 0.14€ level: 4 - HandId: #2697309100487737345-20-1675117351 - Holdem no limit (30/60) - 2023/01/30 22:22:31 UTC
Table: 'Expresso Nitro(628016214)#0' 3-max (real money) Seat #2 is the button
Seat 1: _SKR (650)
Seat 2: Guigui10400 (250)
*** ANTE/BLINDS ***
Guigui10400 posts small blind 30
_SKR posts big blind 60
Dealt to _SKR [4d 7d]
*** PRE-FLOP *** 
Guigui10400 calls 30
_SKR checks
*** FLOP *** [3d Ac 4h]
_SKR bets 590 and is all-in
Guigui10400 folds
_SKR collected 710 from pot
*** SUMMARY ***
Total pot 710 | No rake
Board: [3d Ac 4h]
Seat 1: _SKR (big blind) won 710


Winamax Poker - Tournament "Expresso Nitro" buyIn: 1.86€ + 0.14€ level: 4 - HandId: #2697309100487737345-21-1675117364 - Holdem no limit (30/60) - 2023/01/30 22:22:44 UTC
Table: 'Expresso Nitro(628016214)#0' 3-max (real money) Seat #1 is the button
Seat 1: _SKR (710)
Seat 2: Guigui10400 (190)
*** ANTE/BLINDS ***
_SKR posts small blind 30
Guigui10400 posts big blind 60
Dealt to _SKR [Qc Kh]
*** PRE-FLOP *** 
_SKR raises 650 to 710 and is all-in
Guigui10400 calls 130 and is all-in
*** FLOP *** [Ad 5s 7c]
*** TURN *** [Ad 5s 7c][2h]
*** RIVER *** [Ad 5s 7c 2h][5c]
*** SHOW DOWN ***
Guigui10400 shows [8c Qh] (One pair : 5)
_SKR shows [Qc Kh] (One pair : 5)
_SKR collected 900 from pot
*** SUMMARY ***
Total pot 900 | No rake
Board: [Ad 5s 7c 2h 5c]
Seat 1: _SKR (small blind) (button) showed [Qc Kh] and won 900 with One pair : 5
Seat 2: Guigui10400 (big blind) showed [8c Qh] and lost with One pair : 5


