Winamax Poker - Tournament "Expresso Nitro" buyIn: 0.93€ + 0.07€ level: 1 - HandId: #2721160226408497153-1-1676418314 - Holdem no limit (10/20) - 2023/02/14 23:45:14 UTC
Table: 'Expresso Nitro(633569487)#0' 3-max (real money) Seat #1 is the button
Seat 1: CiGelXtrem (300)
Seat 2: _SKR (300)
Seat 3: AkSlr (300)
*** ANTE/BLINDS ***
_SKR posts small blind 10
AkSlr posts big blind 20
Dealt to _SKR [6s 7h]
*** PRE-FLOP *** 
CiGelXtrem folds
_SKR calls 10
AkSlr raises 280 to 300 and is all-in
_SKR folds
AkSlr collected 320 from pot
*** SUMMARY ***
Total pot 320 | No rake
Seat 3: AkSlr (big blind) won 320


Winamax Poker - Tournament "Expresso Nitro" buyIn: 0.93€ + 0.07€ level: 1 - HandId: #2721160226408497153-2-1676418333 - Holdem no limit (10/20) - 2023/02/14 23:45:33 UTC
Table: 'Expresso Nitro(633569487)#0' 3-max (real money) Seat #2 is the button
Seat 1: CiGelXtrem (300)
Seat 2: _SKR (280)
Seat 3: AkSlr (320)
*** ANTE/BLINDS ***
AkSlr posts small blind 10
CiGelXtrem posts big blind 20
Dealt to _SKR [6s Th]
*** PRE-FLOP *** 
_SKR folds
AkSlr calls 10
CiGelXtrem checks
*** FLOP *** [Ts 3c 6c]
AkSlr checks
CiGelXtrem bets 20
AkSlr folds
CiGelXtrem collected 60 from pot
*** SUMMARY ***
Total pot 60 | No rake
Board: [Ts 3c 6c]
Seat 1: CiGelXtrem (big blind) won 60


Winamax Poker - Tournament "Expresso Nitro" buyIn: 0.93€ + 0.07€ level: 1 - HandId: #2721160226408497153-3-1676418354 - Holdem no limit (10/20) - 2023/02/14 23:45:54 UTC
Table: 'Expresso Nitro(633569487)#0' 3-max (real money) Seat #3 is the button
Seat 1: CiGelXtrem (320)
Seat 2: _SKR (280)
Seat 3: AkSlr (300)
*** ANTE/BLINDS ***
CiGelXtrem posts small blind 10
_SKR posts big blind 20
Dealt to _SKR [8s Ad]
*** PRE-FLOP *** 
AkSlr raises 50 to 70
CiGelXtrem raises 250 to 320 and is all-in
_SKR folds
AkSlr calls 230 and is all-in
*** FLOP *** [6d Qs 6c]
*** TURN *** [6d Qs 6c][6s]
*** RIVER *** [6d Qs 6c 6s][2c]
*** SHOW DOWN ***
AkSlr shows [Kh 5h] (Trips of 6)
CiGelXtrem shows [Th Td] (Full of 6 and Tens)
CiGelXtrem collected 640 from pot
*** SUMMARY ***
Total pot 640 | No rake
Board: [6d Qs 6c 6s 2c]
Seat 1: CiGelXtrem (small blind) showed [Th Td] and won 640 with Full of 6 and Tens
Seat 3: AkSlr (button) showed [Kh 5h] and lost with Trips of 6


Winamax Poker - Tournament "Expresso Nitro" buyIn: 0.93€ + 0.07€ level: 2 - HandId: #2721160226408497153-4-1676418374 - Holdem no limit (15/30) - 2023/02/14 23:46:14 UTC
Table: 'Expresso Nitro(633569487)#0' 3-max (real money) Seat #2 is the button
Seat 1: CiGelXtrem (640)
Seat 2: _SKR (260)
*** ANTE/BLINDS ***
_SKR posts small blind 15
CiGelXtrem posts big blind 30
Dealt to _SKR [2s Qh]
*** PRE-FLOP *** 
_SKR folds
CiGelXtrem collected 45 from pot
*** SUMMARY ***
Total pot 45 | No rake
Seat 1: CiGelXtrem (big blind) won 45


Winamax Poker - Tournament "Expresso Nitro" buyIn: 0.93€ + 0.07€ level: 2 - HandId: #2721160226408497153-5-1676418377 - Holdem no limit (15/30) - 2023/02/14 23:46:17 UTC
Table: 'Expresso Nitro(633569487)#0' 3-max (real money) Seat #1 is the button
Seat 1: CiGelXtrem (655)
Seat 2: _SKR (245)
*** ANTE/BLINDS ***
CiGelXtrem posts small blind 15
_SKR posts big blind 30
Dealt to _SKR [9c 2h]
*** PRE-FLOP *** 
CiGelXtrem raises 45 to 75
_SKR folds
CiGelXtrem collected 105 from pot
*** SUMMARY ***
Total pot 105 | No rake
Seat 1: CiGelXtrem (small blind) (button) won 105


Winamax Poker - Tournament "Expresso Nitro" buyIn: 0.93€ + 0.07€ level: 2 - HandId: #2721160226408497153-6-1676418383 - Holdem no limit (15/30) - 2023/02/14 23:46:23 UTC
Table: 'Expresso Nitro(633569487)#0' 3-max (real money) Seat #2 is the button
Seat 1: CiGelXtrem (685)
Seat 2: _SKR (215)
*** ANTE/BLINDS ***
_SKR posts small blind 15
CiGelXtrem posts big blind 30
Dealt to _SKR [Kc 8s]
*** PRE-FLOP *** 
_SKR raises 185 to 215 and is all-in
CiGelXtrem folds
_SKR collected 245 from pot
*** SUMMARY ***
Total pot 245 | No rake
Seat 2: _SKR (small blind) (button) won 245


Winamax Poker - Tournament "Expresso Nitro" buyIn: 0.93€ + 0.07€ level: 2 - HandId: #2721160226408497153-7-1676418390 - Holdem no limit (15/30) - 2023/02/14 23:46:30 UTC
Table: 'Expresso Nitro(633569487)#0' 3-max (real money) Seat #1 is the button
Seat 1: CiGelXtrem (655)
Seat 2: _SKR (245)
*** ANTE/BLINDS ***
CiGelXtrem posts small blind 15
_SKR posts big blind 30
Dealt to _SKR [9h Ac]
*** PRE-FLOP *** 
CiGelXtrem folds
_SKR collected 45 from pot
*** SUMMARY ***
Total pot 45 | No rake
Seat 2: _SKR (big blind) won 45


Winamax Poker - Tournament "Expresso Nitro" buyIn: 0.93€ + 0.07€ level: 2 - HandId: #2721160226408497153-8-1676418394 - Holdem no limit (15/30) - 2023/02/14 23:46:34 UTC
Table: 'Expresso Nitro(633569487)#0' 3-max (real money) Seat #2 is the button
Seat 1: CiGelXtrem (640)
Seat 2: _SKR (260)
*** ANTE/BLINDS ***
_SKR posts small blind 15
CiGelXtrem posts big blind 30
Dealt to _SKR [Kd 9c]
*** PRE-FLOP *** 
_SKR raises 230 to 260 and is all-in
CiGelXtrem calls 230
*** FLOP *** [8c 3c 7h]
*** TURN *** [8c 3c 7h][9h]
*** RIVER *** [8c 3c 7h 9h][6h]
*** SHOW DOWN ***
CiGelXtrem shows [Ah Js] (High card : Ace)
_SKR shows [Kd 9c] (One pair : 9)
_SKR collected 520 from pot
*** SUMMARY ***
Total pot 520 | No rake
Board: [8c 3c 7h 9h 6h]
Seat 1: CiGelXtrem (big blind) showed [Ah Js] and lost with High card : Ace
Seat 2: _SKR (small blind) (button) showed [Kd 9c] and won 520 with One pair : 9


Winamax Poker - Tournament "Expresso Nitro" buyIn: 0.93€ + 0.07€ level: 2 - HandId: #2721160226408497153-9-1676418410 - Holdem no limit (15/30) - 2023/02/14 23:46:50 UTC
Table: 'Expresso Nitro(633569487)#0' 3-max (real money) Seat #1 is the button
Seat 1: CiGelXtrem (380)
Seat 2: _SKR (520)
*** ANTE/BLINDS ***
CiGelXtrem posts small blind 15
_SKR posts big blind 30
Dealt to _SKR [Kh Qh]
*** PRE-FLOP *** 
CiGelXtrem raises 350 to 380 and is all-in
_SKR calls 350
*** FLOP *** [9s 5c 9d]
*** TURN *** [9s 5c 9d][Ad]
*** RIVER *** [9s 5c 9d Ad][8c]
*** SHOW DOWN ***
CiGelXtrem shows [3h Jh] (One pair : 9)
_SKR shows [Kh Qh] (One pair : 9)
_SKR collected 760 from pot
*** SUMMARY ***
Total pot 760 | No rake
Board: [9s 5c 9d Ad 8c]
Seat 1: CiGelXtrem (small blind) (button) showed [3h Jh] and lost with One pair : 9
Seat 2: _SKR (big blind) showed [Kh Qh] and won 760 with One pair : 9


