Winamax Poker - Tournament "Expresso Nitro" buyIn: 1.86€ + 0.14€ level: 1 - HandId: #2698108381016621057-1-1675181013 - Holdem no limit (10/20) - 2023/01/31 16:03:33 UTC
Table: 'Expresso Nitro(628202311)#0' 3-max (real money) Seat #1 is the button
Seat 1: _SKR (300)
Seat 2: nabs2405 (300)
Seat 3: laukmirco (300)
*** ANTE/BLINDS ***
nabs2405 posts small blind 10
laukmirco posts big blind 20
Dealt to _SKR [6h 4s]
*** PRE-FLOP *** 
_SKR folds
nabs2405 calls 10
laukmirco checks
*** FLOP *** [6s Ah Td]
nabs2405 checks
laukmirco checks
*** TURN *** [6s Ah Td][Qh]
nabs2405 bets 40
laukmirco folds
nabs2405 collected 80 from pot
*** SUMMARY ***
Total pot 80 | No rake
Board: [6s Ah Td Qh]
Seat 2: nabs2405 (small blind) won 80


Winamax Poker - Tournament "Expresso Nitro" buyIn: 1.86€ + 0.14€ level: 1 - HandId: #2698108381016621057-2-1675181039 - Holdem no limit (10/20) - 2023/01/31 16:03:59 UTC
Table: 'Expresso Nitro(628202311)#0' 3-max (real money) Seat #2 is the button
Seat 1: _SKR (300)
Seat 2: nabs2405 (320)
Seat 3: laukmirco (280)
*** ANTE/BLINDS ***
laukmirco posts small blind 10
_SKR posts big blind 20
Dealt to _SKR [3c 3d]
*** PRE-FLOP *** 
nabs2405 raises 300 to 320 and is all-in
laukmirco folds
_SKR folds
nabs2405 collected 350 from pot
*** SUMMARY ***
Total pot 350 | No rake
Seat 2: nabs2405 (button) won 350


Winamax Poker - Tournament "Expresso Nitro" buyIn: 1.86€ + 0.14€ level: 1 - HandId: #2698108381016621057-3-1675181047 - Holdem no limit (10/20) - 2023/01/31 16:04:07 UTC
Table: 'Expresso Nitro(628202311)#0' 3-max (real money) Seat #3 is the button
Seat 1: _SKR (280)
Seat 2: nabs2405 (350)
Seat 3: laukmirco (270)
*** ANTE/BLINDS ***
_SKR posts small blind 10
nabs2405 posts big blind 20
Dealt to _SKR [3d 8c]
*** PRE-FLOP *** 
laukmirco folds
_SKR folds
nabs2405 collected 30 from pot
*** SUMMARY ***
Total pot 30 | No rake
Seat 2: nabs2405 (big blind) won 30


Winamax Poker - Tournament "Expresso Nitro" buyIn: 1.86€ + 0.14€ level: 1 - HandId: #2698108381016621057-4-1675181056 - Holdem no limit (10/20) - 2023/01/31 16:04:16 UTC
Table: 'Expresso Nitro(628202311)#0' 3-max (real money) Seat #1 is the button
Seat 1: _SKR (270)
Seat 2: nabs2405 (360)
Seat 3: laukmirco (270)
*** ANTE/BLINDS ***
nabs2405 posts small blind 10
laukmirco posts big blind 20
Dealt to _SKR [7s Jd]
*** PRE-FLOP *** 
_SKR folds
nabs2405 raises 340 to 360 and is all-in
laukmirco calls 250 and is all-in
*** FLOP *** [9s 8c 3h]
*** TURN *** [9s 8c 3h][2s]
*** RIVER *** [9s 8c 3h 2s][Qd]
*** SHOW DOWN ***
laukmirco shows [5d Ks] (High card : King)
nabs2405 shows [4c Ah] (High card : Ace)
nabs2405 collected 630 from pot
*** SUMMARY ***
Total pot 630 | No rake
Board: [9s 8c 3h 2s Qd]
Seat 2: nabs2405 (small blind) showed [4c Ah] and won 630 with High card : Ace
Seat 3: laukmirco (big blind) showed [5d Ks] and lost with High card : King


Winamax Poker - Tournament "Expresso Nitro" buyIn: 1.86€ + 0.14€ level: 2 - HandId: #2698108381016621057-5-1675181074 - Holdem no limit (15/30) - 2023/01/31 16:04:34 UTC
Table: 'Expresso Nitro(628202311)#0' 3-max (real money) Seat #1 is the button
Seat 1: _SKR (270)
Seat 2: nabs2405 (630)
*** ANTE/BLINDS ***
_SKR posts small blind 15
nabs2405 posts big blind 30
Dealt to _SKR [Kh 8h]
*** PRE-FLOP *** 
_SKR raises 240 to 270 and is all-in
nabs2405 folds
_SKR collected 300 from pot
*** SUMMARY ***
Total pot 300 | No rake
Seat 1: _SKR (small blind) (button) won 300


Winamax Poker - Tournament "Expresso Nitro" buyIn: 1.86€ + 0.14€ level: 2 - HandId: #2698108381016621057-6-1675181081 - Holdem no limit (15/30) - 2023/01/31 16:04:41 UTC
Table: 'Expresso Nitro(628202311)#0' 3-max (real money) Seat #2 is the button
Seat 1: _SKR (300)
Seat 2: nabs2405 (600)
*** ANTE/BLINDS ***
nabs2405 posts small blind 15
_SKR posts big blind 30
Dealt to _SKR [Ac 5s]
*** PRE-FLOP *** 
nabs2405 raises 570 to 600 and is all-in
_SKR calls 270 and is all-in
*** FLOP *** [2d 3d Kh]
*** TURN *** [2d 3d Kh][6s]
*** RIVER *** [2d 3d Kh 6s][Tc]
*** SHOW DOWN ***
_SKR shows [Ac 5s] (High card : Ace)
nabs2405 shows [5c 4c] (Straight 6 high)
nabs2405 collected 900 from pot
*** SUMMARY ***
Total pot 900 | No rake
Board: [2d 3d Kh 6s Tc]
Seat 1: _SKR (big blind) showed [Ac 5s] and lost with High card : Ace
Seat 2: nabs2405 (small blind) (button) showed [5c 4c] and won 900 with Straight 6 high


