Winamax Poker - Tournament "Expresso Nitro" buyIn: 0.93€ + 0.07€ level: 1 - HandId: #2717572885039284225-1-1676227424 - Holdem no limit (10/20) - 2023/02/12 18:43:44 UTC
Table: 'Expresso Nitro(632734244)#0' 3-max (real money) Seat #2 is the button
Seat 1: scar 93 (300)
Seat 2: YkIee (300)
Seat 3: _SKR (300)
*** ANTE/BLINDS ***
_SKR posts small blind 10
scar 93 posts big blind 20
Dealt to _SKR [Js Kd]
*** PRE-FLOP *** 
YkIee folds
_SKR raises 20 to 40
scar 93 folds
_SKR collected 60 from pot
*** SUMMARY ***
Total pot 60 | No rake
Seat 3: _SKR (small blind) won 60


Winamax Poker - Tournament "Expresso Nitro" buyIn: 0.93€ + 0.07€ level: 1 - HandId: #2717572885039284225-2-1676227434 - Holdem no limit (10/20) - 2023/02/12 18:43:54 UTC
Table: 'Expresso Nitro(632734244)#0' 3-max (real money) Seat #3 is the button
Seat 1: scar 93 (280)
Seat 2: YkIee (300)
Seat 3: _SKR (320)
*** ANTE/BLINDS ***
scar 93 posts small blind 10
YkIee posts big blind 20
Dealt to _SKR [Qc 2c]
*** PRE-FLOP *** 
_SKR folds
scar 93 raises 20 to 40
YkIee calls 20
*** FLOP *** [6d Td 2s]
scar 93 checks
YkIee checks
*** TURN *** [6d Td 2s][6s]
scar 93 checks
YkIee bets 48
scar 93 folds
YkIee collected 128 from pot
*** SUMMARY ***
Total pot 128 | No rake
Board: [6d Td 2s 6s]
Seat 2: YkIee (big blind) won 128


Winamax Poker - Tournament "Expresso Nitro" buyIn: 0.93€ + 0.07€ level: 2 - HandId: #2717572885039284225-3-1676227486 - Holdem no limit (15/30) - 2023/02/12 18:44:46 UTC
Table: 'Expresso Nitro(632734244)#0' 3-max (real money) Seat #1 is the button
Seat 1: scar 93 (240)
Seat 2: YkIee (340)
Seat 3: _SKR (320)
*** ANTE/BLINDS ***
YkIee posts small blind 15
_SKR posts big blind 30
Dealt to _SKR [3h Ks]
*** PRE-FLOP *** 
scar 93 raises 210 to 240 and is all-in
YkIee folds
_SKR folds
scar 93 collected 285 from pot
*** SUMMARY ***
Total pot 285 | No rake
Seat 1: scar 93 (button) won 285


Winamax Poker - Tournament "Expresso Nitro" buyIn: 0.93€ + 0.07€ level: 2 - HandId: #2717572885039284225-4-1676227497 - Holdem no limit (15/30) - 2023/02/12 18:44:57 UTC
Table: 'Expresso Nitro(632734244)#0' 3-max (real money) Seat #2 is the button
Seat 1: scar 93 (285)
Seat 2: YkIee (325)
Seat 3: _SKR (290)
*** ANTE/BLINDS ***
_SKR posts small blind 15
scar 93 posts big blind 30
Dealt to _SKR [2d 4d]
*** PRE-FLOP *** 
YkIee raises 295 to 325 and is all-in
_SKR folds
scar 93 folds
YkIee collected 370 from pot
*** SUMMARY ***
Total pot 370 | No rake
Seat 2: YkIee (button) won 370


Winamax Poker - Tournament "Expresso Nitro" buyIn: 0.93€ + 0.07€ level: 2 - HandId: #2717572885039284225-5-1676227506 - Holdem no limit (15/30) - 2023/02/12 18:45:06 UTC
Table: 'Expresso Nitro(632734244)#0' 3-max (real money) Seat #3 is the button
Seat 1: scar 93 (255)
Seat 2: YkIee (370)
Seat 3: _SKR (275)
*** ANTE/BLINDS ***
scar 93 posts small blind 15
YkIee posts big blind 30
Dealt to _SKR [Kd Th]
*** PRE-FLOP *** 
_SKR raises 245 to 275 and is all-in
scar 93 folds
YkIee folds
_SKR collected 320 from pot
*** SUMMARY ***
Total pot 320 | No rake
Seat 3: _SKR (button) won 320


Winamax Poker - Tournament "Expresso Nitro" buyIn: 0.93€ + 0.07€ level: 2 - HandId: #2717572885039284225-6-1676227517 - Holdem no limit (15/30) - 2023/02/12 18:45:17 UTC
Table: 'Expresso Nitro(632734244)#0' 3-max (real money) Seat #1 is the button
Seat 1: scar 93 (240)
Seat 2: YkIee (340)
Seat 3: _SKR (320)
*** ANTE/BLINDS ***
YkIee posts small blind 15
_SKR posts big blind 30
Dealt to _SKR [8c 9h]
*** PRE-FLOP *** 
scar 93 raises 210 to 240 and is all-in
YkIee folds
_SKR folds
scar 93 collected 285 from pot
*** SUMMARY ***
Total pot 285 | No rake
Seat 1: scar 93 (button) won 285


Winamax Poker - Tournament "Expresso Nitro" buyIn: 0.93€ + 0.07€ level: 2 - HandId: #2717572885039284225-7-1676227529 - Holdem no limit (15/30) - 2023/02/12 18:45:29 UTC
Table: 'Expresso Nitro(632734244)#0' 3-max (real money) Seat #2 is the button
Seat 1: scar 93 (285)
Seat 2: YkIee (325)
Seat 3: _SKR (290)
*** ANTE/BLINDS ***
_SKR posts small blind 15
scar 93 posts big blind 30
Dealt to _SKR [4c Jc]
*** PRE-FLOP *** 
YkIee folds
_SKR raises 260 to 290 and is all-in
scar 93 calls 255 and is all-in
*** FLOP *** [9d 6c Qs]
*** TURN *** [9d 6c Qs][8c]
*** RIVER *** [9d 6c Qs 8c][9c]
*** SHOW DOWN ***
scar 93 shows [As 2h] (One pair : 9)
_SKR shows [4c Jc] (Flush Jack high)
_SKR collected 575 from pot
*** SUMMARY ***
Total pot 575 | No rake
Board: [9d 6c Qs 8c 9c]
Seat 1: scar 93 (big blind) showed [As 2h] and lost with One pair : 9
Seat 3: _SKR (small blind) showed [4c Jc] and won 575 with Flush Jack high


Winamax Poker - Tournament "Expresso Nitro" buyIn: 0.93€ + 0.07€ level: 3 - HandId: #2717572885039284225-8-1676227548 - Holdem no limit (20/40) - 2023/02/12 18:45:48 UTC
Table: 'Expresso Nitro(632734244)#0' 3-max (real money) Seat #2 is the button
Seat 2: YkIee (325)
Seat 3: _SKR (575)
*** ANTE/BLINDS ***
YkIee posts small blind 20
_SKR posts big blind 40
Dealt to _SKR [9h 6d]
*** PRE-FLOP *** 
YkIee calls 20
_SKR checks
*** FLOP *** [8h 9c Ts]
_SKR checks
YkIee checks
*** TURN *** [8h 9c Ts][Ks]
_SKR checks
YkIee checks
*** RIVER *** [8h 9c Ts Ks][5s]
_SKR checks
YkIee checks
*** SHOW DOWN ***
YkIee shows [4c 9s] (One pair : 9)
_SKR shows [9h 6d] (One pair : 9)
_SKR collected 40 from pot
YkIee collected 40 from pot
*** SUMMARY ***
Total pot 80 | No rake
Board: [8h 9c Ts Ks 5s]
Seat 2: YkIee (small blind) (button) showed [4c 9s] and won 40 with One pair : 9
Seat 3: _SKR (big blind) showed [9h 6d] and won 40 with One pair : 9


Winamax Poker - Tournament "Expresso Nitro" buyIn: 0.93€ + 0.07€ level: 3 - HandId: #2717572885039284225-9-1676227589 - Holdem no limit (20/40) - 2023/02/12 18:46:29 UTC
Table: 'Expresso Nitro(632734244)#0' 3-max (real money) Seat #3 is the button
Seat 2: YkIee (325)
Seat 3: _SKR (575)
*** ANTE/BLINDS ***
_SKR posts small blind 20
YkIee posts big blind 40
Dealt to _SKR [7d 9d]
*** PRE-FLOP *** 
_SKR raises 535 to 575 and is all-in
YkIee calls 285 and is all-in
*** FLOP *** [5d Kc Ac]
*** TURN *** [5d Kc Ac][Jd]
*** RIVER *** [5d Kc Ac Jd][6s]
*** SHOW DOWN ***
YkIee shows [8h Ah] (One pair : Aces)
_SKR shows [7d 9d] (High card : Ace)
_SKR collected 250 from side pot 1
YkIee collected 650 from main pot
*** SUMMARY ***
Total pot 900 | No rake
Board: [5d Kc Ac Jd 6s]
Seat 2: YkIee (big blind) showed [8h Ah] and won 650 with One pair : Aces
Seat 3: _SKR (small blind) (button) showed [7d 9d] and won 250 with High card : Ace


Winamax Poker - Tournament "Expresso Nitro" buyIn: 0.93€ + 0.07€ level: 4 - HandId: #2717572885039284225-10-1676227602 - Holdem no limit (30/60) - 2023/02/12 18:46:42 UTC
Table: 'Expresso Nitro(632734244)#0' 3-max (real money) Seat #2 is the button
Seat 2: YkIee (650)
Seat 3: _SKR (250)
*** ANTE/BLINDS ***
YkIee posts small blind 30
_SKR posts big blind 60
Dealt to _SKR [Jc 7d]
*** PRE-FLOP *** 
YkIee raises 590 to 650 and is all-in
_SKR calls 190 and is all-in
*** FLOP *** [2d Ac 8c]
*** TURN *** [2d Ac 8c][2h]
*** RIVER *** [2d Ac 8c 2h][Ts]
*** SHOW DOWN ***
_SKR shows [Jc 7d] (One pair : 2)
YkIee shows [Qh 2s] (Trips of 2)
YkIee collected 900 from pot
*** SUMMARY ***
Total pot 900 | No rake
Board: [2d Ac 8c 2h Ts]
Seat 2: YkIee (small blind) (button) showed [Qh 2s] and won 900 with Trips of 2
Seat 3: _SKR (big blind) showed [Jc 7d] and lost with One pair : 2


