Winamax Poker - Tournament "Expresso Nitro" buyIn: 0.93€ + 0.07€ level: 1 - HandId: #2717712931037904897-1-1676232542 - Holdem no limit (10/20) - 2023/02/12 20:09:02 UTC
Table: 'Expresso Nitro(632766851)#0' 3-max (real money) Seat #3 is the button
Seat 1: jhonnycb (300)
Seat 2: _SKR (300)
Seat 3: Mallena (300)
*** ANTE/BLINDS ***
jhonnycb posts small blind 10
_SKR posts big blind 20
Dealt to _SKR [2s 8s]
*** PRE-FLOP *** 
Mallena folds
jhonnycb raises 20 to 40
_SKR folds
jhonnycb collected 60 from pot
*** SUMMARY ***
Total pot 60 | No rake
Seat 1: jhonnycb (small blind) won 60


Winamax Poker - Tournament "Expresso Nitro" buyIn: 0.93€ + 0.07€ level: 1 - HandId: #2717712931037904897-2-1676232549 - Holdem no limit (10/20) - 2023/02/12 20:09:09 UTC
Table: 'Expresso Nitro(632766851)#0' 3-max (real money) Seat #1 is the button
Seat 1: jhonnycb (320)
Seat 2: _SKR (280)
Seat 3: Mallena (300)
*** ANTE/BLINDS ***
_SKR posts small blind 10
Mallena posts big blind 20
Dealt to _SKR [9c 4c]
*** PRE-FLOP *** 
jhonnycb calls 20
_SKR folds
Mallena checks
*** FLOP *** [7h 9h 4h]
Mallena checks
jhonnycb bets 50
Mallena calls 50
*** TURN *** [7h 9h 4h][8s]
Mallena checks
jhonnycb bets 50
Mallena calls 50
*** RIVER *** [7h 9h 4h 8s][9d]
Mallena checks
jhonnycb checks
*** SHOW DOWN ***
jhonnycb shows [Jc Qs] (One pair : 9)
Mallena shows [Ks 8h] (Two pairs : 9 and 8)
Mallena collected 250 from pot
*** SUMMARY ***
Total pot 250 | No rake
Board: [7h 9h 4h 8s 9d]
Seat 1: jhonnycb (button) showed [Jc Qs] and lost with One pair : 9
Seat 3: Mallena (big blind) showed [Ks 8h] and won 250 with Two pairs : 9 and 8


Winamax Poker - Tournament "Expresso Nitro" buyIn: 0.93€ + 0.07€ level: 1 - HandId: #2717712931037904897-3-1676232590 - Holdem no limit (10/20) - 2023/02/12 20:09:50 UTC
Table: 'Expresso Nitro(632766851)#0' 3-max (real money) Seat #2 is the button
Seat 1: jhonnycb (200)
Seat 2: _SKR (270)
Seat 3: Mallena (430)
*** ANTE/BLINDS ***
Mallena posts small blind 10
jhonnycb posts big blind 20
Dealt to _SKR [6c 7d]
*** PRE-FLOP *** 
_SKR folds
Mallena raises 410 to 430 and is all-in
jhonnycb calls 180 and is all-in
*** FLOP *** [Qh Ac 4s]
*** TURN *** [Qh Ac 4s][9d]
*** RIVER *** [Qh Ac 4s 9d][3s]
*** SHOW DOWN ***
jhonnycb shows [5h 9s] (One pair : 9)
Mallena shows [Tc Ks] (High card : Ace)
Mallena collected 230 from side pot 1
jhonnycb collected 400 from main pot
*** SUMMARY ***
Total pot 630 | No rake
Board: [Qh Ac 4s 9d 3s]
Seat 1: jhonnycb (big blind) showed [5h 9s] and won 400 with One pair : 9
Seat 3: Mallena (small blind) showed [Tc Ks] and won 230 with High card : Ace


Winamax Poker - Tournament "Expresso Nitro" buyIn: 0.93€ + 0.07€ level: 2 - HandId: #2717712931037904897-4-1676232603 - Holdem no limit (15/30) - 2023/02/12 20:10:03 UTC
Table: 'Expresso Nitro(632766851)#0' 3-max (real money) Seat #3 is the button
Seat 1: jhonnycb (400)
Seat 2: _SKR (270)
Seat 3: Mallena (230)
*** ANTE/BLINDS ***
jhonnycb posts small blind 15
_SKR posts big blind 30
Dealt to _SKR [Kc 4h]
*** PRE-FLOP *** 
Mallena folds
jhonnycb calls 15
_SKR checks
*** FLOP *** [Th 8s 3s]
jhonnycb checks
_SKR checks
*** TURN *** [Th 8s 3s][Kh]
jhonnycb bets 30
_SKR calls 30
*** RIVER *** [Th 8s 3s Kh][8d]
jhonnycb bets 60
_SKR calls 60
*** SHOW DOWN ***
jhonnycb shows [4s 9c] (One pair : 8)
_SKR shows [Kc 4h] (Two pairs : Kings and 8)
_SKR collected 240 from pot
*** SUMMARY ***
Total pot 240 | No rake
Board: [Th 8s 3s Kh 8d]
Seat 1: jhonnycb (small blind) showed [4s 9c] and lost with One pair : 8
Seat 2: _SKR (big blind) showed [Kc 4h] and won 240 with Two pairs : Kings and 8


Winamax Poker - Tournament "Expresso Nitro" buyIn: 0.93€ + 0.07€ level: 2 - HandId: #2717712931037904897-5-1676232635 - Holdem no limit (15/30) - 2023/02/12 20:10:35 UTC
Table: 'Expresso Nitro(632766851)#0' 3-max (real money) Seat #1 is the button
Seat 1: jhonnycb (280)
Seat 2: _SKR (390)
Seat 3: Mallena (230)
*** ANTE/BLINDS ***
_SKR posts small blind 15
Mallena posts big blind 30
Dealt to _SKR [2d 7d]
*** PRE-FLOP *** 
jhonnycb folds
_SKR folds
Mallena collected 45 from pot
*** SUMMARY ***
Total pot 45 | No rake
Seat 3: Mallena (big blind) won 45


Winamax Poker - Tournament "Expresso Nitro" buyIn: 0.93€ + 0.07€ level: 2 - HandId: #2717712931037904897-6-1676232644 - Holdem no limit (15/30) - 2023/02/12 20:10:44 UTC
Table: 'Expresso Nitro(632766851)#0' 3-max (real money) Seat #2 is the button
Seat 1: jhonnycb (280)
Seat 2: _SKR (375)
Seat 3: Mallena (245)
*** ANTE/BLINDS ***
Mallena posts small blind 15
jhonnycb posts big blind 30
Dealt to _SKR [2s 7h]
*** PRE-FLOP *** 
_SKR folds
Mallena folds
jhonnycb collected 45 from pot
*** SUMMARY ***
Total pot 45 | No rake
Seat 1: jhonnycb (big blind) won 45


Winamax Poker - Tournament "Expresso Nitro" buyIn: 0.93€ + 0.07€ level: 2 - HandId: #2717712931037904897-7-1676232652 - Holdem no limit (15/30) - 2023/02/12 20:10:52 UTC
Table: 'Expresso Nitro(632766851)#0' 3-max (real money) Seat #3 is the button
Seat 1: jhonnycb (295)
Seat 2: _SKR (375)
Seat 3: Mallena (230)
*** ANTE/BLINDS ***
jhonnycb posts small blind 15
_SKR posts big blind 30
Dealt to _SKR [8d Jh]
*** PRE-FLOP *** 
Mallena raises 200 to 230 and is all-in
jhonnycb calls 215
_SKR folds
*** FLOP *** [5s 4d 6c]
*** TURN *** [5s 4d 6c][Jc]
*** RIVER *** [5s 4d 6c Jc][Ad]
*** SHOW DOWN ***
jhonnycb shows [Ks Qd] (High card : Ace)
Mallena shows [Qh Jd] (One pair : Jacks)
Mallena collected 490 from pot
*** SUMMARY ***
Total pot 490 | No rake
Board: [5s 4d 6c Jc Ad]
Seat 1: jhonnycb (small blind) showed [Ks Qd] and lost with High card : Ace
Seat 3: Mallena (button) showed [Qh Jd] and won 490 with One pair : Jacks


Winamax Poker - Tournament "Expresso Nitro" buyIn: 0.93€ + 0.07€ level: 3 - HandId: #2717712931037904897-8-1676232670 - Holdem no limit (20/40) - 2023/02/12 20:11:10 UTC
Table: 'Expresso Nitro(632766851)#0' 3-max (real money) Seat #1 is the button
Seat 1: jhonnycb (65)
Seat 2: _SKR (345)
Seat 3: Mallena (490)
*** ANTE/BLINDS ***
_SKR posts small blind 20
Mallena posts big blind 40
Dealt to _SKR [3h Jh]
*** PRE-FLOP *** 
jhonnycb raises 25 to 65 and is all-in
_SKR folds
Mallena calls 25
*** FLOP *** [Kh 8d Qc]
*** TURN *** [Kh 8d Qc][2c]
*** RIVER *** [Kh 8d Qc 2c][9d]
*** SHOW DOWN ***
Mallena shows [8c 7h] (One pair : 8)
jhonnycb shows [Jd Jc] (One pair : Jacks)
jhonnycb collected 150 from pot
*** SUMMARY ***
Total pot 150 | No rake
Board: [Kh 8d Qc 2c 9d]
Seat 1: jhonnycb (button) showed [Jd Jc] and won 150 with One pair : Jacks
Seat 3: Mallena (big blind) showed [8c 7h] and lost with One pair : 8


Winamax Poker - Tournament "Expresso Nitro" buyIn: 0.93€ + 0.07€ level: 3 - HandId: #2717712931037904897-9-1676232689 - Holdem no limit (20/40) - 2023/02/12 20:11:29 UTC
Table: 'Expresso Nitro(632766851)#0' 3-max (real money) Seat #2 is the button
Seat 1: jhonnycb (150)
Seat 2: _SKR (325)
Seat 3: Mallena (425)
*** ANTE/BLINDS ***
Mallena posts small blind 20
jhonnycb posts big blind 40
Dealt to _SKR [7h Jc]
*** PRE-FLOP *** 
_SKR folds
Mallena raises 385 to 425 and is all-in
jhonnycb calls 110 and is all-in
*** FLOP *** [3h 5h Qc]
*** TURN *** [3h 5h Qc][Th]
*** RIVER *** [3h 5h Qc Th][3d]
*** SHOW DOWN ***
jhonnycb shows [Js Ad] (One pair : 3)
Mallena shows [Jd Jh] (Two pairs : Jacks and 3)
Mallena collected 575 from pot
*** SUMMARY ***
Total pot 575 | No rake
Board: [3h 5h Qc Th 3d]
Seat 1: jhonnycb (big blind) showed [Js Ad] and lost with One pair : 3
Seat 3: Mallena (small blind) showed [Jd Jh] and won 575 with Two pairs : Jacks and 3


Winamax Poker - Tournament "Expresso Nitro" buyIn: 0.93€ + 0.07€ level: 3 - HandId: #2717712931037904897-10-1676232704 - Holdem no limit (20/40) - 2023/02/12 20:11:44 UTC
Table: 'Expresso Nitro(632766851)#0' 3-max (real money) Seat #2 is the button
Seat 2: _SKR (325)
Seat 3: Mallena (575)
*** ANTE/BLINDS ***
_SKR posts small blind 20
Mallena posts big blind 40
Dealt to _SKR [7d Qs]
*** PRE-FLOP *** 
_SKR raises 285 to 325 and is all-in
Mallena folds
_SKR collected 365 from pot
*** SUMMARY ***
Total pot 365 | No rake
Seat 2: _SKR (small blind) (button) won 365


Winamax Poker - Tournament "Expresso Nitro" buyIn: 0.93€ + 0.07€ level: 3 - HandId: #2717712931037904897-11-1676232711 - Holdem no limit (20/40) - 2023/02/12 20:11:51 UTC
Table: 'Expresso Nitro(632766851)#0' 3-max (real money) Seat #3 is the button
Seat 2: _SKR (365)
Seat 3: Mallena (535)
*** ANTE/BLINDS ***
Mallena posts small blind 20
_SKR posts big blind 40
Dealt to _SKR [8d 3h]
*** PRE-FLOP *** 
Mallena calls 20
_SKR checks
*** FLOP *** [Qc Qs Kc]
_SKR checks
Mallena bets 40
_SKR folds
Mallena collected 120 from pot
*** SUMMARY ***
Total pot 120 | No rake
Board: [Qc Qs Kc]
Seat 3: Mallena (small blind) (button) won 120


Winamax Poker - Tournament "Expresso Nitro" buyIn: 0.93€ + 0.07€ level: 4 - HandId: #2717712931037904897-12-1676232732 - Holdem no limit (30/60) - 2023/02/12 20:12:12 UTC
Table: 'Expresso Nitro(632766851)#0' 3-max (real money) Seat #2 is the button
Seat 2: _SKR (325)
Seat 3: Mallena (575)
*** ANTE/BLINDS ***
_SKR posts small blind 30
Mallena posts big blind 60
Dealt to _SKR [5d Js]
*** PRE-FLOP *** 
_SKR raises 265 to 325 and is all-in
Mallena folds
_SKR collected 385 from pot
*** SUMMARY ***
Total pot 385 | No rake
Seat 2: _SKR (small blind) (button) won 385


Winamax Poker - Tournament "Expresso Nitro" buyIn: 0.93€ + 0.07€ level: 4 - HandId: #2717712931037904897-13-1676232738 - Holdem no limit (30/60) - 2023/02/12 20:12:18 UTC
Table: 'Expresso Nitro(632766851)#0' 3-max (real money) Seat #3 is the button
Seat 2: _SKR (385)
Seat 3: Mallena (515)
*** ANTE/BLINDS ***
Mallena posts small blind 30
_SKR posts big blind 60
Dealt to _SKR [7c Tc]
*** PRE-FLOP *** 
Mallena raises 455 to 515 and is all-in
_SKR folds
Mallena collected 575 from pot
*** SUMMARY ***
Total pot 575 | No rake
Seat 3: Mallena (small blind) (button) won 575


Winamax Poker - Tournament "Expresso Nitro" buyIn: 0.93€ + 0.07€ level: 4 - HandId: #2717712931037904897-14-1676232747 - Holdem no limit (30/60) - 2023/02/12 20:12:27 UTC
Table: 'Expresso Nitro(632766851)#0' 3-max (real money) Seat #2 is the button
Seat 2: _SKR (325)
Seat 3: Mallena (575)
*** ANTE/BLINDS ***
_SKR posts small blind 30
Mallena posts big blind 60
Dealt to _SKR [4d 5c]
*** PRE-FLOP *** 
_SKR folds
Mallena collected 90 from pot
*** SUMMARY ***
Total pot 90 | No rake
Seat 3: Mallena (big blind) won 90


Winamax Poker - Tournament "Expresso Nitro" buyIn: 0.93€ + 0.07€ level: 4 - HandId: #2717712931037904897-15-1676232752 - Holdem no limit (30/60) - 2023/02/12 20:12:32 UTC
Table: 'Expresso Nitro(632766851)#0' 3-max (real money) Seat #3 is the button
Seat 2: _SKR (295)
Seat 3: Mallena (605)
*** ANTE/BLINDS ***
Mallena posts small blind 30
_SKR posts big blind 60
Dealt to _SKR [Ks 9d]
*** PRE-FLOP *** 
Mallena raises 545 to 605 and is all-in
_SKR calls 235 and is all-in
*** FLOP *** [9h Jh 6s]
*** TURN *** [9h Jh 6s][4s]
*** RIVER *** [9h Jh 6s 4s][Qh]
*** SHOW DOWN ***
_SKR shows [Ks 9d] (One pair : 9)
Mallena shows [Kc 4d] (One pair : 4)
Mallena collected 310 from side pot 1
_SKR collected 590 from main pot
*** SUMMARY ***
Total pot 900 | No rake
Board: [9h Jh 6s 4s Qh]
Seat 2: _SKR (big blind) showed [Ks 9d] and won 590 with One pair : 9
Seat 3: Mallena (small blind) (button) showed [Kc 4d] and won 310 with One pair : 4


Winamax Poker - Tournament "Expresso Nitro" buyIn: 0.93€ + 0.07€ level: 4 - HandId: #2717712931037904897-16-1676232768 - Holdem no limit (30/60) - 2023/02/12 20:12:48 UTC
Table: 'Expresso Nitro(632766851)#0' 3-max (real money) Seat #2 is the button
Seat 2: _SKR (590)
Seat 3: Mallena (310)
*** ANTE/BLINDS ***
_SKR posts small blind 30
Mallena posts big blind 60
Dealt to _SKR [8s 4h]
*** PRE-FLOP *** 
_SKR folds
Mallena collected 90 from pot
*** SUMMARY ***
Total pot 90 | No rake
Seat 3: Mallena (big blind) won 90


Winamax Poker - Tournament "Expresso Nitro" buyIn: 0.93€ + 0.07€ level: 4 - HandId: #2717712931037904897-17-1676232776 - Holdem no limit (30/60) - 2023/02/12 20:12:56 UTC
Table: 'Expresso Nitro(632766851)#0' 3-max (real money) Seat #3 is the button
Seat 2: _SKR (560)
Seat 3: Mallena (340)
*** ANTE/BLINDS ***
Mallena posts small blind 30
_SKR posts big blind 60
Dealt to _SKR [As 7h]
*** PRE-FLOP *** 
Mallena raises 280 to 340 and is all-in
_SKR calls 280
*** FLOP *** [Th 8s 9c]
*** TURN *** [Th 8s 9c][Ts]
*** RIVER *** [Th 8s 9c Ts][Ks]
*** SHOW DOWN ***
_SKR shows [As 7h] (One pair : Tens)
Mallena shows [Kh 7s] (Two pairs : Kings and Tens)
Mallena collected 680 from pot
*** SUMMARY ***
Total pot 680 | No rake
Board: [Th 8s 9c Ts Ks]
Seat 2: _SKR (big blind) showed [As 7h] and lost with One pair : Tens
Seat 3: Mallena (small blind) (button) showed [Kh 7s] and won 680 with Two pairs : Kings and Tens


Winamax Poker - Tournament "Expresso Nitro" buyIn: 0.93€ + 0.07€ level: 5 - HandId: #2717712931037904897-18-1676232789 - Holdem no limit (40/80) - 2023/02/12 20:13:09 UTC
Table: 'Expresso Nitro(632766851)#0' 3-max (real money) Seat #2 is the button
Seat 2: _SKR (220)
Seat 3: Mallena (680)
*** ANTE/BLINDS ***
_SKR posts small blind 40
Mallena posts big blind 80
Dealt to _SKR [Kh 5d]
*** PRE-FLOP *** 
_SKR raises 140 to 220 and is all-in
Mallena raises 460 to 680 and is all-in
*** FLOP *** [Qd 5c 3h]
*** TURN *** [Qd 5c 3h][Ah]
*** RIVER *** [Qd 5c 3h Ah][Ad]
*** SHOW DOWN ***
_SKR shows [Kh 5d] (Two pairs : Aces and 5)
Mallena shows [2s 8c] (One pair : Aces)
Mallena collected 460 from side pot 1
_SKR collected 440 from main pot
*** SUMMARY ***
Total pot 900 | No rake
Board: [Qd 5c 3h Ah Ad]
Seat 2: _SKR (small blind) (button) showed [Kh 5d] and won 440 with Two pairs : Aces and 5
Seat 3: Mallena (big blind) showed [2s 8c] and won 460 with One pair : Aces


Winamax Poker - Tournament "Expresso Nitro" buyIn: 0.93€ + 0.07€ level: 5 - HandId: #2717712931037904897-19-1676232802 - Holdem no limit (40/80) - 2023/02/12 20:13:22 UTC
Table: 'Expresso Nitro(632766851)#0' 3-max (real money) Seat #3 is the button
Seat 2: _SKR (440)
Seat 3: Mallena (460)
*** ANTE/BLINDS ***
Mallena posts small blind 40
_SKR posts big blind 80
Dealt to _SKR [As Jh]
*** PRE-FLOP *** 
Mallena raises 380 to 460 and is all-in
_SKR calls 360 and is all-in
*** FLOP *** [7d Tc 6h]
*** TURN *** [7d Tc 6h][7s]
*** RIVER *** [7d Tc 6h 7s][6d]
*** SHOW DOWN ***
_SKR shows [As Jh] (Two pairs : 7 and 6)
Mallena shows [Ks 9s] (Two pairs : 7 and 6)
Mallena collected 20 from side pot 1
_SKR collected 880 from main pot
*** SUMMARY ***
Total pot 900 | No rake
Board: [7d Tc 6h 7s 6d]
Seat 2: _SKR (big blind) showed [As Jh] and won 880 with Two pairs : 7 and 6
Seat 3: Mallena (small blind) (button) showed [Ks 9s] and won 20 with Two pairs : 7 and 6


Winamax Poker - Tournament "Expresso Nitro" buyIn: 0.93€ + 0.07€ level: 5 - HandId: #2717712931037904897-20-1676232818 - Holdem no limit (40/80) - 2023/02/12 20:13:38 UTC
Table: 'Expresso Nitro(632766851)#0' 3-max (real money) Seat #2 is the button
Seat 2: _SKR (880)
Seat 3: Mallena (20)
*** ANTE/BLINDS ***
_SKR posts small blind 40
Mallena posts big blind 20 and is all-in
Dealt to _SKR [3s Ah]
*** PRE-FLOP *** 
*** FLOP *** [4d Js 9s]
*** TURN *** [4d Js 9s][7d]
*** RIVER *** [4d Js 9s 7d][6d]
*** SHOW DOWN ***
_SKR shows [3s Ah] (High card : Ace)
Mallena shows [9d 9h] (Trips of 9)
Mallena collected 40 from main pot
_SKR collected 20 from side pot 1
*** SUMMARY ***
Total pot 60 | No rake
Board: [4d Js 9s 7d 6d]
Seat 2: _SKR (small blind) (button) showed [3s Ah] and won 20 with High card : Ace
Seat 3: Mallena (big blind) showed [9d 9h] and won 40 with Trips of 9


Winamax Poker - Tournament "Expresso Nitro" buyIn: 0.93€ + 0.07€ level: 5 - HandId: #2717712931037904897-21-1676232826 - Holdem no limit (40/80) - 2023/02/12 20:13:46 UTC
Table: 'Expresso Nitro(632766851)#0' 3-max (real money) Seat #3 is the button
Seat 2: _SKR (860)
Seat 3: Mallena (40)
*** ANTE/BLINDS ***
Mallena posts small blind 40 and is all-in
_SKR posts big blind 80
Dealt to _SKR [8d 6s]
*** PRE-FLOP *** 
*** FLOP *** [6c Ah Kh]
*** TURN *** [6c Ah Kh][Th]
*** RIVER *** [6c Ah Kh Th][Ts]
*** SHOW DOWN ***
_SKR shows [8d 6s] (Two pairs : Tens and 6)
Mallena shows [Td 9s] (Trips of Tens)
Mallena collected 80 from main pot
_SKR collected 40 from side pot 1
*** SUMMARY ***
Total pot 120 | No rake
Board: [6c Ah Kh Th Ts]
Seat 2: _SKR (big blind) showed [8d 6s] and won 40 with Two pairs : Tens and 6
Seat 3: Mallena (small blind) (button) showed [Td 9s] and won 80 with Trips of Tens


Winamax Poker - Tournament "Expresso Nitro" buyIn: 0.93€ + 0.07€ level: 5 - HandId: #2717712931037904897-22-1676232834 - Holdem no limit (40/80) - 2023/02/12 20:13:54 UTC
Table: 'Expresso Nitro(632766851)#0' 3-max (real money) Seat #2 is the button
Seat 2: _SKR (820)
Seat 3: Mallena (80)
*** ANTE/BLINDS ***
_SKR posts small blind 40
Mallena posts big blind 80 and is all-in
Dealt to _SKR [Jh 6h]
*** PRE-FLOP *** 
_SKR calls 40
*** FLOP *** [Qh 8c 5c]
*** TURN *** [Qh 8c 5c][5s]
*** RIVER *** [Qh 8c 5c 5s][2c]
*** SHOW DOWN ***
_SKR shows [Jh 6h] (One pair : 5)
Mallena shows [Qc As] (Two pairs : Queens and 5)
Mallena collected 160 from pot
*** SUMMARY ***
Total pot 160 | No rake
Board: [Qh 8c 5c 5s 2c]
Seat 2: _SKR (small blind) (button) showed [Jh 6h] and lost with One pair : 5
Seat 3: Mallena (big blind) showed [Qc As] and won 160 with Two pairs : Queens and 5


Winamax Poker - Tournament "Expresso Nitro" buyIn: 0.93€ + 0.07€ level: 6 - HandId: #2717712931037904897-23-1676232846 - Holdem no limit (50/100) - 2023/02/12 20:14:06 UTC
Table: 'Expresso Nitro(632766851)#0' 3-max (real money) Seat #3 is the button
Seat 2: _SKR (740)
Seat 3: Mallena (160)
*** ANTE/BLINDS ***
Mallena posts small blind 50
_SKR posts big blind 100
Dealt to _SKR [Ac 2s]
*** PRE-FLOP *** 
Mallena raises 60 to 160 and is all-in
_SKR calls 60
*** FLOP *** [Ks 5c 5h]
*** TURN *** [Ks 5c 5h][6d]
*** RIVER *** [Ks 5c 5h 6d][8s]
*** SHOW DOWN ***
_SKR shows [Ac 2s] (One pair : 5)
Mallena shows [Ad 8c] (Two pairs : 8 and 5)
Mallena collected 320 from pot
*** SUMMARY ***
Total pot 320 | No rake
Board: [Ks 5c 5h 6d 8s]
Seat 2: _SKR (big blind) showed [Ac 2s] and lost with One pair : 5
Seat 3: Mallena (small blind) (button) showed [Ad 8c] and won 320 with Two pairs : 8 and 5


Winamax Poker - Tournament "Expresso Nitro" buyIn: 0.93€ + 0.07€ level: 6 - HandId: #2717712931037904897-24-1676232858 - Holdem no limit (50/100) - 2023/02/12 20:14:18 UTC
Table: 'Expresso Nitro(632766851)#0' 3-max (real money) Seat #2 is the button
Seat 2: _SKR (580)
Seat 3: Mallena (320)
*** ANTE/BLINDS ***
_SKR posts small blind 50
Mallena posts big blind 100
Dealt to _SKR [7s 2s]
*** PRE-FLOP *** 
_SKR folds
Mallena collected 150 from pot
*** SUMMARY ***
Total pot 150 | No rake
Seat 3: Mallena (big blind) won 150


Winamax Poker - Tournament "Expresso Nitro" buyIn: 0.93€ + 0.07€ level: 6 - HandId: #2717712931037904897-25-1676232863 - Holdem no limit (50/100) - 2023/02/12 20:14:23 UTC
Table: 'Expresso Nitro(632766851)#0' 3-max (real money) Seat #3 is the button
Seat 2: _SKR (530)
Seat 3: Mallena (370)
*** ANTE/BLINDS ***
Mallena posts small blind 50
_SKR posts big blind 100
Dealt to _SKR [As 8c]
*** PRE-FLOP *** 
Mallena raises 270 to 370 and is all-in
_SKR raises 160 to 530 and is all-in
*** FLOP *** [Jc Qc 5d]
*** TURN *** [Jc Qc 5d][8s]
*** RIVER *** [Jc Qc 5d 8s][Kd]
*** SHOW DOWN ***
_SKR shows [As 8c] (One pair : 8)
Mallena shows [Jh Js] (Trips of Jacks)
Mallena collected 740 from main pot
_SKR collected 160 from side pot 1
*** SUMMARY ***
Total pot 900 | No rake
Board: [Jc Qc 5d 8s Kd]
Seat 2: _SKR (big blind) showed [As 8c] and won 160 with One pair : 8
Seat 3: Mallena (small blind) (button) showed [Jh Js] and won 740 with Trips of Jacks


Winamax Poker - Tournament "Expresso Nitro" buyIn: 0.93€ + 0.07€ level: 6 - HandId: #2717712931037904897-26-1676232875 - Holdem no limit (50/100) - 2023/02/12 20:14:35 UTC
Table: 'Expresso Nitro(632766851)#0' 3-max (real money) Seat #2 is the button
Seat 2: _SKR (160)
Seat 3: Mallena (740)
*** ANTE/BLINDS ***
_SKR posts small blind 50
Mallena posts big blind 100
Dealt to _SKR [6h Kh]
*** PRE-FLOP *** 
_SKR raises 60 to 160 and is all-in
Mallena raises 580 to 740 and is all-in
*** FLOP *** [9c 8c 2d]
*** TURN *** [9c 8c 2d][Ad]
*** RIVER *** [9c 8c 2d Ad][7c]
*** SHOW DOWN ***
_SKR shows [6h Kh] (High card : Ace)
Mallena shows [7d Kc] (One pair : 7)
Mallena collected 900 from pot
*** SUMMARY ***
Total pot 900 | No rake
Board: [9c 8c 2d Ad 7c]
Seat 2: _SKR (small blind) (button) showed [6h Kh] and lost with High card : Ace
Seat 3: Mallena (big blind) showed [7d Kc] and won 900 with One pair : 7


