Winamax Poker - Tournament "Expresso Nitro" buyIn: 1.86€ + 0.14€ level: 1 - HandId: #2695278014748426241-1-1675003882 - Holdem no limit (10/20) - 2023/01/29 14:51:22 UTC
Table: 'Expresso Nitro(627543315)#0' 3-max (real money) Seat #3 is the button
Seat 1: _SKR (300)
Seat 2: iso69off (300)
Seat 3: L3M0nD3Chic0 (300)
*** ANTE/BLINDS ***
_SKR posts small blind 10
iso69off posts big blind 20
Dealt to _SKR [9s 7d]
*** PRE-FLOP *** 
L3M0nD3Chic0 folds
_SKR folds
iso69off collected 30 from pot
*** SUMMARY ***
Total pot 30 | No rake
Seat 2: iso69off (big blind) won 30


Winamax Poker - Tournament "Expresso Nitro" buyIn: 1.86€ + 0.14€ level: 1 - HandId: #2695278014748426241-2-1675003892 - Holdem no limit (10/20) - 2023/01/29 14:51:32 UTC
Table: 'Expresso Nitro(627543315)#0' 3-max (real money) Seat #1 is the button
Seat 1: _SKR (290)
Seat 2: iso69off (310)
Seat 3: L3M0nD3Chic0 (300)
*** ANTE/BLINDS ***
iso69off posts small blind 10
L3M0nD3Chic0 posts big blind 20
Dealt to _SKR [Jc Ks]
*** PRE-FLOP *** 
_SKR raises 270 to 290 and is all-in
iso69off folds
L3M0nD3Chic0 folds
_SKR collected 320 from pot
*** SUMMARY ***
Total pot 320 | No rake
Seat 1: _SKR (button) won 320


Winamax Poker - Tournament "Expresso Nitro" buyIn: 1.86€ + 0.14€ level: 1 - HandId: #2695278014748426241-3-1675003898 - Holdem no limit (10/20) - 2023/01/29 14:51:38 UTC
Table: 'Expresso Nitro(627543315)#0' 3-max (real money) Seat #2 is the button
Seat 1: _SKR (320)
Seat 2: iso69off (300)
Seat 3: L3M0nD3Chic0 (280)
*** ANTE/BLINDS ***
L3M0nD3Chic0 posts small blind 10
_SKR posts big blind 20
Dealt to _SKR [Kh 4c]
*** PRE-FLOP *** 
iso69off raises 20 to 40
L3M0nD3Chic0 folds
_SKR folds
iso69off collected 70 from pot
*** SUMMARY ***
Total pot 70 | No rake
Seat 2: iso69off (button) won 70


Winamax Poker - Tournament "Expresso Nitro" buyIn: 1.86€ + 0.14€ level: 1 - HandId: #2695278014748426241-4-1675003906 - Holdem no limit (10/20) - 2023/01/29 14:51:46 UTC
Table: 'Expresso Nitro(627543315)#0' 3-max (real money) Seat #3 is the button
Seat 1: _SKR (300)
Seat 2: iso69off (330)
Seat 3: L3M0nD3Chic0 (270)
*** ANTE/BLINDS ***
_SKR posts small blind 10
iso69off posts big blind 20
Dealt to _SKR [4c 6h]
*** PRE-FLOP *** 
L3M0nD3Chic0 folds
_SKR folds
iso69off collected 30 from pot
*** SUMMARY ***
Total pot 30 | No rake
Seat 2: iso69off (big blind) won 30


Winamax Poker - Tournament "Expresso Nitro" buyIn: 1.86€ + 0.14€ level: 1 - HandId: #2695278014748426241-5-1675003911 - Holdem no limit (10/20) - 2023/01/29 14:51:51 UTC
Table: 'Expresso Nitro(627543315)#0' 3-max (real money) Seat #1 is the button
Seat 1: _SKR (290)
Seat 2: iso69off (340)
Seat 3: L3M0nD3Chic0 (270)
*** ANTE/BLINDS ***
iso69off posts small blind 10
L3M0nD3Chic0 posts big blind 20
Dealt to _SKR [Jc 2d]
*** PRE-FLOP *** 
_SKR folds
iso69off folds
L3M0nD3Chic0 collected 30 from pot
*** SUMMARY ***
Total pot 30 | No rake
Seat 3: L3M0nD3Chic0 (big blind) won 30


Winamax Poker - Tournament "Expresso Nitro" buyIn: 1.86€ + 0.14€ level: 1 - HandId: #2695278014748426241-6-1675003915 - Holdem no limit (10/20) - 2023/01/29 14:51:55 UTC
Table: 'Expresso Nitro(627543315)#0' 3-max (real money) Seat #2 is the button
Seat 1: _SKR (290)
Seat 2: iso69off (330)
Seat 3: L3M0nD3Chic0 (280)
*** ANTE/BLINDS ***
L3M0nD3Chic0 posts small blind 10
_SKR posts big blind 20
Dealt to _SKR [Ah Js]
*** PRE-FLOP *** 
iso69off folds
L3M0nD3Chic0 folds
_SKR collected 30 from pot
*** SUMMARY ***
Total pot 30 | No rake
Seat 1: _SKR (big blind) won 30


Winamax Poker - Tournament "Expresso Nitro" buyIn: 1.86€ + 0.14€ level: 1 - HandId: #2695278014748426241-7-1675003919 - Holdem no limit (10/20) - 2023/01/29 14:51:59 UTC
Table: 'Expresso Nitro(627543315)#0' 3-max (real money) Seat #3 is the button
Seat 1: _SKR (300)
Seat 2: iso69off (330)
Seat 3: L3M0nD3Chic0 (270)
*** ANTE/BLINDS ***
_SKR posts small blind 10
iso69off posts big blind 20
Dealt to _SKR [Qd 4c]
*** PRE-FLOP *** 
L3M0nD3Chic0 raises 250 to 270 and is all-in
_SKR folds
iso69off folds
L3M0nD3Chic0 collected 300 from pot
*** SUMMARY ***
Total pot 300 | No rake
Seat 3: L3M0nD3Chic0 (button) won 300


Winamax Poker - Tournament "Expresso Nitro" buyIn: 1.86€ + 0.14€ level: 1 - HandId: #2695278014748426241-8-1675003930 - Holdem no limit (10/20) - 2023/01/29 14:52:10 UTC
Table: 'Expresso Nitro(627543315)#0' 3-max (real money) Seat #1 is the button
Seat 1: _SKR (290)
Seat 2: iso69off (310)
Seat 3: L3M0nD3Chic0 (300)
*** ANTE/BLINDS ***
iso69off posts small blind 10
L3M0nD3Chic0 posts big blind 20
Dealt to _SKR [Td Ac]
*** PRE-FLOP *** 
_SKR raises 270 to 290 and is all-in
iso69off folds
L3M0nD3Chic0 folds
_SKR collected 320 from pot
*** SUMMARY ***
Total pot 320 | No rake
Seat 1: _SKR (button) won 320


Winamax Poker - Tournament "Expresso Nitro" buyIn: 1.86€ + 0.14€ level: 2 - HandId: #2695278014748426241-9-1675003939 - Holdem no limit (15/30) - 2023/01/29 14:52:19 UTC
Table: 'Expresso Nitro(627543315)#0' 3-max (real money) Seat #2 is the button
Seat 1: _SKR (320)
Seat 2: iso69off (300)
Seat 3: L3M0nD3Chic0 (280)
*** ANTE/BLINDS ***
L3M0nD3Chic0 posts small blind 15
_SKR posts big blind 30
Dealt to _SKR [6d 9d]
*** PRE-FLOP *** 
iso69off raises 30 to 60
L3M0nD3Chic0 folds
_SKR folds
iso69off collected 105 from pot
*** SUMMARY ***
Total pot 105 | No rake
Seat 2: iso69off (button) won 105


Winamax Poker - Tournament "Expresso Nitro" buyIn: 1.86€ + 0.14€ level: 2 - HandId: #2695278014748426241-10-1675003946 - Holdem no limit (15/30) - 2023/01/29 14:52:26 UTC
Table: 'Expresso Nitro(627543315)#0' 3-max (real money) Seat #3 is the button
Seat 1: _SKR (290)
Seat 2: iso69off (345)
Seat 3: L3M0nD3Chic0 (265)
*** ANTE/BLINDS ***
_SKR posts small blind 15
iso69off posts big blind 30
Dealt to _SKR [4d 3c]
*** PRE-FLOP *** 
L3M0nD3Chic0 raises 235 to 265 and is all-in
_SKR folds
iso69off folds
L3M0nD3Chic0 collected 310 from pot
*** SUMMARY ***
Total pot 310 | No rake
Seat 3: L3M0nD3Chic0 (button) won 310


Winamax Poker - Tournament "Expresso Nitro" buyIn: 1.86€ + 0.14€ level: 2 - HandId: #2695278014748426241-11-1675003952 - Holdem no limit (15/30) - 2023/01/29 14:52:32 UTC
Table: 'Expresso Nitro(627543315)#0' 3-max (real money) Seat #1 is the button
Seat 1: _SKR (275)
Seat 2: iso69off (315)
Seat 3: L3M0nD3Chic0 (310)
*** ANTE/BLINDS ***
iso69off posts small blind 15
L3M0nD3Chic0 posts big blind 30
Dealt to _SKR [Kc 7c]
*** PRE-FLOP *** 
_SKR raises 245 to 275 and is all-in
iso69off calls 260
L3M0nD3Chic0 folds
*** FLOP *** [Th 8c 9c]
*** TURN *** [Th 8c 9c][Jc]
*** RIVER *** [Th 8c 9c Jc][Ks]
*** SHOW DOWN ***
iso69off shows [Ad 5h] (High card : Ace)
_SKR shows [Kc 7c] (Flush King high)
_SKR collected 580 from pot
*** SUMMARY ***
Total pot 580 | No rake
Board: [Th 8c 9c Jc Ks]
Seat 1: _SKR (button) showed [Kc 7c] and won 580 with Flush King high
Seat 2: iso69off (small blind) showed [Ad 5h] and lost with High card : Ace


Winamax Poker - Tournament "Expresso Nitro" buyIn: 1.86€ + 0.14€ level: 2 - HandId: #2695278014748426241-12-1675003969 - Holdem no limit (15/30) - 2023/01/29 14:52:49 UTC
Table: 'Expresso Nitro(627543315)#0' 3-max (real money) Seat #2 is the button
Seat 1: _SKR (580)
Seat 2: iso69off (40)
Seat 3: L3M0nD3Chic0 (280)
*** ANTE/BLINDS ***
L3M0nD3Chic0 posts small blind 15
_SKR posts big blind 30
Dealt to _SKR [6h 7s]
*** PRE-FLOP *** 
iso69off raises 10 to 40 and is all-in
L3M0nD3Chic0 folds
_SKR calls 10
*** FLOP *** [Ah 9c 8h]
*** TURN *** [Ah 9c 8h][Qc]
*** RIVER *** [Ah 9c 8h Qc][3s]
*** SHOW DOWN ***
_SKR shows [6h 7s] (High card : Ace)
iso69off shows [Jh Tc] (Straight Queen high)
iso69off collected 95 from pot
*** SUMMARY ***
Total pot 95 | No rake
Board: [Ah 9c 8h Qc 3s]
Seat 1: _SKR (big blind) showed [6h 7s] and lost with High card : Ace
Seat 2: iso69off (button) showed [Jh Tc] and won 95 with Straight Queen high


Winamax Poker - Tournament "Expresso Nitro" buyIn: 1.86€ + 0.14€ level: 2 - HandId: #2695278014748426241-13-1675003984 - Holdem no limit (15/30) - 2023/01/29 14:53:04 UTC
Table: 'Expresso Nitro(627543315)#0' 3-max (real money) Seat #3 is the button
Seat 1: _SKR (540)
Seat 2: iso69off (95)
Seat 3: L3M0nD3Chic0 (265)
*** ANTE/BLINDS ***
_SKR posts small blind 15
iso69off posts big blind 30
Dealt to _SKR [5s 2d]
*** PRE-FLOP *** 
L3M0nD3Chic0 folds
_SKR folds
iso69off collected 45 from pot
*** SUMMARY ***
Total pot 45 | No rake
Seat 2: iso69off (big blind) won 45


Winamax Poker - Tournament "Expresso Nitro" buyIn: 1.86€ + 0.14€ level: 2 - HandId: #2695278014748426241-14-1675003989 - Holdem no limit (15/30) - 2023/01/29 14:53:09 UTC
Table: 'Expresso Nitro(627543315)#0' 3-max (real money) Seat #1 is the button
Seat 1: _SKR (525)
Seat 2: iso69off (110)
Seat 3: L3M0nD3Chic0 (265)
*** ANTE/BLINDS ***
iso69off posts small blind 15
L3M0nD3Chic0 posts big blind 30
Dealt to _SKR [9s Jh]
*** PRE-FLOP *** 
_SKR folds
iso69off raises 80 to 110 and is all-in
L3M0nD3Chic0 folds
iso69off collected 140 from pot
*** SUMMARY ***
Total pot 140 | No rake
Seat 2: iso69off (small blind) won 140


Winamax Poker - Tournament "Expresso Nitro" buyIn: 1.86€ + 0.14€ level: 2 - HandId: #2695278014748426241-15-1675003997 - Holdem no limit (15/30) - 2023/01/29 14:53:17 UTC
Table: 'Expresso Nitro(627543315)#0' 3-max (real money) Seat #2 is the button
Seat 1: _SKR (525)
Seat 2: iso69off (140)
Seat 3: L3M0nD3Chic0 (235)
*** ANTE/BLINDS ***
L3M0nD3Chic0 posts small blind 15
_SKR posts big blind 30
Dealt to _SKR [6c Qd]
*** PRE-FLOP *** 
iso69off folds
L3M0nD3Chic0 raises 205 to 235 and is all-in
_SKR folds
L3M0nD3Chic0 collected 265 from pot
*** SUMMARY ***
Total pot 265 | No rake
Seat 3: L3M0nD3Chic0 (small blind) won 265


Winamax Poker - Tournament "Expresso Nitro" buyIn: 1.86€ + 0.14€ level: 3 - HandId: #2695278014748426241-16-1675004004 - Holdem no limit (20/40) - 2023/01/29 14:53:24 UTC
Table: 'Expresso Nitro(627543315)#0' 3-max (real money) Seat #3 is the button
Seat 1: _SKR (495)
Seat 2: iso69off (140)
Seat 3: L3M0nD3Chic0 (265)
*** ANTE/BLINDS ***
_SKR posts small blind 20
iso69off posts big blind 40
Dealt to _SKR [6d 5s]
*** PRE-FLOP *** 
L3M0nD3Chic0 raises 225 to 265 and is all-in
_SKR folds
iso69off calls 100 and is all-in
*** FLOP *** [6c Ad 2d]
*** TURN *** [6c Ad 2d][3h]
*** RIVER *** [6c Ad 2d 3h][Jd]
*** SHOW DOWN ***
iso69off shows [Ah 5c] (One pair : Aces)
L3M0nD3Chic0 shows [9h Jc] (One pair : Jacks)
L3M0nD3Chic0 collected 125 from side pot 1
iso69off collected 300 from main pot
*** SUMMARY ***
Total pot 425 | No rake
Board: [6c Ad 2d 3h Jd]
Seat 2: iso69off (big blind) showed [Ah 5c] and won 300 with One pair : Aces
Seat 3: L3M0nD3Chic0 (button) showed [9h Jc] and won 125 with One pair : Jacks


Winamax Poker - Tournament "Expresso Nitro" buyIn: 1.86€ + 0.14€ level: 3 - HandId: #2695278014748426241-17-1675004018 - Holdem no limit (20/40) - 2023/01/29 14:53:38 UTC
Table: 'Expresso Nitro(627543315)#0' 3-max (real money) Seat #1 is the button
Seat 1: _SKR (475)
Seat 2: iso69off (300)
Seat 3: L3M0nD3Chic0 (125)
*** ANTE/BLINDS ***
iso69off posts small blind 20
L3M0nD3Chic0 posts big blind 40
Dealt to _SKR [7h Td]
*** PRE-FLOP *** 
_SKR folds
iso69off folds
L3M0nD3Chic0 collected 60 from pot
*** SUMMARY ***
Total pot 60 | No rake
Seat 3: L3M0nD3Chic0 (big blind) won 60


Winamax Poker - Tournament "Expresso Nitro" buyIn: 1.86€ + 0.14€ level: 3 - HandId: #2695278014748426241-18-1675004028 - Holdem no limit (20/40) - 2023/01/29 14:53:48 UTC
Table: 'Expresso Nitro(627543315)#0' 3-max (real money) Seat #2 is the button
Seat 1: _SKR (475)
Seat 2: iso69off (280)
Seat 3: L3M0nD3Chic0 (145)
*** ANTE/BLINDS ***
L3M0nD3Chic0 posts small blind 20
_SKR posts big blind 40
Dealt to _SKR [9d Ts]
*** PRE-FLOP *** 
iso69off folds
L3M0nD3Chic0 raises 105 to 145 and is all-in
_SKR calls 105
*** FLOP *** [9h 5h 4s]
*** TURN *** [9h 5h 4s][7c]
*** RIVER *** [9h 5h 4s 7c][3h]
*** SHOW DOWN ***
L3M0nD3Chic0 shows [Ks 7d] (One pair : 7)
_SKR shows [9d Ts] (One pair : 9)
_SKR collected 290 from pot
*** SUMMARY ***
Total pot 290 | No rake
Board: [9h 5h 4s 7c 3h]
Seat 1: _SKR (big blind) showed [9d Ts] and won 290 with One pair : 9
Seat 3: L3M0nD3Chic0 (small blind) showed [Ks 7d] and lost with One pair : 7


Winamax Poker - Tournament "Expresso Nitro" buyIn: 1.86€ + 0.14€ level: 3 - HandId: #2695278014748426241-19-1675004047 - Holdem no limit (20/40) - 2023/01/29 14:54:07 UTC
Table: 'Expresso Nitro(627543315)#0' 3-max (real money) Seat #1 is the button
Seat 1: _SKR (620)
Seat 2: iso69off (280)
*** ANTE/BLINDS ***
_SKR posts small blind 20
iso69off posts big blind 40
Dealt to _SKR [2c 5c]
*** PRE-FLOP *** 
_SKR folds
iso69off collected 60 from pot
*** SUMMARY ***
Total pot 60 | No rake
Seat 2: iso69off (big blind) won 60


Winamax Poker - Tournament "Expresso Nitro" buyIn: 1.86€ + 0.14€ level: 3 - HandId: #2695278014748426241-20-1675004051 - Holdem no limit (20/40) - 2023/01/29 14:54:11 UTC
Table: 'Expresso Nitro(627543315)#0' 3-max (real money) Seat #2 is the button
Seat 1: _SKR (600)
Seat 2: iso69off (300)
*** ANTE/BLINDS ***
iso69off posts small blind 20
_SKR posts big blind 40
Dealt to _SKR [Qc 5d]
*** PRE-FLOP *** 
iso69off folds
_SKR collected 60 from pot
*** SUMMARY ***
Total pot 60 | No rake
Seat 1: _SKR (big blind) won 60


Winamax Poker - Tournament "Expresso Nitro" buyIn: 1.86€ + 0.14€ level: 3 - HandId: #2695278014748426241-21-1675004055 - Holdem no limit (20/40) - 2023/01/29 14:54:15 UTC
Table: 'Expresso Nitro(627543315)#0' 3-max (real money) Seat #1 is the button
Seat 1: _SKR (620)
Seat 2: iso69off (280)
*** ANTE/BLINDS ***
_SKR posts small blind 20
iso69off posts big blind 40
Dealt to _SKR [2h 6d]
*** PRE-FLOP *** 
_SKR folds
iso69off collected 60 from pot
*** SUMMARY ***
Total pot 60 | No rake
Seat 2: iso69off (big blind) won 60


Winamax Poker - Tournament "Expresso Nitro" buyIn: 1.86€ + 0.14€ level: 4 - HandId: #2695278014748426241-22-1675004060 - Holdem no limit (30/60) - 2023/01/29 14:54:20 UTC
Table: 'Expresso Nitro(627543315)#0' 3-max (real money) Seat #2 is the button
Seat 1: _SKR (600)
Seat 2: iso69off (300)
*** ANTE/BLINDS ***
iso69off posts small blind 30
_SKR posts big blind 60
Dealt to _SKR [6d Ac]
*** PRE-FLOP *** 
iso69off raises 240 to 300 and is all-in
_SKR calls 240
*** FLOP *** [9s Kd 3s]
*** TURN *** [9s Kd 3s][Ts]
*** RIVER *** [9s Kd 3s Ts][9d]
*** SHOW DOWN ***
iso69off shows [Qh 7c] (One pair : 9)
_SKR shows [6d Ac] (One pair : 9)
_SKR collected 600 from pot
*** SUMMARY ***
Total pot 600 | No rake
Board: [9s Kd 3s Ts 9d]
Seat 1: _SKR (big blind) showed [6d Ac] and won 600 with One pair : 9
Seat 2: iso69off (small blind) (button) showed [Qh 7c] and lost with One pair : 9


