Winamax Poker - Tournament "Expresso Nitro" buyIn: 0.93€ + 0.07€ level: 1 - HandId: #2729174162936430593-1-1676904379 - Holdem no limit (10/20) - 2023/02/20 14:46:19 UTC
Table: 'Expresso Nitro(635435377)#0' 3-max (real money) Seat #2 is the button
Seat 1: _SKR (300)
Seat 2: Z1ntox (300)
Seat 3: Tenebrusc (300)
*** ANTE/BLINDS ***
Tenebrusc posts small blind 10
_SKR posts big blind 20
Dealt to _SKR [8s Qs]
*** PRE-FLOP *** 
Z1ntox calls 20
Tenebrusc folds
_SKR checks
*** FLOP *** [Jc Ad Js]
_SKR checks
Z1ntox checks
*** TURN *** [Jc Ad Js][9h]
_SKR checks
Z1ntox bets 33
_SKR folds
Z1ntox collected 83 from pot
*** SUMMARY ***
Total pot 83 | No rake
Board: [Jc Ad Js 9h]
Seat 2: Z1ntox (button) won 83


Winamax Poker - Tournament "Expresso Nitro" buyIn: 0.93€ + 0.07€ level: 1 - HandId: #2729174162936430593-2-1676904402 - Holdem no limit (10/20) - 2023/02/20 14:46:42 UTC
Table: 'Expresso Nitro(635435377)#0' 3-max (real money) Seat #3 is the button
Seat 1: _SKR (280)
Seat 2: Z1ntox (330)
Seat 3: Tenebrusc (290)
*** ANTE/BLINDS ***
_SKR posts small blind 10
Z1ntox posts big blind 20
Dealt to _SKR [2h 8h]
*** PRE-FLOP *** 
Tenebrusc raises 20 to 40
_SKR folds
Z1ntox calls 20
*** FLOP *** [4h 9c Kh]
Z1ntox checks
Tenebrusc bets 59
Z1ntox folds
Tenebrusc collected 149 from pot
*** SUMMARY ***
Total pot 149 | No rake
Board: [4h 9c Kh]
Seat 3: Tenebrusc (button) won 149


Winamax Poker - Tournament "Expresso Nitro" buyIn: 0.93€ + 0.07€ level: 1 - HandId: #2729174162936430593-3-1676904418 - Holdem no limit (10/20) - 2023/02/20 14:46:58 UTC
Table: 'Expresso Nitro(635435377)#0' 3-max (real money) Seat #1 is the button
Seat 1: _SKR (270)
Seat 2: Z1ntox (290)
Seat 3: Tenebrusc (340)
*** ANTE/BLINDS ***
Z1ntox posts small blind 10
Tenebrusc posts big blind 20
Dealt to _SKR [5c 4s]
*** PRE-FLOP *** 
_SKR folds
Z1ntox raises 20 to 40
Tenebrusc calls 20
*** FLOP *** [8s 9c 2h]
Z1ntox bets 52
Tenebrusc calls 52
*** TURN *** [8s 9c 2h][9h]
Z1ntox bets 64
Tenebrusc calls 64
*** RIVER *** [8s 9c 2h 9h][6c]
Z1ntox bets 134 and is all-in
Tenebrusc folds
Z1ntox collected 446 from pot
*** SUMMARY ***
Total pot 446 | No rake
Board: [8s 9c 2h 9h 6c]
Seat 2: Z1ntox (small blind) won 446


Winamax Poker - Tournament "Expresso Nitro" buyIn: 0.93€ + 0.07€ level: 2 - HandId: #2729174162936430593-4-1676904455 - Holdem no limit (15/30) - 2023/02/20 14:47:35 UTC
Table: 'Expresso Nitro(635435377)#0' 3-max (real money) Seat #2 is the button
Seat 1: _SKR (270)
Seat 2: Z1ntox (446)
Seat 3: Tenebrusc (184)
*** ANTE/BLINDS ***
Tenebrusc posts small blind 15
_SKR posts big blind 30
Dealt to _SKR [6h Kd]
*** PRE-FLOP *** 
Z1ntox calls 30
Tenebrusc calls 15
_SKR checks
*** FLOP *** [7d Ts 6c]
Tenebrusc checks
_SKR checks
Z1ntox bets 30
Tenebrusc raises 124 to 154 and is all-in
_SKR folds
Z1ntox calls 124
*** TURN *** [7d Ts 6c][9c]
*** RIVER *** [7d Ts 6c 9c][Th]
*** SHOW DOWN ***
Z1ntox shows [8s Qh] (Straight Ten high)
Tenebrusc shows [8h 4h] (Straight Ten high)
Tenebrusc collected 199 from pot
Z1ntox collected 199 from pot
*** SUMMARY ***
Total pot 398 | No rake
Board: [7d Ts 6c 9c Th]
Seat 2: Z1ntox (button) showed [8s Qh] and won 199 with Straight Ten high
Seat 3: Tenebrusc (small blind) showed [8h 4h] and won 199 with Straight Ten high


Winamax Poker - Tournament "Expresso Nitro" buyIn: 0.93€ + 0.07€ level: 3 - HandId: #2729174162936430593-5-1676904517 - Holdem no limit (20/40) - 2023/02/20 14:48:37 UTC
Table: 'Expresso Nitro(635435377)#0' 3-max (real money) Seat #3 is the button
Seat 1: _SKR (240)
Seat 2: Z1ntox (461)
Seat 3: Tenebrusc (199)
*** ANTE/BLINDS ***
_SKR posts small blind 20
Z1ntox posts big blind 40
Dealt to _SKR [7s 3h]
*** PRE-FLOP *** 
Tenebrusc folds
_SKR folds
Z1ntox collected 60 from pot
*** SUMMARY ***
Total pot 60 | No rake
Seat 2: Z1ntox (big blind) won 60


Winamax Poker - Tournament "Expresso Nitro" buyIn: 0.93€ + 0.07€ level: 3 - HandId: #2729174162936430593-6-1676904526 - Holdem no limit (20/40) - 2023/02/20 14:48:46 UTC
Table: 'Expresso Nitro(635435377)#0' 3-max (real money) Seat #1 is the button
Seat 1: _SKR (220)
Seat 2: Z1ntox (481)
Seat 3: Tenebrusc (199)
*** ANTE/BLINDS ***
Z1ntox posts small blind 20
Tenebrusc posts big blind 40
Dealt to _SKR [Qh 2s]
*** PRE-FLOP *** 
_SKR folds
Z1ntox folds
Tenebrusc collected 60 from pot
*** SUMMARY ***
Total pot 60 | No rake
Seat 3: Tenebrusc (big blind) won 60


Winamax Poker - Tournament "Expresso Nitro" buyIn: 0.93€ + 0.07€ level: 3 - HandId: #2729174162936430593-7-1676904531 - Holdem no limit (20/40) - 2023/02/20 14:48:51 UTC
Table: 'Expresso Nitro(635435377)#0' 3-max (real money) Seat #2 is the button
Seat 1: _SKR (220)
Seat 2: Z1ntox (461)
Seat 3: Tenebrusc (219)
*** ANTE/BLINDS ***
Tenebrusc posts small blind 20
_SKR posts big blind 40
Dealt to _SKR [5d 3c]
*** PRE-FLOP *** 
Z1ntox folds
Tenebrusc raises 40 to 80
_SKR folds
Tenebrusc collected 120 from pot
*** SUMMARY ***
Total pot 120 | No rake
Seat 3: Tenebrusc (small blind) won 120


Winamax Poker - Tournament "Expresso Nitro" buyIn: 0.93€ + 0.07€ level: 3 - HandId: #2729174162936430593-8-1676904541 - Holdem no limit (20/40) - 2023/02/20 14:49:01 UTC
Table: 'Expresso Nitro(635435377)#0' 3-max (real money) Seat #3 is the button
Seat 1: _SKR (180)
Seat 2: Z1ntox (461)
Seat 3: Tenebrusc (259)
*** ANTE/BLINDS ***
_SKR posts small blind 20
Z1ntox posts big blind 40
Dealt to _SKR [Th 5d]
*** PRE-FLOP *** 
Tenebrusc raises 40 to 80
_SKR folds
Z1ntox calls 40
*** FLOP *** [8s 7s Kc]
Z1ntox checks
Tenebrusc bets 63
Z1ntox folds
Tenebrusc collected 243 from pot
*** SUMMARY ***
Total pot 243 | No rake
Board: [8s 7s Kc]
Seat 3: Tenebrusc (button) won 243


Winamax Poker - Tournament "Expresso Nitro" buyIn: 0.93€ + 0.07€ level: 4 - HandId: #2729174162936430593-9-1676904556 - Holdem no limit (30/60) - 2023/02/20 14:49:16 UTC
Table: 'Expresso Nitro(635435377)#0' 3-max (real money) Seat #1 is the button
Seat 1: _SKR (160)
Seat 2: Z1ntox (381)
Seat 3: Tenebrusc (359)
*** ANTE/BLINDS ***
Z1ntox posts small blind 30
Tenebrusc posts big blind 60
Dealt to _SKR [7s 7c]
*** PRE-FLOP *** 
_SKR raises 100 to 160 and is all-in
Z1ntox folds
Tenebrusc folds
_SKR collected 250 from pot
*** SUMMARY ***
Total pot 250 | No rake
Seat 1: _SKR (button) won 250


Winamax Poker - Tournament "Expresso Nitro" buyIn: 0.93€ + 0.07€ level: 4 - HandId: #2729174162936430593-10-1676904568 - Holdem no limit (30/60) - 2023/02/20 14:49:28 UTC
Table: 'Expresso Nitro(635435377)#0' 3-max (real money) Seat #2 is the button
Seat 1: _SKR (250)
Seat 2: Z1ntox (351)
Seat 3: Tenebrusc (299)
*** ANTE/BLINDS ***
Tenebrusc posts small blind 30
_SKR posts big blind 60
Dealt to _SKR [Jd 6s]
*** PRE-FLOP *** 
Z1ntox calls 60
Tenebrusc folds
_SKR checks
*** FLOP *** [Th 7h 4s]
_SKR checks
Z1ntox checks
*** TURN *** [Th 7h 4s][Ks]
_SKR checks
Z1ntox checks
*** RIVER *** [Th 7h 4s Ks][6c]
_SKR checks
Z1ntox checks
*** SHOW DOWN ***
Z1ntox shows [Jc Qc] (High card : King)
_SKR shows [Jd 6s] (One pair : 6)
_SKR collected 150 from pot
*** SUMMARY ***
Total pot 150 | No rake
Board: [Th 7h 4s Ks 6c]
Seat 1: _SKR (big blind) showed [Jd 6s] and won 150 with One pair : 6
Seat 2: Z1ntox (button) showed [Jc Qc] and lost with High card : King


Winamax Poker - Tournament "Expresso Nitro" buyIn: 0.93€ + 0.07€ level: 4 - HandId: #2729174162936430593-11-1676904588 - Holdem no limit (30/60) - 2023/02/20 14:49:48 UTC
Table: 'Expresso Nitro(635435377)#0' 3-max (real money) Seat #3 is the button
Seat 1: _SKR (340)
Seat 2: Z1ntox (291)
Seat 3: Tenebrusc (269)
*** ANTE/BLINDS ***
_SKR posts small blind 30
Z1ntox posts big blind 60
Dealt to _SKR [Jc 8c]
*** PRE-FLOP *** 
Tenebrusc folds
_SKR raises 280 to 340 and is all-in
Z1ntox folds
_SKR collected 400 from pot
*** SUMMARY ***
Total pot 400 | No rake
Seat 1: _SKR (small blind) won 400


Winamax Poker - Tournament "Expresso Nitro" buyIn: 0.93€ + 0.07€ level: 4 - HandId: #2729174162936430593-12-1676904595 - Holdem no limit (30/60) - 2023/02/20 14:49:55 UTC
Table: 'Expresso Nitro(635435377)#0' 3-max (real money) Seat #1 is the button
Seat 1: _SKR (400)
Seat 2: Z1ntox (231)
Seat 3: Tenebrusc (269)
*** ANTE/BLINDS ***
Z1ntox posts small blind 30
Tenebrusc posts big blind 60
Dealt to _SKR [As 5s]
*** PRE-FLOP *** 
_SKR raises 340 to 400 and is all-in
Z1ntox calls 201 and is all-in
Tenebrusc folds
*** FLOP *** [7d 4d Ah]
*** TURN *** [7d 4d Ah][7s]
*** RIVER *** [7d 4d Ah 7s][2c]
*** SHOW DOWN ***
Z1ntox shows [Qd Td] (One pair : 7)
_SKR shows [As 5s] (Two pairs : Aces and 7)
_SKR collected 691 from pot
*** SUMMARY ***
Total pot 691 | No rake
Board: [7d 4d Ah 7s 2c]
Seat 1: _SKR (button) showed [As 5s] and won 691 with Two pairs : Aces and 7
Seat 2: Z1ntox (small blind) showed [Qd Td] and lost with One pair : 7


Winamax Poker - Tournament "Expresso Nitro" buyIn: 0.93€ + 0.07€ level: 4 - HandId: #2729174162936430593-13-1676904609 - Holdem no limit (30/60) - 2023/02/20 14:50:09 UTC
Table: 'Expresso Nitro(635435377)#0' 3-max (real money) Seat #3 is the button
Seat 1: _SKR (691)
Seat 3: Tenebrusc (209)
*** ANTE/BLINDS ***
Tenebrusc posts small blind 30
_SKR posts big blind 60
Dealt to _SKR [8s 2c]
*** PRE-FLOP *** 
Tenebrusc raises 60 to 120
_SKR folds
Tenebrusc collected 180 from pot
*** SUMMARY ***
Total pot 180 | No rake
Seat 3: Tenebrusc (small blind) (button) won 180


Winamax Poker - Tournament "Expresso Nitro" buyIn: 0.93€ + 0.07€ level: 5 - HandId: #2729174162936430593-14-1676904618 - Holdem no limit (40/80) - 2023/02/20 14:50:18 UTC
Table: 'Expresso Nitro(635435377)#0' 3-max (real money) Seat #1 is the button
Seat 1: _SKR (631)
Seat 3: Tenebrusc (269)
*** ANTE/BLINDS ***
_SKR posts small blind 40
Tenebrusc posts big blind 80
Dealt to _SKR [7c Qc]
*** PRE-FLOP *** 
_SKR raises 551 to 631 and is all-in
Tenebrusc folds
_SKR collected 711 from pot
*** SUMMARY ***
Total pot 711 | No rake
Seat 1: _SKR (small blind) (button) won 711


Winamax Poker - Tournament "Expresso Nitro" buyIn: 0.93€ + 0.07€ level: 5 - HandId: #2729174162936430593-15-1676904624 - Holdem no limit (40/80) - 2023/02/20 14:50:24 UTC
Table: 'Expresso Nitro(635435377)#0' 3-max (real money) Seat #3 is the button
Seat 1: _SKR (711)
Seat 3: Tenebrusc (189)
*** ANTE/BLINDS ***
Tenebrusc posts small blind 40
_SKR posts big blind 80
Dealt to _SKR [8h 8c]
*** PRE-FLOP *** 
Tenebrusc raises 80 to 160
_SKR raises 551 to 711 and is all-in
Tenebrusc calls 29 and is all-in
*** FLOP *** [3s 6d 6s]
*** TURN *** [3s 6d 6s][5c]
*** RIVER *** [3s 6d 6s 5c][5d]
*** SHOW DOWN ***
_SKR shows [8h 8c] (Two pairs : 8 and 6)
Tenebrusc shows [6c Jc] (Full of 6 and 5)
Tenebrusc collected 378 from main pot
_SKR collected 522 from side pot 1
*** SUMMARY ***
Total pot 900 | No rake
Board: [3s 6d 6s 5c 5d]
Seat 1: _SKR (big blind) showed [8h 8c] and won 522 with Two pairs : 8 and 6
Seat 3: Tenebrusc (small blind) (button) showed [6c Jc] and won 378 with Full of 6 and 5


Winamax Poker - Tournament "Expresso Nitro" buyIn: 0.93€ + 0.07€ level: 5 - HandId: #2729174162936430593-16-1676904638 - Holdem no limit (40/80) - 2023/02/20 14:50:38 UTC
Table: 'Expresso Nitro(635435377)#0' 3-max (real money) Seat #1 is the button
Seat 1: _SKR (522)
Seat 3: Tenebrusc (378)
*** ANTE/BLINDS ***
_SKR posts small blind 40
Tenebrusc posts big blind 80
Dealt to _SKR [Tc 6s]
*** PRE-FLOP *** 
_SKR folds
Tenebrusc collected 120 from pot
*** SUMMARY ***
Total pot 120 | No rake
Seat 3: Tenebrusc (big blind) won 120


Winamax Poker - Tournament "Expresso Nitro" buyIn: 0.93€ + 0.07€ level: 5 - HandId: #2729174162936430593-17-1676904642 - Holdem no limit (40/80) - 2023/02/20 14:50:42 UTC
Table: 'Expresso Nitro(635435377)#0' 3-max (real money) Seat #3 is the button
Seat 1: _SKR (482)
Seat 3: Tenebrusc (418)
*** ANTE/BLINDS ***
Tenebrusc posts small blind 40
_SKR posts big blind 80
Dealt to _SKR [Qd 8d]
*** PRE-FLOP *** 
Tenebrusc folds
_SKR collected 120 from pot
*** SUMMARY ***
Total pot 120 | No rake
Seat 1: _SKR (big blind) won 120


Winamax Poker - Tournament "Expresso Nitro" buyIn: 0.93€ + 0.07€ level: 5 - HandId: #2729174162936430593-18-1676904646 - Holdem no limit (40/80) - 2023/02/20 14:50:46 UTC
Table: 'Expresso Nitro(635435377)#0' 3-max (real money) Seat #1 is the button
Seat 1: _SKR (522)
Seat 3: Tenebrusc (378)
*** ANTE/BLINDS ***
_SKR posts small blind 40
Tenebrusc posts big blind 80
Dealt to _SKR [7s Qc]
*** PRE-FLOP *** 
_SKR raises 442 to 522 and is all-in
Tenebrusc folds
_SKR collected 602 from pot
*** SUMMARY ***
Total pot 602 | No rake
Seat 1: _SKR (small blind) (button) won 602


Winamax Poker - Tournament "Expresso Nitro" buyIn: 0.93€ + 0.07€ level: 5 - HandId: #2729174162936430593-19-1676904656 - Holdem no limit (40/80) - 2023/02/20 14:50:56 UTC
Table: 'Expresso Nitro(635435377)#0' 3-max (real money) Seat #3 is the button
Seat 1: _SKR (602)
Seat 3: Tenebrusc (298)
*** ANTE/BLINDS ***
Tenebrusc posts small blind 40
_SKR posts big blind 80
Dealt to _SKR [8c 9c]
*** PRE-FLOP *** 
Tenebrusc raises 80 to 160
_SKR raises 442 to 602 and is all-in
Tenebrusc calls 138 and is all-in
*** FLOP *** [3c Kc 2s]
*** TURN *** [3c Kc 2s][Ah]
*** RIVER *** [3c Kc 2s Ah][7d]
*** SHOW DOWN ***
_SKR shows [8c 9c] (High card : Ace)
Tenebrusc shows [7s Ac] (Two pairs : Aces and 7)
Tenebrusc collected 596 from main pot
_SKR collected 304 from side pot 1
*** SUMMARY ***
Total pot 900 | No rake
Board: [3c Kc 2s Ah 7d]
Seat 1: _SKR (big blind) showed [8c 9c] and won 304 with High card : Ace
Seat 3: Tenebrusc (small blind) (button) showed [7s Ac] and won 596 with Two pairs : Aces and 7


Winamax Poker - Tournament "Expresso Nitro" buyIn: 0.93€ + 0.07€ level: 5 - HandId: #2729174162936430593-20-1676904673 - Holdem no limit (40/80) - 2023/02/20 14:51:13 UTC
Table: 'Expresso Nitro(635435377)#0' 3-max (real money) Seat #1 is the button
Seat 1: _SKR (304)
Seat 3: Tenebrusc (596)
*** ANTE/BLINDS ***
_SKR posts small blind 40
Tenebrusc posts big blind 80
Dealt to _SKR [9s 8c]
*** PRE-FLOP *** 
_SKR raises 224 to 304 and is all-in
Tenebrusc raises 292 to 596 and is all-in
*** FLOP *** [Jc Tc 6c]
*** TURN *** [Jc Tc 6c][3h]
*** RIVER *** [Jc Tc 6c 3h][4h]
*** SHOW DOWN ***
_SKR shows [9s 8c] (High card : Jack)
Tenebrusc shows [Td 6d] (Two pairs : Tens and 6)
Tenebrusc collected 900 from pot
*** SUMMARY ***
Total pot 900 | No rake
Board: [Jc Tc 6c 3h 4h]
Seat 1: _SKR (small blind) (button) showed [9s 8c] and lost with High card : Jack
Seat 3: Tenebrusc (big blind) showed [Td 6d] and won 900 with Two pairs : Tens and 6


