Winamax Poker - Tournament "Expresso Nitro" buyIn: 0.93€ + 0.07€ level: 1 - HandId: #2676359989479604225-1-1673821284 - Holdem no limit (10/20) - 2023/01/15 22:21:24 UTC
Table: 'Expresso Nitro(623138619)#0' 3-max (real money) Seat #2 is the button
Seat 1: _SKR (300)
Seat 2: Elpayo69 (300)
Seat 3: Fleooos (300)
*** ANTE/BLINDS ***
Fleooos posts small blind 10
_SKR posts big blind 20
Dealt to _SKR [3c 8s]
*** PRE-FLOP *** 
Elpayo69 folds
Fleooos raises 30 to 50
_SKR folds
Fleooos collected 70 from pot
*** SUMMARY ***
Total pot 70 | No rake
Seat 3: Fleooos (small blind) won 70


Winamax Poker - Tournament "Expresso Nitro" buyIn: 0.93€ + 0.07€ level: 1 - HandId: #2676359989479604225-2-1673821297 - Holdem no limit (10/20) - 2023/01/15 22:21:37 UTC
Table: 'Expresso Nitro(623138619)#0' 3-max (real money) Seat #3 is the button
Seat 1: _SKR (280)
Seat 2: Elpayo69 (300)
Seat 3: Fleooos (320)
*** ANTE/BLINDS ***
_SKR posts small blind 10
Elpayo69 posts big blind 20
Dealt to _SKR [6c 9s]
*** PRE-FLOP *** 
Fleooos calls 20
_SKR folds
Elpayo69 checks
*** FLOP *** [Td 2d Kc]
Elpayo69 checks
Fleooos checks
*** TURN *** [Td 2d Kc][Ts]
Elpayo69 checks
Fleooos checks
*** RIVER *** [Td 2d Kc Ts][Ac]
Elpayo69 checks
Fleooos bets 33
Elpayo69 folds
Fleooos collected 83 from pot
*** SUMMARY ***
Total pot 83 | No rake
Board: [Td 2d Kc Ts Ac]
Seat 3: Fleooos (button) won 83


Winamax Poker - Tournament "Expresso Nitro" buyIn: 0.93€ + 0.07€ level: 1 - HandId: #2676359989479604225-3-1673821319 - Holdem no limit (10/20) - 2023/01/15 22:21:59 UTC
Table: 'Expresso Nitro(623138619)#0' 3-max (real money) Seat #1 is the button
Seat 1: _SKR (270)
Seat 2: Elpayo69 (280)
Seat 3: Fleooos (350)
*** ANTE/BLINDS ***
Elpayo69 posts small blind 10
Fleooos posts big blind 20
Dealt to _SKR [As 8h]
*** PRE-FLOP *** 
_SKR raises 20 to 40
Elpayo69 calls 30
Fleooos calls 20
*** FLOP *** [5c Td 2s]
Elpayo69 checks
Fleooos checks
_SKR checks
*** TURN *** [5c Td 2s][7s]
Elpayo69 bets 78
Fleooos calls 78
_SKR folds
*** RIVER *** [5c Td 2s 7s][Qs]
Elpayo69 bets 162 and is all-in
Fleooos calls 162
*** SHOW DOWN ***
Fleooos shows [5s 7h] (Two pairs : 7 and 5)
Elpayo69 shows [Js 4s] (Flush Queen high)
Elpayo69 collected 600 from pot
*** SUMMARY ***
Total pot 600 | No rake
Board: [5c Td 2s 7s Qs]
Seat 2: Elpayo69 (small blind) showed [Js 4s] and won 600 with Flush Queen high
Seat 3: Fleooos (big blind) showed [5s 7h] and lost with Two pairs : 7 and 5


Winamax Poker - Tournament "Expresso Nitro" buyIn: 0.93€ + 0.07€ level: 2 - HandId: #2676359989479604225-4-1673821358 - Holdem no limit (15/30) - 2023/01/15 22:22:38 UTC
Table: 'Expresso Nitro(623138619)#0' 3-max (real money) Seat #2 is the button
Seat 1: _SKR (230)
Seat 2: Elpayo69 (600)
Seat 3: Fleooos (70)
*** ANTE/BLINDS ***
Fleooos posts small blind 15
_SKR posts big blind 30
Dealt to _SKR [7d 6h]
*** PRE-FLOP *** 
Elpayo69 raises 60 to 90
Fleooos calls 55 and is all-in
_SKR folds
*** FLOP *** [Qs Ad Qc]
*** TURN *** [Qs Ad Qc][Kh]
*** RIVER *** [Qs Ad Qc Kh][Jc]
*** SHOW DOWN ***
Fleooos shows [Kd 3d] (Two pairs : Kings and Queens)
Elpayo69 shows [Kc As] (Two pairs : Aces and Kings)
Elpayo69 collected 190 from pot
*** SUMMARY ***
Total pot 190 | No rake
Board: [Qs Ad Qc Kh Jc]
Seat 2: Elpayo69 (button) showed [Kc As] and won 190 with Two pairs : Aces and Kings
Seat 3: Fleooos (small blind) showed [Kd 3d] and lost with Two pairs : Kings and Queens


Winamax Poker - Tournament "Expresso Nitro" buyIn: 0.93€ + 0.07€ level: 2 - HandId: #2676359989479604225-5-1673821374 - Holdem no limit (15/30) - 2023/01/15 22:22:54 UTC
Table: 'Expresso Nitro(623138619)#0' 3-max (real money) Seat #1 is the button
Seat 1: _SKR (200)
Seat 2: Elpayo69 (700)
*** ANTE/BLINDS ***
_SKR posts small blind 15
Elpayo69 posts big blind 30
Dealt to _SKR [Kd 2d]
*** PRE-FLOP *** 
_SKR raises 170 to 200 and is all-in
Elpayo69 raises 500 to 700 and is all-in
*** FLOP *** [7h Qd Tc]
*** TURN *** [7h Qd Tc][2s]
*** RIVER *** [7h Qd Tc 2s][Th]
*** SHOW DOWN ***
_SKR shows [Kd 2d] (Two pairs : Tens and 2)
Elpayo69 shows [Jc Js] (Two pairs : Jacks and Tens)
Elpayo69 collected 900 from pot
*** SUMMARY ***
Total pot 900 | No rake
Board: [7h Qd Tc 2s Th]
Seat 1: _SKR (small blind) (button) showed [Kd 2d] and lost with Two pairs : Tens and 2
Seat 2: Elpayo69 (big blind) showed [Jc Js] and won 900 with Two pairs : Jacks and Tens


