Winamax Poker - Tournament "Expresso Nitro" buyIn: 0.93€ + 0.07€ level: 1 - HandId: #2717803215545434113-1-1676235881 - Holdem no limit (10/20) - 2023/02/12 21:04:41 UTC
Table: 'Expresso Nitro(632787872)#0' 3-max (real money) Seat #1 is the button
Seat 1: el kador666 (300)
Seat 2: _SKR (300)
Seat 3: Ouassmille (300)
*** ANTE/BLINDS ***
_SKR posts small blind 10
Ouassmille posts big blind 20
Dealt to _SKR [4s 9h]
*** PRE-FLOP *** 
el kador666 folds
_SKR folds
Ouassmille collected 30 from pot
*** SUMMARY ***
Total pot 30 | No rake
Seat 3: Ouassmille (big blind) won 30


Winamax Poker - Tournament "Expresso Nitro" buyIn: 0.93€ + 0.07€ level: 1 - HandId: #2717803215545434113-2-1676235890 - Holdem no limit (10/20) - 2023/02/12 21:04:50 UTC
Table: 'Expresso Nitro(632787872)#0' 3-max (real money) Seat #2 is the button
Seat 1: el kador666 (300)
Seat 2: _SKR (290)
Seat 3: Ouassmille (310)
*** ANTE/BLINDS ***
Ouassmille posts small blind 10
el kador666 posts big blind 20
Dealt to _SKR [9s Qh]
*** PRE-FLOP *** 
_SKR raises 20 to 40
Ouassmille calls 30
el kador666 raises 260 to 300 and is all-in
_SKR folds
Ouassmille raises 10 to 310 and is all-in
*** FLOP *** [3c 5h 9d]
*** TURN *** [3c 5h 9d][8h]
*** RIVER *** [3c 5h 9d 8h][8c]
*** SHOW DOWN ***
el kador666 shows [4h Th] (One pair : 8)
Ouassmille shows [Jd Js] (Two pairs : Jacks and 8)
Ouassmille collected 650 from pot
*** SUMMARY ***
Total pot 650 | No rake
Board: [3c 5h 9d 8h 8c]
Seat 1: el kador666 (big blind) showed [4h Th] and lost with One pair : 8
Seat 3: Ouassmille (small blind) showed [Jd Js] and won 650 with Two pairs : Jacks and 8


Winamax Poker - Tournament "Expresso Nitro" buyIn: 0.93€ + 0.07€ level: 1 - HandId: #2717803215545434113-3-1676235925 - Holdem no limit (10/20) - 2023/02/12 21:05:25 UTC
Table: 'Expresso Nitro(632787872)#0' 3-max (real money) Seat #2 is the button
Seat 2: _SKR (250)
Seat 3: Ouassmille (650)
*** ANTE/BLINDS ***
_SKR posts small blind 10
Ouassmille posts big blind 20
Dealt to _SKR [6d Ad]
*** PRE-FLOP *** 
_SKR raises 230 to 250 and is all-in
Ouassmille folds
_SKR collected 270 from pot
*** SUMMARY ***
Total pot 270 | No rake
Seat 2: _SKR (small blind) (button) won 270


Winamax Poker - Tournament "Expresso Nitro" buyIn: 0.93€ + 0.07€ level: 1 - HandId: #2717803215545434113-4-1676235934 - Holdem no limit (10/20) - 2023/02/12 21:05:34 UTC
Table: 'Expresso Nitro(632787872)#0' 3-max (real money) Seat #3 is the button
Seat 2: _SKR (270)
Seat 3: Ouassmille (630)
*** ANTE/BLINDS ***
Ouassmille posts small blind 10
_SKR posts big blind 20
Dealt to _SKR [Ts Qc]
*** PRE-FLOP *** 
Ouassmille raises 610 to 630 and is all-in
_SKR folds
Ouassmille collected 650 from pot
*** SUMMARY ***
Total pot 650 | No rake
Seat 3: Ouassmille (small blind) (button) won 650


Winamax Poker - Tournament "Expresso Nitro" buyIn: 0.93€ + 0.07€ level: 2 - HandId: #2717803215545434113-5-1676235942 - Holdem no limit (15/30) - 2023/02/12 21:05:42 UTC
Table: 'Expresso Nitro(632787872)#0' 3-max (real money) Seat #2 is the button
Seat 2: _SKR (250)
Seat 3: Ouassmille (650)
*** ANTE/BLINDS ***
_SKR posts small blind 15
Ouassmille posts big blind 30
Dealt to _SKR [7c 3s]
*** PRE-FLOP *** 
_SKR folds
Ouassmille collected 45 from pot
*** SUMMARY ***
Total pot 45 | No rake
Seat 3: Ouassmille (big blind) won 45


Winamax Poker - Tournament "Expresso Nitro" buyIn: 0.93€ + 0.07€ level: 2 - HandId: #2717803215545434113-6-1676235949 - Holdem no limit (15/30) - 2023/02/12 21:05:49 UTC
Table: 'Expresso Nitro(632787872)#0' 3-max (real money) Seat #3 is the button
Seat 2: _SKR (235)
Seat 3: Ouassmille (665)
*** ANTE/BLINDS ***
Ouassmille posts small blind 15
_SKR posts big blind 30
Dealt to _SKR [Kc 8s]
*** PRE-FLOP *** 
Ouassmille calls 15
_SKR raises 205 to 235 and is all-in
Ouassmille calls 205
*** FLOP *** [4h 6c 2h]
*** TURN *** [4h 6c 2h][3s]
*** RIVER *** [4h 6c 2h 3s][Qd]
*** SHOW DOWN ***
Ouassmille shows [7h Ks] (High card : King)
_SKR shows [Kc 8s] (High card : King)
_SKR collected 470 from pot
*** SUMMARY ***
Total pot 470 | No rake
Board: [4h 6c 2h 3s Qd]
Seat 2: _SKR (big blind) showed [Kc 8s] and won 470 with High card : King
Seat 3: Ouassmille (small blind) (button) showed [7h Ks] and lost with High card : King


Winamax Poker - Tournament "Expresso Nitro" buyIn: 0.93€ + 0.07€ level: 2 - HandId: #2717803215545434113-7-1676235976 - Holdem no limit (15/30) - 2023/02/12 21:06:16 UTC
Table: 'Expresso Nitro(632787872)#0' 3-max (real money) Seat #2 is the button
Seat 2: _SKR (470)
Seat 3: Ouassmille (430)
*** ANTE/BLINDS ***
_SKR posts small blind 15
Ouassmille posts big blind 30
Dealt to _SKR [7c Qh]
*** PRE-FLOP *** 
_SKR raises 30 to 60
Ouassmille raises 370 to 430 and is all-in
_SKR folds
Ouassmille collected 490 from pot
*** SUMMARY ***
Total pot 490 | No rake
Seat 3: Ouassmille (big blind) won 490


Winamax Poker - Tournament "Expresso Nitro" buyIn: 0.93€ + 0.07€ level: 3 - HandId: #2717803215545434113-8-1676236004 - Holdem no limit (20/40) - 2023/02/12 21:06:44 UTC
Table: 'Expresso Nitro(632787872)#0' 3-max (real money) Seat #3 is the button
Seat 2: _SKR (410)
Seat 3: Ouassmille (490)
*** ANTE/BLINDS ***
Ouassmille posts small blind 20
_SKR posts big blind 40
Dealt to _SKR [8s 4s]
*** PRE-FLOP *** 
Ouassmille calls 20
_SKR checks
*** FLOP *** [3d 3c Jd]
_SKR checks
Ouassmille checks
*** TURN *** [3d 3c Jd][Kc]
_SKR checks
Ouassmille checks
*** RIVER *** [3d 3c Jd Kc][4d]
_SKR checks
Ouassmille checks
*** SHOW DOWN ***
Ouassmille shows [Th 7s] (One pair : 3)
_SKR shows [8s 4s] (Two pairs : 4 and 3)
_SKR collected 80 from pot
*** SUMMARY ***
Total pot 80 | No rake
Board: [3d 3c Jd Kc 4d]
Seat 2: _SKR (big blind) showed [8s 4s] and won 80 with Two pairs : 4 and 3
Seat 3: Ouassmille (small blind) (button) showed [Th 7s] and lost with One pair : 3


Winamax Poker - Tournament "Expresso Nitro" buyIn: 0.93€ + 0.07€ level: 3 - HandId: #2717803215545434113-9-1676236047 - Holdem no limit (20/40) - 2023/02/12 21:07:27 UTC
Table: 'Expresso Nitro(632787872)#0' 3-max (real money) Seat #2 is the button
Seat 2: _SKR (450)
Seat 3: Ouassmille (450)
*** ANTE/BLINDS ***
_SKR posts small blind 20
Ouassmille posts big blind 40
Dealt to _SKR [6s 7h]
*** PRE-FLOP *** 
_SKR folds
Ouassmille collected 60 from pot
*** SUMMARY ***
Total pot 60 | No rake
Seat 3: Ouassmille (big blind) won 60


Winamax Poker - Tournament "Expresso Nitro" buyIn: 0.93€ + 0.07€ level: 3 - HandId: #2717803215545434113-10-1676236050 - Holdem no limit (20/40) - 2023/02/12 21:07:30 UTC
Table: 'Expresso Nitro(632787872)#0' 3-max (real money) Seat #3 is the button
Seat 2: _SKR (430)
Seat 3: Ouassmille (470)
*** ANTE/BLINDS ***
Ouassmille posts small blind 20
_SKR posts big blind 40
Dealt to _SKR [2h 7c]
*** PRE-FLOP *** 
Ouassmille calls 20
_SKR checks
*** FLOP *** [6h Ah 4s]
_SKR checks
Ouassmille bets 40
_SKR folds
Ouassmille collected 120 from pot
*** SUMMARY ***
Total pot 120 | No rake
Board: [6h Ah 4s]
Seat 3: Ouassmille (small blind) (button) won 120


Winamax Poker - Tournament "Expresso Nitro" buyIn: 0.93€ + 0.07€ level: 4 - HandId: #2717803215545434113-11-1676236071 - Holdem no limit (30/60) - 2023/02/12 21:07:51 UTC
Table: 'Expresso Nitro(632787872)#0' 3-max (real money) Seat #2 is the button
Seat 2: _SKR (390)
Seat 3: Ouassmille (510)
*** ANTE/BLINDS ***
_SKR posts small blind 30
Ouassmille posts big blind 60
Dealt to _SKR [3d 5s]
*** PRE-FLOP *** 
_SKR folds
Ouassmille collected 90 from pot
*** SUMMARY ***
Total pot 90 | No rake
Seat 3: Ouassmille (big blind) won 90


Winamax Poker - Tournament "Expresso Nitro" buyIn: 0.93€ + 0.07€ level: 4 - HandId: #2717803215545434113-12-1676236074 - Holdem no limit (30/60) - 2023/02/12 21:07:54 UTC
Table: 'Expresso Nitro(632787872)#0' 3-max (real money) Seat #3 is the button
Seat 2: _SKR (360)
Seat 3: Ouassmille (540)
*** ANTE/BLINDS ***
Ouassmille posts small blind 30
_SKR posts big blind 60
Dealt to _SKR [Th Ad]
*** PRE-FLOP *** 
Ouassmille calls 30
_SKR raises 300 to 360 and is all-in
Ouassmille folds
_SKR collected 420 from pot
*** SUMMARY ***
Total pot 420 | No rake
Seat 2: _SKR (big blind) won 420


Winamax Poker - Tournament "Expresso Nitro" buyIn: 0.93€ + 0.07€ level: 4 - HandId: #2717803215545434113-13-1676236082 - Holdem no limit (30/60) - 2023/02/12 21:08:02 UTC
Table: 'Expresso Nitro(632787872)#0' 3-max (real money) Seat #2 is the button
Seat 2: _SKR (420)
Seat 3: Ouassmille (480)
*** ANTE/BLINDS ***
_SKR posts small blind 30
Ouassmille posts big blind 60
Dealt to _SKR [3s 9s]
*** PRE-FLOP *** 
_SKR folds
Ouassmille collected 90 from pot
*** SUMMARY ***
Total pot 90 | No rake
Seat 3: Ouassmille (big blind) won 90


Winamax Poker - Tournament "Expresso Nitro" buyIn: 0.93€ + 0.07€ level: 4 - HandId: #2717803215545434113-14-1676236086 - Holdem no limit (30/60) - 2023/02/12 21:08:06 UTC
Table: 'Expresso Nitro(632787872)#0' 3-max (real money) Seat #3 is the button
Seat 2: _SKR (390)
Seat 3: Ouassmille (510)
*** ANTE/BLINDS ***
Ouassmille posts small blind 30
_SKR posts big blind 60
Dealt to _SKR [Ad 2c]
*** PRE-FLOP *** 
Ouassmille raises 450 to 510 and is all-in
_SKR calls 330 and is all-in
*** FLOP *** [2s Ts Kd]
*** TURN *** [2s Ts Kd][3h]
*** RIVER *** [2s Ts Kd 3h][Kh]
*** SHOW DOWN ***
_SKR shows [Ad 2c] (Two pairs : Kings and 2)
Ouassmille shows [Ac 3c] (Two pairs : Kings and 3)
Ouassmille collected 900 from pot
*** SUMMARY ***
Total pot 900 | No rake
Board: [2s Ts Kd 3h Kh]
Seat 2: _SKR (big blind) showed [Ad 2c] and lost with Two pairs : Kings and 2
Seat 3: Ouassmille (small blind) (button) showed [Ac 3c] and won 900 with Two pairs : Kings and 3


