Winamax Poker - Tournament "Expresso Nitro" buyIn: 0.93€ + 0.07€ level: 1 - HandId: #2671074134573711361-1-1673529812 - Holdem no limit (10/20) - 2023/01/12 13:23:32 UTC
Table: 'Expresso Nitro(621907910)#0' 3-max (real money) Seat #3 is the button
Seat 1: Jonsmiith (300)
Seat 2: FullOFlop80 (300)
Seat 3: _SKR (300)
*** ANTE/BLINDS ***
Jonsmiith posts small blind 10
FullOFlop80 posts big blind 20
Dealt to _SKR [8d 8c]
*** PRE-FLOP *** 
_SKR raises 280 to 300 and is all-in
Jonsmiith folds
FullOFlop80 folds
_SKR collected 330 from pot
*** SUMMARY ***
Total pot 330 | No rake
Seat 3: _SKR (button) won 330


Winamax Poker - Tournament "Expresso Nitro" buyIn: 0.93€ + 0.07€ level: 1 - HandId: #2671074134573711361-2-1673529818 - Holdem no limit (10/20) - 2023/01/12 13:23:38 UTC
Table: 'Expresso Nitro(621907910)#0' 3-max (real money) Seat #1 is the button
Seat 1: Jonsmiith (290)
Seat 2: FullOFlop80 (280)
Seat 3: _SKR (330)
*** ANTE/BLINDS ***
FullOFlop80 posts small blind 10
_SKR posts big blind 20
Dealt to _SKR [Th 8h]
*** PRE-FLOP *** 
Jonsmiith raises 30 to 50
FullOFlop80 folds
_SKR folds
Jonsmiith collected 80 from pot
*** SUMMARY ***
Total pot 80 | No rake
Seat 1: Jonsmiith (button) won 80


Winamax Poker - Tournament "Expresso Nitro" buyIn: 0.93€ + 0.07€ level: 1 - HandId: #2671074134573711361-3-1673529828 - Holdem no limit (10/20) - 2023/01/12 13:23:48 UTC
Table: 'Expresso Nitro(621907910)#0' 3-max (real money) Seat #2 is the button
Seat 1: Jonsmiith (320)
Seat 2: FullOFlop80 (270)
Seat 3: _SKR (310)
*** ANTE/BLINDS ***
_SKR posts small blind 10
Jonsmiith posts big blind 20
Dealt to _SKR [8h 9d]
*** PRE-FLOP *** 
FullOFlop80 folds
_SKR folds
Jonsmiith collected 30 from pot
*** SUMMARY ***
Total pot 30 | No rake
Seat 1: Jonsmiith (big blind) won 30


Winamax Poker - Tournament "Expresso Nitro" buyIn: 0.93€ + 0.07€ level: 1 - HandId: #2671074134573711361-4-1673529836 - Holdem no limit (10/20) - 2023/01/12 13:23:56 UTC
Table: 'Expresso Nitro(621907910)#0' 3-max (real money) Seat #3 is the button
Seat 1: Jonsmiith (330)
Seat 2: FullOFlop80 (270)
Seat 3: _SKR (300)
*** ANTE/BLINDS ***
Jonsmiith posts small blind 10
FullOFlop80 posts big blind 20
Dealt to _SKR [Qc 8s]
*** PRE-FLOP *** 
_SKR folds
Jonsmiith raises 310 to 330 and is all-in
FullOFlop80 folds
Jonsmiith collected 350 from pot
*** SUMMARY ***
Total pot 350 | No rake
Seat 1: Jonsmiith (small blind) won 350


Winamax Poker - Tournament "Expresso Nitro" buyIn: 0.93€ + 0.07€ level: 1 - HandId: #2671074134573711361-5-1673529843 - Holdem no limit (10/20) - 2023/01/12 13:24:03 UTC
Table: 'Expresso Nitro(621907910)#0' 3-max (real money) Seat #1 is the button
Seat 1: Jonsmiith (350)
Seat 2: FullOFlop80 (250)
Seat 3: _SKR (300)
*** ANTE/BLINDS ***
FullOFlop80 posts small blind 10
_SKR posts big blind 20
Dealt to _SKR [3d Qs]
*** PRE-FLOP *** 
Jonsmiith folds
FullOFlop80 folds
_SKR collected 30 from pot
*** SUMMARY ***
Total pot 30 | No rake
Seat 3: _SKR (big blind) won 30


Winamax Poker - Tournament "Expresso Nitro" buyIn: 0.93€ + 0.07€ level: 1 - HandId: #2671074134573711361-6-1673529859 - Holdem no limit (10/20) - 2023/01/12 13:24:19 UTC
Table: 'Expresso Nitro(621907910)#0' 3-max (real money) Seat #2 is the button
Seat 1: Jonsmiith (350)
Seat 2: FullOFlop80 (240)
Seat 3: _SKR (310)
*** ANTE/BLINDS ***
_SKR posts small blind 10
Jonsmiith posts big blind 20
Dealt to _SKR [6d 7s]
*** PRE-FLOP *** 
FullOFlop80 folds
_SKR folds
Jonsmiith collected 30 from pot
*** SUMMARY ***
Total pot 30 | No rake
Seat 1: Jonsmiith (big blind) won 30


Winamax Poker - Tournament "Expresso Nitro" buyIn: 0.93€ + 0.07€ level: 2 - HandId: #2671074134573711361-7-1673529867 - Holdem no limit (15/30) - 2023/01/12 13:24:27 UTC
Table: 'Expresso Nitro(621907910)#0' 3-max (real money) Seat #3 is the button
Seat 1: Jonsmiith (360)
Seat 2: FullOFlop80 (240)
Seat 3: _SKR (300)
*** ANTE/BLINDS ***
Jonsmiith posts small blind 15
FullOFlop80 posts big blind 30
Dealt to _SKR [Qh 5c]
*** PRE-FLOP *** 
_SKR folds
Jonsmiith calls 15
FullOFlop80 raises 210 to 240 and is all-in
Jonsmiith folds
FullOFlop80 collected 270 from pot
*** SUMMARY ***
Total pot 270 | No rake
Seat 2: FullOFlop80 (big blind) won 270


Winamax Poker - Tournament "Expresso Nitro" buyIn: 0.93€ + 0.07€ level: 2 - HandId: #2671074134573711361-8-1673529879 - Holdem no limit (15/30) - 2023/01/12 13:24:39 UTC
Table: 'Expresso Nitro(621907910)#0' 3-max (real money) Seat #1 is the button
Seat 1: Jonsmiith (330)
Seat 2: FullOFlop80 (270)
Seat 3: _SKR (300)
*** ANTE/BLINDS ***
FullOFlop80 posts small blind 15
_SKR posts big blind 30
Dealt to _SKR [6s 6h]
*** PRE-FLOP *** 
Jonsmiith folds
FullOFlop80 folds
_SKR collected 45 from pot
*** SUMMARY ***
Total pot 45 | No rake
Seat 3: _SKR (big blind) won 45


Winamax Poker - Tournament "Expresso Nitro" buyIn: 0.93€ + 0.07€ level: 2 - HandId: #2671074134573711361-9-1673529888 - Holdem no limit (15/30) - 2023/01/12 13:24:48 UTC
Table: 'Expresso Nitro(621907910)#0' 3-max (real money) Seat #2 is the button
Seat 1: Jonsmiith (330)
Seat 2: FullOFlop80 (255)
Seat 3: _SKR (315)
*** ANTE/BLINDS ***
_SKR posts small blind 15
Jonsmiith posts big blind 30
Dealt to _SKR [Kc Kd]
*** PRE-FLOP *** 
FullOFlop80 folds
_SKR calls 15
Jonsmiith checks
*** FLOP *** [Ah 8c Ac]
_SKR checks
Jonsmiith bets 30
_SKR raises 45 to 75
Jonsmiith calls 45
*** TURN *** [Ah 8c Ac][4h]
_SKR bets 53
Jonsmiith folds
_SKR collected 263 from pot
*** SUMMARY ***
Total pot 263 | No rake
Board: [Ah 8c Ac 4h]
Seat 3: _SKR (small blind) won 263


Winamax Poker - Tournament "Expresso Nitro" buyIn: 0.93€ + 0.07€ level: 2 - HandId: #2671074134573711361-10-1673529922 - Holdem no limit (15/30) - 2023/01/12 13:25:22 UTC
Table: 'Expresso Nitro(621907910)#0' 3-max (real money) Seat #3 is the button
Seat 1: Jonsmiith (225)
Seat 2: FullOFlop80 (255)
Seat 3: _SKR (420)
*** ANTE/BLINDS ***
Jonsmiith posts small blind 15
FullOFlop80 posts big blind 30
Dealt to _SKR [8d Td]
*** PRE-FLOP *** 
_SKR folds
Jonsmiith raises 195 to 225 and is all-in
FullOFlop80 folds
Jonsmiith collected 255 from pot
*** SUMMARY ***
Total pot 255 | No rake
Seat 1: Jonsmiith (small blind) won 255


Winamax Poker - Tournament "Expresso Nitro" buyIn: 0.93€ + 0.07€ level: 3 - HandId: #2671074134573711361-11-1673529931 - Holdem no limit (20/40) - 2023/01/12 13:25:31 UTC
Table: 'Expresso Nitro(621907910)#0' 3-max (real money) Seat #1 is the button
Seat 1: Jonsmiith (255)
Seat 2: FullOFlop80 (225)
Seat 3: _SKR (420)
*** ANTE/BLINDS ***
FullOFlop80 posts small blind 20
_SKR posts big blind 40
Dealt to _SKR [3c Qc]
*** PRE-FLOP *** 
Jonsmiith folds
FullOFlop80 raises 185 to 225 and is all-in
_SKR folds
FullOFlop80 collected 265 from pot
*** SUMMARY ***
Total pot 265 | No rake
Seat 2: FullOFlop80 (small blind) won 265


Winamax Poker - Tournament "Expresso Nitro" buyIn: 0.93€ + 0.07€ level: 3 - HandId: #2671074134573711361-12-1673529937 - Holdem no limit (20/40) - 2023/01/12 13:25:37 UTC
Table: 'Expresso Nitro(621907910)#0' 3-max (real money) Seat #2 is the button
Seat 1: Jonsmiith (255)
Seat 2: FullOFlop80 (265)
Seat 3: _SKR (380)
*** ANTE/BLINDS ***
_SKR posts small blind 20
Jonsmiith posts big blind 40
Dealt to _SKR [3c 7h]
*** PRE-FLOP *** 
FullOFlop80 folds
_SKR folds
Jonsmiith collected 60 from pot
*** SUMMARY ***
Total pot 60 | No rake
Seat 1: Jonsmiith (big blind) won 60


Winamax Poker - Tournament "Expresso Nitro" buyIn: 0.93€ + 0.07€ level: 3 - HandId: #2671074134573711361-13-1673529945 - Holdem no limit (20/40) - 2023/01/12 13:25:45 UTC
Table: 'Expresso Nitro(621907910)#0' 3-max (real money) Seat #3 is the button
Seat 1: Jonsmiith (275)
Seat 2: FullOFlop80 (265)
Seat 3: _SKR (360)
*** ANTE/BLINDS ***
Jonsmiith posts small blind 20
FullOFlop80 posts big blind 40
Dealt to _SKR [Ks 9h]
*** PRE-FLOP *** 
_SKR raises 320 to 360 and is all-in
Jonsmiith calls 255 and is all-in
FullOFlop80 folds
*** FLOP *** [Jc Ad 5d]
*** TURN *** [Jc Ad 5d][4h]
*** RIVER *** [Jc Ad 5d 4h][7c]
*** SHOW DOWN ***
Jonsmiith shows [7d 7h] (Trips of 7)
_SKR shows [Ks 9h] (High card : Ace)
_SKR collected 85 from side pot 1
Jonsmiith collected 590 from main pot
*** SUMMARY ***
Total pot 675 | No rake
Board: [Jc Ad 5d 4h 7c]
Seat 1: Jonsmiith (small blind) showed [7d 7h] and won 590 with Trips of 7
Seat 3: _SKR (button) showed [Ks 9h] and won 85 with High card : Ace


Winamax Poker - Tournament "Expresso Nitro" buyIn: 0.93€ + 0.07€ level: 3 - HandId: #2671074134573711361-14-1673529957 - Holdem no limit (20/40) - 2023/01/12 13:25:57 UTC
Table: 'Expresso Nitro(621907910)#0' 3-max (real money) Seat #1 is the button
Seat 1: Jonsmiith (590)
Seat 2: FullOFlop80 (225)
Seat 3: _SKR (85)
*** ANTE/BLINDS ***
FullOFlop80 posts small blind 20
_SKR posts big blind 40
Dealt to _SKR [9d Jd]
*** PRE-FLOP *** 
Jonsmiith folds
FullOFlop80 raises 185 to 225 and is all-in
_SKR calls 45 and is all-in
*** FLOP *** [3c Qc Th]
*** TURN *** [3c Qc Th][Qh]
*** RIVER *** [3c Qc Th Qh][4d]
*** SHOW DOWN ***
_SKR shows [9d Jd] (One pair : Queens)
FullOFlop80 shows [Kh Jh] (One pair : Queens)
FullOFlop80 collected 310 from pot
*** SUMMARY ***
Total pot 310 | No rake
Board: [3c Qc Th Qh 4d]
Seat 2: FullOFlop80 (small blind) showed [Kh Jh] and won 310 with One pair : Queens
Seat 3: _SKR (big blind) showed [9d Jd] and lost with One pair : Queens


