Winamax Poker - Tournament "Expresso Nitro" buyIn: 0.93€ + 0.07€ level: 1 - HandId: #2717592976896294913-1-1676228155 - Holdem no limit (10/20) - 2023/02/12 18:55:55 UTC
Table: 'Expresso Nitro(632738922)#0' 3-max (real money) Seat #1 is the button
Seat 1: Jerry_Khan (300)
Seat 2: Point point (300)
Seat 3: _SKR (300)
*** ANTE/BLINDS ***
Point point posts small blind 10
_SKR posts big blind 20
Dealt to _SKR [Td 7d]
*** PRE-FLOP *** 
Jerry_Khan folds
Point point folds
_SKR collected 30 from pot
*** SUMMARY ***
Total pot 30 | No rake
Seat 3: _SKR (big blind) won 30


Winamax Poker - Tournament "Expresso Nitro" buyIn: 0.93€ + 0.07€ level: 1 - HandId: #2717592976896294913-2-1676228162 - Holdem no limit (10/20) - 2023/02/12 18:56:02 UTC
Table: 'Expresso Nitro(632738922)#0' 3-max (real money) Seat #2 is the button
Seat 1: Jerry_Khan (300)
Seat 2: Point point (290)
Seat 3: _SKR (310)
*** ANTE/BLINDS ***
_SKR posts small blind 10
Jerry_Khan posts big blind 20
Dealt to _SKR [6d 5h]
*** PRE-FLOP *** 
Point point folds
_SKR folds
Jerry_Khan collected 30 from pot
*** SUMMARY ***
Total pot 30 | No rake
Seat 1: Jerry_Khan (big blind) won 30


Winamax Poker - Tournament "Expresso Nitro" buyIn: 0.93€ + 0.07€ level: 1 - HandId: #2717592976896294913-3-1676228171 - Holdem no limit (10/20) - 2023/02/12 18:56:11 UTC
Table: 'Expresso Nitro(632738922)#0' 3-max (real money) Seat #3 is the button
Seat 1: Jerry_Khan (310)
Seat 2: Point point (290)
Seat 3: _SKR (300)
*** ANTE/BLINDS ***
Jerry_Khan posts small blind 10
Point point posts big blind 20
Dealt to _SKR [7h 5s]
*** PRE-FLOP *** 
_SKR folds
Jerry_Khan folds
Point point collected 30 from pot
*** SUMMARY ***
Total pot 30 | No rake
Seat 2: Point point (big blind) won 30


Winamax Poker - Tournament "Expresso Nitro" buyIn: 0.93€ + 0.07€ level: 1 - HandId: #2717592976896294913-4-1676228181 - Holdem no limit (10/20) - 2023/02/12 18:56:21 UTC
Table: 'Expresso Nitro(632738922)#0' 3-max (real money) Seat #1 is the button
Seat 1: Jerry_Khan (300)
Seat 2: Point point (300)
Seat 3: _SKR (300)
*** ANTE/BLINDS ***
Point point posts small blind 10
_SKR posts big blind 20
Dealt to _SKR [5s 5c]
*** PRE-FLOP *** 
Jerry_Khan folds
Point point folds
_SKR collected 30 from pot
*** SUMMARY ***
Total pot 30 | No rake
Seat 3: _SKR (big blind) won 30


Winamax Poker - Tournament "Expresso Nitro" buyIn: 0.93€ + 0.07€ level: 1 - HandId: #2717592976896294913-5-1676228190 - Holdem no limit (10/20) - 2023/02/12 18:56:30 UTC
Table: 'Expresso Nitro(632738922)#0' 3-max (real money) Seat #2 is the button
Seat 1: Jerry_Khan (300)
Seat 2: Point point (290)
Seat 3: _SKR (310)
*** ANTE/BLINDS ***
_SKR posts small blind 10
Jerry_Khan posts big blind 20
Dealt to _SKR [6c 5s]
*** PRE-FLOP *** 
Point point folds
_SKR folds
Jerry_Khan collected 30 from pot
*** SUMMARY ***
Total pot 30 | No rake
Seat 1: Jerry_Khan (big blind) won 30


Winamax Poker - Tournament "Expresso Nitro" buyIn: 0.93€ + 0.07€ level: 1 - HandId: #2717592976896294913-6-1676228201 - Holdem no limit (10/20) - 2023/02/12 18:56:41 UTC
Table: 'Expresso Nitro(632738922)#0' 3-max (real money) Seat #3 is the button
Seat 1: Jerry_Khan (310)
Seat 2: Point point (290)
Seat 3: _SKR (300)
*** ANTE/BLINDS ***
Jerry_Khan posts small blind 10
Point point posts big blind 20
Dealt to _SKR [Ah 5c]
*** PRE-FLOP *** 
_SKR raises 280 to 300 and is all-in
Jerry_Khan folds
Point point folds
_SKR collected 330 from pot
*** SUMMARY ***
Total pot 330 | No rake
Seat 3: _SKR (button) won 330


Winamax Poker - Tournament "Expresso Nitro" buyIn: 0.93€ + 0.07€ level: 2 - HandId: #2717592976896294913-7-1676228217 - Holdem no limit (15/30) - 2023/02/12 18:56:57 UTC
Table: 'Expresso Nitro(632738922)#0' 3-max (real money) Seat #1 is the button
Seat 1: Jerry_Khan (300)
Seat 2: Point point (270)
Seat 3: _SKR (330)
*** ANTE/BLINDS ***
Point point posts small blind 15
_SKR posts big blind 30
Dealt to _SKR [4s Kc]
*** PRE-FLOP *** 
Jerry_Khan calls 30
Point point calls 15
_SKR checks
*** FLOP *** [4d Jc 7h]
Point point checks
_SKR checks
Jerry_Khan bets 90
Point point folds
_SKR folds
Jerry_Khan collected 180 from pot
*** SUMMARY ***
Total pot 180 | No rake
Board: [4d Jc 7h]
Seat 1: Jerry_Khan (button) won 180


Winamax Poker - Tournament "Expresso Nitro" buyIn: 0.93€ + 0.07€ level: 2 - HandId: #2717592976896294913-8-1676228251 - Holdem no limit (15/30) - 2023/02/12 18:57:31 UTC
Table: 'Expresso Nitro(632738922)#0' 3-max (real money) Seat #2 is the button
Seat 1: Jerry_Khan (360)
Seat 2: Point point (240)
Seat 3: _SKR (300)
*** ANTE/BLINDS ***
_SKR posts small blind 15
Jerry_Khan posts big blind 30
Dealt to _SKR [3h Qs]
*** PRE-FLOP *** 
Point point folds
_SKR folds
Jerry_Khan collected 45 from pot
*** SUMMARY ***
Total pot 45 | No rake
Seat 1: Jerry_Khan (big blind) won 45


Winamax Poker - Tournament "Expresso Nitro" buyIn: 0.93€ + 0.07€ level: 2 - HandId: #2717592976896294913-9-1676228261 - Holdem no limit (15/30) - 2023/02/12 18:57:41 UTC
Table: 'Expresso Nitro(632738922)#0' 3-max (real money) Seat #3 is the button
Seat 1: Jerry_Khan (375)
Seat 2: Point point (240)
Seat 3: _SKR (285)
*** ANTE/BLINDS ***
Jerry_Khan posts small blind 15
Point point posts big blind 30
Dealt to _SKR [Th Qh]
*** PRE-FLOP *** 
_SKR raises 255 to 285 and is all-in
Jerry_Khan calls 270
Point point folds
*** FLOP *** [4c 3c Td]
*** TURN *** [4c 3c Td][9h]
*** RIVER *** [4c 3c Td 9h][2s]
*** SHOW DOWN ***
_SKR shows [Th Qh] (One pair : Tens)
Jerry_Khan shows [Kc Ks] (One pair : Kings)
Jerry_Khan collected 600 from pot
*** SUMMARY ***
Total pot 600 | No rake
Board: [4c 3c Td 9h 2s]
Seat 1: Jerry_Khan (small blind) showed [Kc Ks] and won 600 with One pair : Kings
Seat 3: _SKR (button) showed [Th Qh] and lost with One pair : Tens


