Winamax Poker - Tournament "Expresso Nitro" buyIn: 1.86€ + 0.14€ level: 1 - HandId: #2677083133123231745-1-1673876514 - Holdem no limit (10/20) - 2023/01/16 13:41:54 UTC
Table: 'Expresso Nitro(623306989)#0' 3-max (real money) Seat #2 is the button
Seat 1: Vanessa Kade (300)
Seat 2: redmoto (300)
Seat 3: _SKR (300)
*** ANTE/BLINDS ***
_SKR posts small blind 10
Vanessa Kade posts big blind 20
Dealt to _SKR [2d 5d]
*** PRE-FLOP *** 
redmoto folds
_SKR folds
Vanessa Kade collected 30 from pot
*** SUMMARY ***
Total pot 30 | No rake
Seat 1: Vanessa Kade (big blind) won 30


Winamax Poker - Tournament "Expresso Nitro" buyIn: 1.86€ + 0.14€ level: 1 - HandId: #2677083133123231745-2-1673876527 - Holdem no limit (10/20) - 2023/01/16 13:42:07 UTC
Table: 'Expresso Nitro(623306989)#0' 3-max (real money) Seat #3 is the button
Seat 1: Vanessa Kade (310)
Seat 2: redmoto (300)
Seat 3: _SKR (290)
*** ANTE/BLINDS ***
Vanessa Kade posts small blind 10
redmoto posts big blind 20
Dealt to _SKR [Jh 9d]
*** PRE-FLOP *** 
_SKR folds
Vanessa Kade folds
redmoto collected 30 from pot
*** SUMMARY ***
Total pot 30 | No rake
Seat 2: redmoto (big blind) won 30


Winamax Poker - Tournament "Expresso Nitro" buyIn: 1.86€ + 0.14€ level: 1 - HandId: #2677083133123231745-3-1673876534 - Holdem no limit (10/20) - 2023/01/16 13:42:14 UTC
Table: 'Expresso Nitro(623306989)#0' 3-max (real money) Seat #1 is the button
Seat 1: Vanessa Kade (300)
Seat 2: redmoto (310)
Seat 3: _SKR (290)
*** ANTE/BLINDS ***
redmoto posts small blind 10
_SKR posts big blind 20
Dealt to _SKR [3d 2h]
*** PRE-FLOP *** 
Vanessa Kade folds
redmoto folds
_SKR collected 30 from pot
*** SUMMARY ***
Total pot 30 | No rake
Seat 3: _SKR (big blind) won 30


Winamax Poker - Tournament "Expresso Nitro" buyIn: 1.86€ + 0.14€ level: 1 - HandId: #2677083133123231745-4-1673876544 - Holdem no limit (10/20) - 2023/01/16 13:42:24 UTC
Table: 'Expresso Nitro(623306989)#0' 3-max (real money) Seat #2 is the button
Seat 1: Vanessa Kade (300)
Seat 2: redmoto (300)
Seat 3: _SKR (300)
*** ANTE/BLINDS ***
_SKR posts small blind 10
Vanessa Kade posts big blind 20
Dealt to _SKR [Td 2d]
*** PRE-FLOP *** 
redmoto folds
_SKR folds
Vanessa Kade collected 30 from pot
*** SUMMARY ***
Total pot 30 | No rake
Seat 1: Vanessa Kade (big blind) won 30


Winamax Poker - Tournament "Expresso Nitro" buyIn: 1.86€ + 0.14€ level: 2 - HandId: #2677083133123231745-5-1673876571 - Holdem no limit (15/30) - 2023/01/16 13:42:51 UTC
Table: 'Expresso Nitro(623306989)#0' 3-max (real money) Seat #3 is the button
Seat 1: Vanessa Kade (310)
Seat 2: redmoto (300)
Seat 3: _SKR (290)
*** ANTE/BLINDS ***
Vanessa Kade posts small blind 15
redmoto posts big blind 30
Dealt to _SKR [5h Ts]
*** PRE-FLOP *** 
_SKR folds
Vanessa Kade raises 280 to 310 and is all-in
redmoto calls 270 and is all-in
*** FLOP *** [2d Jh 7d]
*** TURN *** [2d Jh 7d][Ah]
*** RIVER *** [2d Jh 7d Ah][7h]
*** SHOW DOWN ***
Vanessa Kade shows [8d Kc] (One pair : 7)
redmoto shows [3d 3c] (Two pairs : 7 and 3)
redmoto collected 600 from main pot
Vanessa Kade collected 10 from side pot 1
*** SUMMARY ***
Total pot 610 | No rake
Board: [2d Jh 7d Ah 7h]
Seat 1: Vanessa Kade (small blind) showed [8d Kc] and won 10 with One pair : 7
Seat 2: redmoto (big blind) showed [3d 3c] and won 600 with Two pairs : 7 and 3


Winamax Poker - Tournament "Expresso Nitro" buyIn: 1.86€ + 0.14€ level: 2 - HandId: #2677083133123231745-6-1673876585 - Holdem no limit (15/30) - 2023/01/16 13:43:05 UTC
Table: 'Expresso Nitro(623306989)#0' 3-max (real money) Seat #1 is the button
Seat 1: Vanessa Kade (10)
Seat 2: redmoto (600)
Seat 3: _SKR (290)
*** ANTE/BLINDS ***
redmoto posts small blind 15
_SKR posts big blind 30
Dealt to _SKR [6s 9h]
*** PRE-FLOP *** 
Vanessa Kade calls 10 and is all-in
redmoto folds
*** FLOP *** [8s 5d 4d]
*** TURN *** [8s 5d 4d][2d]
*** RIVER *** [8s 5d 4d 2d][9c]
*** SHOW DOWN ***
Vanessa Kade shows [Qs As] (High card : Ace)
_SKR shows [6s 9h] (One pair : 9)
_SKR collected 55 from pot
*** SUMMARY ***
Total pot 55 | No rake
Board: [8s 5d 4d 2d 9c]
Seat 1: Vanessa Kade (button) showed [Qs As] and lost with High card : Ace
Seat 3: _SKR (big blind) showed [6s 9h] and won 55 with One pair : 9


Winamax Poker - Tournament "Expresso Nitro" buyIn: 1.86€ + 0.14€ level: 2 - HandId: #2677083133123231745-7-1673876600 - Holdem no limit (15/30) - 2023/01/16 13:43:20 UTC
Table: 'Expresso Nitro(623306989)#0' 3-max (real money) Seat #3 is the button
Seat 2: redmoto (585)
Seat 3: _SKR (315)
*** ANTE/BLINDS ***
_SKR posts small blind 15
redmoto posts big blind 30
Dealt to _SKR [2s Qs]
*** PRE-FLOP *** 
_SKR calls 15
redmoto checks
*** FLOP *** [Ac 6c Qc]
redmoto checks
_SKR checks
*** TURN *** [Ac 6c Qc][6d]
redmoto checks
_SKR checks
*** RIVER *** [Ac 6c Qc 6d][Jh]
redmoto checks
_SKR bets 39
redmoto folds
_SKR collected 99 from pot
*** SUMMARY ***
Total pot 99 | No rake
Board: [Ac 6c Qc 6d Jh]
Seat 3: _SKR (small blind) (button) won 99


Winamax Poker - Tournament "Expresso Nitro" buyIn: 1.86€ + 0.14€ level: 2 - HandId: #2677083133123231745-8-1673876627 - Holdem no limit (15/30) - 2023/01/16 13:43:47 UTC
Table: 'Expresso Nitro(623306989)#0' 3-max (real money) Seat #2 is the button
Seat 2: redmoto (555)
Seat 3: _SKR (345)
*** ANTE/BLINDS ***
redmoto posts small blind 15
_SKR posts big blind 30
Dealt to _SKR [8h Ks]
*** PRE-FLOP *** 
redmoto raises 525 to 555 and is all-in
_SKR folds
redmoto collected 585 from pot
*** SUMMARY ***
Total pot 585 | No rake
Seat 2: redmoto (small blind) (button) won 585


Winamax Poker - Tournament "Expresso Nitro" buyIn: 1.86€ + 0.14€ level: 3 - HandId: #2677083133123231745-9-1673876636 - Holdem no limit (20/40) - 2023/01/16 13:43:56 UTC
Table: 'Expresso Nitro(623306989)#0' 3-max (real money) Seat #3 is the button
Seat 2: redmoto (585)
Seat 3: _SKR (315)
*** ANTE/BLINDS ***
_SKR posts small blind 20
redmoto posts big blind 40
Dealt to _SKR [Ah Kc]
*** PRE-FLOP *** 
_SKR raises 275 to 315 and is all-in
redmoto folds
_SKR collected 355 from pot
*** SUMMARY ***
Total pot 355 | No rake
Seat 3: _SKR (small blind) (button) won 355


Winamax Poker - Tournament "Expresso Nitro" buyIn: 1.86€ + 0.14€ level: 3 - HandId: #2677083133123231745-10-1673876646 - Holdem no limit (20/40) - 2023/01/16 13:44:06 UTC
Table: 'Expresso Nitro(623306989)#0' 3-max (real money) Seat #2 is the button
Seat 2: redmoto (545)
Seat 3: _SKR (355)
*** ANTE/BLINDS ***
redmoto posts small blind 20
_SKR posts big blind 40
Dealt to _SKR [2d Qh]
*** PRE-FLOP *** 
redmoto raises 505 to 545 and is all-in
_SKR folds
redmoto collected 585 from pot
*** SUMMARY ***
Total pot 585 | No rake
Seat 2: redmoto (small blind) (button) won 585


Winamax Poker - Tournament "Expresso Nitro" buyIn: 1.86€ + 0.14€ level: 3 - HandId: #2677083133123231745-11-1673876664 - Holdem no limit (20/40) - 2023/01/16 13:44:24 UTC
Table: 'Expresso Nitro(623306989)#0' 3-max (real money) Seat #3 is the button
Seat 2: redmoto (585)
Seat 3: _SKR (315)
*** ANTE/BLINDS ***
_SKR posts small blind 20
redmoto posts big blind 40
Dealt to _SKR [8s 3h]
*** PRE-FLOP *** 
_SKR folds
redmoto collected 60 from pot
*** SUMMARY ***
Total pot 60 | No rake
Seat 2: redmoto (big blind) won 60


Winamax Poker - Tournament "Expresso Nitro" buyIn: 1.86€ + 0.14€ level: 3 - HandId: #2677083133123231745-12-1673876669 - Holdem no limit (20/40) - 2023/01/16 13:44:29 UTC
Table: 'Expresso Nitro(623306989)#0' 3-max (real money) Seat #2 is the button
Seat 2: redmoto (605)
Seat 3: _SKR (295)
*** ANTE/BLINDS ***
redmoto posts small blind 20
_SKR posts big blind 40
Dealt to _SKR [Jc 6s]
*** PRE-FLOP *** 
redmoto calls 20
_SKR raises 255 to 295 and is all-in
redmoto folds
_SKR collected 335 from pot
*** SUMMARY ***
Total pot 335 | No rake
Seat 3: _SKR (big blind) won 335


Winamax Poker - Tournament "Expresso Nitro" buyIn: 1.86€ + 0.14€ level: 3 - HandId: #2677083133123231745-13-1673876682 - Holdem no limit (20/40) - 2023/01/16 13:44:42 UTC
Table: 'Expresso Nitro(623306989)#0' 3-max (real money) Seat #3 is the button
Seat 2: redmoto (565)
Seat 3: _SKR (335)
*** ANTE/BLINDS ***
_SKR posts small blind 20
redmoto posts big blind 40
Dealt to _SKR [Td Kc]
*** PRE-FLOP *** 
_SKR raises 295 to 335 and is all-in
redmoto folds
_SKR collected 375 from pot
*** SUMMARY ***
Total pot 375 | No rake
Seat 3: _SKR (small blind) (button) won 375


Winamax Poker - Tournament "Expresso Nitro" buyIn: 1.86€ + 0.14€ level: 3 - HandId: #2677083133123231745-14-1673876688 - Holdem no limit (20/40) - 2023/01/16 13:44:48 UTC
Table: 'Expresso Nitro(623306989)#0' 3-max (real money) Seat #2 is the button
Seat 2: redmoto (525)
Seat 3: _SKR (375)
*** ANTE/BLINDS ***
redmoto posts small blind 20
_SKR posts big blind 40
Dealt to _SKR [Qd 6s]
*** PRE-FLOP *** 
redmoto folds
_SKR collected 60 from pot
*** SUMMARY ***
Total pot 60 | No rake
Seat 3: _SKR (big blind) won 60


Winamax Poker - Tournament "Expresso Nitro" buyIn: 1.86€ + 0.14€ level: 4 - HandId: #2677083133123231745-15-1673876692 - Holdem no limit (30/60) - 2023/01/16 13:44:52 UTC
Table: 'Expresso Nitro(623306989)#0' 3-max (real money) Seat #3 is the button
Seat 2: redmoto (505)
Seat 3: _SKR (395)
*** ANTE/BLINDS ***
_SKR posts small blind 30
redmoto posts big blind 60
Dealt to _SKR [5c Jc]
*** PRE-FLOP *** 
_SKR folds
redmoto collected 90 from pot
*** SUMMARY ***
Total pot 90 | No rake
Seat 2: redmoto (big blind) won 90


Winamax Poker - Tournament "Expresso Nitro" buyIn: 1.86€ + 0.14€ level: 4 - HandId: #2677083133123231745-16-1673876698 - Holdem no limit (30/60) - 2023/01/16 13:44:58 UTC
Table: 'Expresso Nitro(623306989)#0' 3-max (real money) Seat #2 is the button
Seat 2: redmoto (535)
Seat 3: _SKR (365)
*** ANTE/BLINDS ***
redmoto posts small blind 30
_SKR posts big blind 60
Dealt to _SKR [Th Qh]
*** PRE-FLOP *** 
redmoto folds
_SKR collected 90 from pot
*** SUMMARY ***
Total pot 90 | No rake
Seat 3: _SKR (big blind) won 90


Winamax Poker - Tournament "Expresso Nitro" buyIn: 1.86€ + 0.14€ level: 4 - HandId: #2677083133123231745-17-1673876706 - Holdem no limit (30/60) - 2023/01/16 13:45:06 UTC
Table: 'Expresso Nitro(623306989)#0' 3-max (real money) Seat #3 is the button
Seat 2: redmoto (505)
Seat 3: _SKR (395)
*** ANTE/BLINDS ***
_SKR posts small blind 30
redmoto posts big blind 60
Dealt to _SKR [5h 2c]
*** PRE-FLOP *** 
_SKR folds
redmoto collected 90 from pot
*** SUMMARY ***
Total pot 90 | No rake
Seat 2: redmoto (big blind) won 90


Winamax Poker - Tournament "Expresso Nitro" buyIn: 1.86€ + 0.14€ level: 4 - HandId: #2677083133123231745-18-1673876709 - Holdem no limit (30/60) - 2023/01/16 13:45:09 UTC
Table: 'Expresso Nitro(623306989)#0' 3-max (real money) Seat #2 is the button
Seat 2: redmoto (535)
Seat 3: _SKR (365)
*** ANTE/BLINDS ***
redmoto posts small blind 30
_SKR posts big blind 60
Dealt to _SKR [6c 4s]
*** PRE-FLOP *** 
redmoto folds
_SKR collected 90 from pot
*** SUMMARY ***
Total pot 90 | No rake
Seat 3: _SKR (big blind) won 90


Winamax Poker - Tournament "Expresso Nitro" buyIn: 1.86€ + 0.14€ level: 4 - HandId: #2677083133123231745-19-1673876715 - Holdem no limit (30/60) - 2023/01/16 13:45:15 UTC
Table: 'Expresso Nitro(623306989)#0' 3-max (real money) Seat #3 is the button
Seat 2: redmoto (505)
Seat 3: _SKR (395)
*** ANTE/BLINDS ***
_SKR posts small blind 30
redmoto posts big blind 60
Dealt to _SKR [Kd Jd]
*** PRE-FLOP *** 
_SKR raises 335 to 395 and is all-in
redmoto folds
_SKR collected 455 from pot
*** SUMMARY ***
Total pot 455 | No rake
Seat 3: _SKR (small blind) (button) won 455


Winamax Poker - Tournament "Expresso Nitro" buyIn: 1.86€ + 0.14€ level: 4 - HandId: #2677083133123231745-20-1673876721 - Holdem no limit (30/60) - 2023/01/16 13:45:21 UTC
Table: 'Expresso Nitro(623306989)#0' 3-max (real money) Seat #2 is the button
Seat 2: redmoto (445)
Seat 3: _SKR (455)
*** ANTE/BLINDS ***
redmoto posts small blind 30
_SKR posts big blind 60
Dealt to _SKR [Tc 5d]
*** PRE-FLOP *** 
redmoto folds
_SKR collected 90 from pot
*** SUMMARY ***
Total pot 90 | No rake
Seat 3: _SKR (big blind) won 90


Winamax Poker - Tournament "Expresso Nitro" buyIn: 1.86€ + 0.14€ level: 4 - HandId: #2677083133123231745-21-1673876729 - Holdem no limit (30/60) - 2023/01/16 13:45:29 UTC
Table: 'Expresso Nitro(623306989)#0' 3-max (real money) Seat #3 is the button
Seat 2: redmoto (415)
Seat 3: _SKR (485)
*** ANTE/BLINDS ***
_SKR posts small blind 30
redmoto posts big blind 60
Dealt to _SKR [7c Qh]
*** PRE-FLOP *** 
_SKR raises 425 to 485 and is all-in
redmoto folds
_SKR collected 545 from pot
*** SUMMARY ***
Total pot 545 | No rake
Seat 3: _SKR (small blind) (button) won 545


Winamax Poker - Tournament "Expresso Nitro" buyIn: 1.86€ + 0.14€ level: 4 - HandId: #2677083133123231745-22-1673876738 - Holdem no limit (30/60) - 2023/01/16 13:45:38 UTC
Table: 'Expresso Nitro(623306989)#0' 3-max (real money) Seat #2 is the button
Seat 2: redmoto (355)
Seat 3: _SKR (545)
*** ANTE/BLINDS ***
redmoto posts small blind 30
_SKR posts big blind 60
Dealt to _SKR [8c 4c]
*** PRE-FLOP *** 
redmoto folds
_SKR collected 90 from pot
*** SUMMARY ***
Total pot 90 | No rake
Seat 3: _SKR (big blind) won 90


Winamax Poker - Tournament "Expresso Nitro" buyIn: 1.86€ + 0.14€ level: 4 - HandId: #2677083133123231745-23-1673876744 - Holdem no limit (30/60) - 2023/01/16 13:45:44 UTC
Table: 'Expresso Nitro(623306989)#0' 3-max (real money) Seat #3 is the button
Seat 2: redmoto (325)
Seat 3: _SKR (575)
*** ANTE/BLINDS ***
_SKR posts small blind 30
redmoto posts big blind 60
Dealt to _SKR [4c Th]
*** PRE-FLOP *** 
_SKR folds
redmoto collected 90 from pot
*** SUMMARY ***
Total pot 90 | No rake
Seat 2: redmoto (big blind) won 90


Winamax Poker - Tournament "Expresso Nitro" buyIn: 1.86€ + 0.14€ level: 4 - HandId: #2677083133123231745-24-1673876748 - Holdem no limit (30/60) - 2023/01/16 13:45:48 UTC
Table: 'Expresso Nitro(623306989)#0' 3-max (real money) Seat #2 is the button
Seat 2: redmoto (355)
Seat 3: _SKR (545)
*** ANTE/BLINDS ***
redmoto posts small blind 30
_SKR posts big blind 60
Dealt to _SKR [5c Ad]
*** PRE-FLOP *** 
redmoto raises 295 to 355 and is all-in
_SKR calls 295
*** FLOP *** [8d 9c 4h]
*** TURN *** [8d 9c 4h][7s]
*** RIVER *** [8d 9c 4h 7s][As]
*** SHOW DOWN ***
redmoto shows [8s Jh] (One pair : 8)
_SKR shows [5c Ad] (One pair : Aces)
_SKR collected 710 from pot
*** SUMMARY ***
Total pot 710 | No rake
Board: [8d 9c 4h 7s As]
Seat 2: redmoto (small blind) (button) showed [8s Jh] and lost with One pair : 8
Seat 3: _SKR (big blind) showed [5c Ad] and won 710 with One pair : Aces


