Winamax Poker - Tournament "Expresso Nitro" buyIn: 0.93€ + 0.07€ level: 1 - HandId: #2730563451712700417-1-1676985765 - Holdem no limit (10/20) - 2023/02/21 13:22:45 UTC
Table: 'Expresso Nitro(635758846)#0' 3-max (real money) Seat #3 is the button
Seat 1: _SKR (300)
Seat 2: Ange.Gri (300)
Seat 3: corleone6211 (300)
*** ANTE/BLINDS ***
_SKR posts small blind 10
Ange.Gri posts big blind 20
Dealt to _SKR [3d 5s]
*** PRE-FLOP *** 
corleone6211 folds
_SKR folds
Ange.Gri collected 30 from pot
*** SUMMARY ***
Total pot 30 | No rake
Seat 2: Ange.Gri (big blind) won 30


Winamax Poker - Tournament "Expresso Nitro" buyIn: 0.93€ + 0.07€ level: 1 - HandId: #2730563451712700417-2-1676985779 - Holdem no limit (10/20) - 2023/02/21 13:22:59 UTC
Table: 'Expresso Nitro(635758846)#0' 3-max (real money) Seat #1 is the button
Seat 1: _SKR (290)
Seat 2: Ange.Gri (310)
Seat 3: corleone6211 (300)
*** ANTE/BLINDS ***
Ange.Gri posts small blind 10
corleone6211 posts big blind 20
Dealt to _SKR [2h 5c]
*** PRE-FLOP *** 
_SKR folds
Ange.Gri calls 10
corleone6211 checks
*** FLOP *** [9c 2c 9h]
Ange.Gri checks
corleone6211 checks
*** TURN *** [9c 2c 9h][Kd]
Ange.Gri checks
corleone6211 checks
*** RIVER *** [9c 2c 9h Kd][8s]
Ange.Gri checks
corleone6211 checks
*** SHOW DOWN ***
corleone6211 shows [7h 3d] (One pair : 9)
Ange.Gri shows [Js 5d] (One pair : 9)
Ange.Gri collected 40 from pot
*** SUMMARY ***
Total pot 40 | No rake
Board: [9c 2c 9h Kd 8s]
Seat 2: Ange.Gri (small blind) showed [Js 5d] and won 40 with One pair : 9
Seat 3: corleone6211 (big blind) showed [7h 3d] and lost with One pair : 9


Winamax Poker - Tournament "Expresso Nitro" buyIn: 0.93€ + 0.07€ level: 1 - HandId: #2730563451712700417-3-1676985809 - Holdem no limit (10/20) - 2023/02/21 13:23:29 UTC
Table: 'Expresso Nitro(635758846)#0' 3-max (real money) Seat #2 is the button
Seat 1: _SKR (290)
Seat 2: Ange.Gri (330)
Seat 3: corleone6211 (280)
*** ANTE/BLINDS ***
corleone6211 posts small blind 10
_SKR posts big blind 20
Dealt to _SKR [8c 2d]
*** PRE-FLOP *** 
Ange.Gri calls 20
corleone6211 folds
_SKR checks
*** FLOP *** [2s 9s 2c]
_SKR checks
Ange.Gri checks
*** TURN *** [2s 9s 2c][7c]
_SKR bets 33
Ange.Gri folds
_SKR collected 83 from pot
*** SUMMARY ***
Total pot 83 | No rake
Board: [2s 9s 2c 7c]
Seat 1: _SKR (big blind) won 83


Winamax Poker - Tournament "Expresso Nitro" buyIn: 0.93€ + 0.07€ level: 2 - HandId: #2730563451712700417-4-1676985832 - Holdem no limit (15/30) - 2023/02/21 13:23:52 UTC
Table: 'Expresso Nitro(635758846)#0' 3-max (real money) Seat #3 is the button
Seat 1: _SKR (320)
Seat 2: Ange.Gri (310)
Seat 3: corleone6211 (270)
*** ANTE/BLINDS ***
_SKR posts small blind 15
Ange.Gri posts big blind 30
Dealt to _SKR [9c 6d]
*** PRE-FLOP *** 
corleone6211 folds
_SKR folds
Ange.Gri collected 45 from pot
*** SUMMARY ***
Total pot 45 | No rake
Seat 2: Ange.Gri (big blind) won 45


Winamax Poker - Tournament "Expresso Nitro" buyIn: 0.93€ + 0.07€ level: 2 - HandId: #2730563451712700417-5-1676985839 - Holdem no limit (15/30) - 2023/02/21 13:23:59 UTC
Table: 'Expresso Nitro(635758846)#0' 3-max (real money) Seat #1 is the button
Seat 1: _SKR (305)
Seat 2: Ange.Gri (325)
Seat 3: corleone6211 (270)
*** ANTE/BLINDS ***
Ange.Gri posts small blind 15
corleone6211 posts big blind 30
Dealt to _SKR [Th Ks]
*** PRE-FLOP *** 
_SKR raises 275 to 305 and is all-in
Ange.Gri calls 290
corleone6211 folds
*** FLOP *** [9s 9d 8c]
*** TURN *** [9s 9d 8c][6d]
*** RIVER *** [9s 9d 8c 6d][Jc]
*** SHOW DOWN ***
_SKR shows [Th Ks] (One pair : 9)
Ange.Gri shows [Ac As] (Two pairs : Aces and 9)
Ange.Gri collected 640 from pot
*** SUMMARY ***
Total pot 640 | No rake
Board: [9s 9d 8c 6d Jc]
Seat 1: _SKR (button) showed [Th Ks] and lost with One pair : 9
Seat 2: Ange.Gri (small blind) showed [Ac As] and won 640 with Two pairs : Aces and 9


