Winamax Poker - Tournament "Expresso Nitro" buyIn: 1.86€ + 0.14€ level: 1 - HandId: #2698213354312302593-1-1675185807 - Holdem no limit (10/20) - 2023/01/31 17:23:27 UTC
Table: 'Expresso Nitro(628226752)#0' 3-max (real money) Seat #3 is the button
Seat 1: Morganache (300)
Seat 2: _SKR (300)
Seat 3: Peche.501705 (300)
*** ANTE/BLINDS ***
Morganache posts small blind 10
_SKR posts big blind 20
Dealt to _SKR [Qs Js]
*** PRE-FLOP *** 
Peche.501705 calls 20
Morganache calls 10
_SKR raises 280 to 300 and is all-in
Peche.501705 folds
Morganache calls 280 and is all-in
*** FLOP *** [4h 5h Jd]
*** TURN *** [4h 5h Jd][2c]
*** RIVER *** [4h 5h Jd 2c][2h]
*** SHOW DOWN ***
Morganache shows [Ah Ks] (One pair : 2)
_SKR shows [Qs Js] (Two pairs : Jacks and 2)
_SKR collected 620 from pot
*** SUMMARY ***
Total pot 620 | No rake
Board: [4h 5h Jd 2c 2h]
Seat 1: Morganache (small blind) showed [Ah Ks] and lost with One pair : 2
Seat 2: _SKR (big blind) showed [Qs Js] and won 620 with Two pairs : Jacks and 2


Winamax Poker - Tournament "Expresso Nitro" buyIn: 1.86€ + 0.14€ level: 1 - HandId: #2698213354312302593-2-1675185824 - Holdem no limit (10/20) - 2023/01/31 17:23:44 UTC
Table: 'Expresso Nitro(628226752)#0' 3-max (real money) Seat #2 is the button
Seat 2: _SKR (620)
Seat 3: Peche.501705 (280)
*** ANTE/BLINDS ***
_SKR posts small blind 10
Peche.501705 posts big blind 20
Dealt to _SKR [7c Ad]
*** PRE-FLOP *** 
_SKR raises 600 to 620 and is all-in
Peche.501705 folds
_SKR collected 640 from pot
*** SUMMARY ***
Total pot 640 | No rake
Seat 2: _SKR (small blind) (button) won 640


Winamax Poker - Tournament "Expresso Nitro" buyIn: 1.86€ + 0.14€ level: 1 - HandId: #2698213354312302593-3-1675185830 - Holdem no limit (10/20) - 2023/01/31 17:23:50 UTC
Table: 'Expresso Nitro(628226752)#0' 3-max (real money) Seat #3 is the button
Seat 2: _SKR (640)
Seat 3: Peche.501705 (260)
*** ANTE/BLINDS ***
Peche.501705 posts small blind 10
_SKR posts big blind 20
Dealt to _SKR [7s Qs]
*** PRE-FLOP *** 
Peche.501705 calls 10
_SKR checks
*** FLOP *** [7d 7c Qd]
_SKR checks
Peche.501705 checks
*** TURN *** [7d 7c Qd][As]
_SKR bets 26
Peche.501705 folds
_SKR collected 66 from pot
*** SUMMARY ***
Total pot 66 | No rake
Board: [7d 7c Qd As]
Seat 2: _SKR (big blind) won 66


Winamax Poker - Tournament "Expresso Nitro" buyIn: 1.86€ + 0.14€ level: 1 - HandId: #2698213354312302593-4-1675185853 - Holdem no limit (10/20) - 2023/01/31 17:24:13 UTC
Table: 'Expresso Nitro(628226752)#0' 3-max (real money) Seat #2 is the button
Seat 2: _SKR (660)
Seat 3: Peche.501705 (240)
*** ANTE/BLINDS ***
_SKR posts small blind 10
Peche.501705 posts big blind 20
Dealt to _SKR [Qs 5h]
*** PRE-FLOP *** 
_SKR calls 10
Peche.501705 checks
*** FLOP *** [Jd Ts 7s]
Peche.501705 checks
_SKR checks
*** TURN *** [Jd Ts 7s][Js]
Peche.501705 checks
_SKR checks
*** RIVER *** [Jd Ts 7s Js][6c]
Peche.501705 checks
_SKR checks
*** SHOW DOWN ***
_SKR shows [Qs 5h] (One pair : Jacks)
Peche.501705 shows [Qd 3h] (One pair : Jacks)
Peche.501705 collected 20 from pot
_SKR collected 20 from pot
*** SUMMARY ***
Total pot 40 | No rake
Board: [Jd Ts 7s Js 6c]
Seat 2: _SKR (small blind) (button) showed [Qs 5h] and won 20 with One pair : Jacks
Seat 3: Peche.501705 (big blind) showed [Qd 3h] and won 20 with One pair : Jacks


Winamax Poker - Tournament "Expresso Nitro" buyIn: 1.86€ + 0.14€ level: 2 - HandId: #2698213354312302593-5-1675185884 - Holdem no limit (15/30) - 2023/01/31 17:24:44 UTC
Table: 'Expresso Nitro(628226752)#0' 3-max (real money) Seat #3 is the button
Seat 2: _SKR (660)
Seat 3: Peche.501705 (240)
*** ANTE/BLINDS ***
Peche.501705 posts small blind 15
_SKR posts big blind 30
Dealt to _SKR [7s Js]
*** PRE-FLOP *** 
Peche.501705 folds
_SKR collected 45 from pot
*** SUMMARY ***
Total pot 45 | No rake
Seat 2: _SKR (big blind) won 45


Winamax Poker - Tournament "Expresso Nitro" buyIn: 1.86€ + 0.14€ level: 2 - HandId: #2698213354312302593-6-1675185889 - Holdem no limit (15/30) - 2023/01/31 17:24:49 UTC
Table: 'Expresso Nitro(628226752)#0' 3-max (real money) Seat #2 is the button
Seat 2: _SKR (675)
Seat 3: Peche.501705 (225)
*** ANTE/BLINDS ***
_SKR posts small blind 15
Peche.501705 posts big blind 30
Dealt to _SKR [3h Ah]
*** PRE-FLOP *** 
_SKR raises 645 to 675 and is all-in
Peche.501705 folds
_SKR collected 705 from pot
*** SUMMARY ***
Total pot 705 | No rake
Seat 2: _SKR (small blind) (button) won 705


Winamax Poker - Tournament "Expresso Nitro" buyIn: 1.86€ + 0.14€ level: 2 - HandId: #2698213354312302593-7-1675185894 - Holdem no limit (15/30) - 2023/01/31 17:24:54 UTC
Table: 'Expresso Nitro(628226752)#0' 3-max (real money) Seat #3 is the button
Seat 2: _SKR (705)
Seat 3: Peche.501705 (195)
*** ANTE/BLINDS ***
Peche.501705 posts small blind 15
_SKR posts big blind 30
Dealt to _SKR [7h 7c]
*** PRE-FLOP *** 
Peche.501705 calls 15
_SKR raises 675 to 705 and is all-in
Peche.501705 folds
_SKR collected 735 from pot
*** SUMMARY ***
Total pot 735 | No rake
Seat 2: _SKR (big blind) won 735


Winamax Poker - Tournament "Expresso Nitro" buyIn: 1.86€ + 0.14€ level: 2 - HandId: #2698213354312302593-8-1675185910 - Holdem no limit (15/30) - 2023/01/31 17:25:10 UTC
Table: 'Expresso Nitro(628226752)#0' 3-max (real money) Seat #2 is the button
Seat 2: _SKR (735)
Seat 3: Peche.501705 (165)
*** ANTE/BLINDS ***
_SKR posts small blind 15
Peche.501705 posts big blind 30
Dealt to _SKR [2s Th]
*** PRE-FLOP *** 
_SKR folds
Peche.501705 collected 45 from pot
*** SUMMARY ***
Total pot 45 | No rake
Seat 3: Peche.501705 (big blind) won 45


Winamax Poker - Tournament "Expresso Nitro" buyIn: 1.86€ + 0.14€ level: 2 - HandId: #2698213354312302593-9-1675185914 - Holdem no limit (15/30) - 2023/01/31 17:25:14 UTC
Table: 'Expresso Nitro(628226752)#0' 3-max (real money) Seat #3 is the button
Seat 2: _SKR (720)
Seat 3: Peche.501705 (180)
*** ANTE/BLINDS ***
Peche.501705 posts small blind 15
_SKR posts big blind 30
Dealt to _SKR [Ad 8d]
*** PRE-FLOP *** 
Peche.501705 raises 150 to 180 and is all-in
_SKR calls 150
*** FLOP *** [7h 4c 3d]
*** TURN *** [7h 4c 3d][7s]
*** RIVER *** [7h 4c 3d 7s][2h]
*** SHOW DOWN ***
_SKR shows [Ad 8d] (One pair : 7)
Peche.501705 shows [3h Js] (Two pairs : 7 and 3)
Peche.501705 collected 360 from pot
*** SUMMARY ***
Total pot 360 | No rake
Board: [7h 4c 3d 7s 2h]
Seat 2: _SKR (big blind) showed [Ad 8d] and lost with One pair : 7
Seat 3: Peche.501705 (small blind) (button) showed [3h Js] and won 360 with Two pairs : 7 and 3


Winamax Poker - Tournament "Expresso Nitro" buyIn: 1.86€ + 0.14€ level: 3 - HandId: #2698213354312302593-10-1675185933 - Holdem no limit (20/40) - 2023/01/31 17:25:33 UTC
Table: 'Expresso Nitro(628226752)#0' 3-max (real money) Seat #2 is the button
Seat 2: _SKR (540)
Seat 3: Peche.501705 (360)
*** ANTE/BLINDS ***
_SKR posts small blind 20
Peche.501705 posts big blind 40
Dealt to _SKR [Kd As]
*** PRE-FLOP *** 
_SKR raises 500 to 540 and is all-in
Peche.501705 folds
_SKR collected 580 from pot
*** SUMMARY ***
Total pot 580 | No rake
Seat 2: _SKR (small blind) (button) won 580


Winamax Poker - Tournament "Expresso Nitro" buyIn: 1.86€ + 0.14€ level: 3 - HandId: #2698213354312302593-11-1675185937 - Holdem no limit (20/40) - 2023/01/31 17:25:37 UTC
Table: 'Expresso Nitro(628226752)#0' 3-max (real money) Seat #3 is the button
Seat 2: _SKR (580)
Seat 3: Peche.501705 (320)
*** ANTE/BLINDS ***
Peche.501705 posts small blind 20
_SKR posts big blind 40
Dealt to _SKR [Ks 4s]
*** PRE-FLOP *** 
Peche.501705 folds
_SKR collected 60 from pot
*** SUMMARY ***
Total pot 60 | No rake
Seat 2: _SKR (big blind) won 60


Winamax Poker - Tournament "Expresso Nitro" buyIn: 1.86€ + 0.14€ level: 3 - HandId: #2698213354312302593-12-1675185941 - Holdem no limit (20/40) - 2023/01/31 17:25:41 UTC
Table: 'Expresso Nitro(628226752)#0' 3-max (real money) Seat #2 is the button
Seat 2: _SKR (600)
Seat 3: Peche.501705 (300)
*** ANTE/BLINDS ***
_SKR posts small blind 20
Peche.501705 posts big blind 40
Dealt to _SKR [As Qs]
*** PRE-FLOP *** 
_SKR raises 560 to 600 and is all-in
Peche.501705 folds
_SKR collected 640 from pot
*** SUMMARY ***
Total pot 640 | No rake
Seat 2: _SKR (small blind) (button) won 640


Winamax Poker - Tournament "Expresso Nitro" buyIn: 1.86€ + 0.14€ level: 3 - HandId: #2698213354312302593-13-1675185948 - Holdem no limit (20/40) - 2023/01/31 17:25:48 UTC
Table: 'Expresso Nitro(628226752)#0' 3-max (real money) Seat #3 is the button
Seat 2: _SKR (640)
Seat 3: Peche.501705 (260)
*** ANTE/BLINDS ***
Peche.501705 posts small blind 20
_SKR posts big blind 40
Dealt to _SKR [2d 4c]
*** PRE-FLOP *** 
Peche.501705 raises 220 to 260 and is all-in
_SKR folds
Peche.501705 collected 300 from pot
*** SUMMARY ***
Total pot 300 | No rake
Seat 3: Peche.501705 (small blind) (button) won 300


Winamax Poker - Tournament "Expresso Nitro" buyIn: 1.86€ + 0.14€ level: 3 - HandId: #2698213354312302593-14-1675185955 - Holdem no limit (20/40) - 2023/01/31 17:25:55 UTC
Table: 'Expresso Nitro(628226752)#0' 3-max (real money) Seat #2 is the button
Seat 2: _SKR (600)
Seat 3: Peche.501705 (300)
*** ANTE/BLINDS ***
_SKR posts small blind 20
Peche.501705 posts big blind 40
Dealt to _SKR [9h 4s]
*** PRE-FLOP *** 
_SKR folds
Peche.501705 collected 60 from pot
*** SUMMARY ***
Total pot 60 | No rake
Seat 3: Peche.501705 (big blind) won 60


Winamax Poker - Tournament "Expresso Nitro" buyIn: 1.86€ + 0.14€ level: 3 - HandId: #2698213354312302593-15-1675185960 - Holdem no limit (20/40) - 2023/01/31 17:26:00 UTC
Table: 'Expresso Nitro(628226752)#0' 3-max (real money) Seat #3 is the button
Seat 2: _SKR (580)
Seat 3: Peche.501705 (320)
*** ANTE/BLINDS ***
Peche.501705 posts small blind 20
_SKR posts big blind 40
Dealt to _SKR [Qc 3d]
*** PRE-FLOP *** 
Peche.501705 raises 280 to 320 and is all-in
_SKR folds
Peche.501705 collected 360 from pot
*** SUMMARY ***
Total pot 360 | No rake
Seat 3: Peche.501705 (small blind) (button) won 360


Winamax Poker - Tournament "Expresso Nitro" buyIn: 1.86€ + 0.14€ level: 3 - HandId: #2698213354312302593-16-1675185968 - Holdem no limit (20/40) - 2023/01/31 17:26:08 UTC
Table: 'Expresso Nitro(628226752)#0' 3-max (real money) Seat #2 is the button
Seat 2: _SKR (540)
Seat 3: Peche.501705 (360)
*** ANTE/BLINDS ***
_SKR posts small blind 20
Peche.501705 posts big blind 40
Dealt to _SKR [9c 7d]
*** PRE-FLOP *** 
_SKR folds
Peche.501705 collected 60 from pot
*** SUMMARY ***
Total pot 60 | No rake
Seat 3: Peche.501705 (big blind) won 60


Winamax Poker - Tournament "Expresso Nitro" buyIn: 1.86€ + 0.14€ level: 3 - HandId: #2698213354312302593-17-1675185974 - Holdem no limit (20/40) - 2023/01/31 17:26:14 UTC
Table: 'Expresso Nitro(628226752)#0' 3-max (real money) Seat #3 is the button
Seat 2: _SKR (520)
Seat 3: Peche.501705 (380)
*** ANTE/BLINDS ***
Peche.501705 posts small blind 20
_SKR posts big blind 40
Dealt to _SKR [2s Kc]
*** PRE-FLOP *** 
Peche.501705 calls 20
_SKR checks
*** FLOP *** [8d Jd 9d]
_SKR checks
Peche.501705 checks
*** TURN *** [8d Jd 9d][7d]
_SKR checks
Peche.501705 checks
*** RIVER *** [8d Jd 9d 7d][4s]
_SKR checks
Peche.501705 checks
*** SHOW DOWN ***
_SKR shows [2s Kc] (High card : King)
Peche.501705 shows [Qs Ac] (High card : Ace)
Peche.501705 collected 80 from pot
*** SUMMARY ***
Total pot 80 | No rake
Board: [8d Jd 9d 7d 4s]
Seat 2: _SKR (big blind) showed [2s Kc] and lost with High card : King
Seat 3: Peche.501705 (small blind) (button) showed [Qs Ac] and won 80 with High card : Ace


Winamax Poker - Tournament "Expresso Nitro" buyIn: 1.86€ + 0.14€ level: 4 - HandId: #2698213354312302593-18-1675185991 - Holdem no limit (30/60) - 2023/01/31 17:26:31 UTC
Table: 'Expresso Nitro(628226752)#0' 3-max (real money) Seat #2 is the button
Seat 2: _SKR (480)
Seat 3: Peche.501705 (420)
*** ANTE/BLINDS ***
_SKR posts small blind 30
Peche.501705 posts big blind 60
Dealt to _SKR [8s 9d]
*** PRE-FLOP *** 
_SKR folds
Peche.501705 collected 90 from pot
*** SUMMARY ***
Total pot 90 | No rake
Seat 3: Peche.501705 (big blind) won 90


Winamax Poker - Tournament "Expresso Nitro" buyIn: 1.86€ + 0.14€ level: 4 - HandId: #2698213354312302593-19-1675185996 - Holdem no limit (30/60) - 2023/01/31 17:26:36 UTC
Table: 'Expresso Nitro(628226752)#0' 3-max (real money) Seat #3 is the button
Seat 2: _SKR (450)
Seat 3: Peche.501705 (450)
*** ANTE/BLINDS ***
Peche.501705 posts small blind 30
_SKR posts big blind 60
Dealt to _SKR [8d Qd]
*** PRE-FLOP *** 
Peche.501705 raises 390 to 450 and is all-in
_SKR calls 390 and is all-in
*** FLOP *** [9s 8c 6h]
*** TURN *** [9s 8c 6h][3d]
*** RIVER *** [9s 8c 6h 3d][Jd]
*** SHOW DOWN ***
Peche.501705 shows [As 2d] (High card : Ace)
_SKR shows [8d Qd] (One pair : 8)
_SKR collected 900 from pot
*** SUMMARY ***
Total pot 900 | No rake
Board: [9s 8c 6h 3d Jd]
Seat 2: _SKR (big blind) showed [8d Qd] and won 900 with One pair : 8
Seat 3: Peche.501705 (small blind) (button) showed [As 2d] and lost with High card : Ace


