Winamax Poker - Tournament "Expresso Nitro" buyIn: 0.93€ + 0.07€ level: 1 - HandId: #2717240823937761281-1-1676213550 - Holdem no limit (10/20) - 2023/02/12 14:52:30 UTC
Table: 'Expresso Nitro(632656930)#0' 3-max (real money) Seat #2 is the button
Seat 1: rafetout01 (300)
Seat 2: PeterparKKer (300)
Seat 3: _SKR (300)
*** ANTE/BLINDS ***
_SKR posts small blind 10
rafetout01 posts big blind 20
Dealt to _SKR [Ac Ad]
*** PRE-FLOP *** 
PeterparKKer folds
_SKR calls 10
rafetout01 checks
*** FLOP *** [3s 9s 5s]
_SKR bets 26
rafetout01 raises 36 to 62
_SKR raises 218 to 280 and is all-in
rafetout01 folds
_SKR collected 382 from pot
*** SUMMARY ***
Total pot 382 | No rake
Board: [3s 9s 5s]
Seat 3: _SKR (small blind) won 382


Winamax Poker - Tournament "Expresso Nitro" buyIn: 0.93€ + 0.07€ level: 1 - HandId: #2717240823937761281-2-1676213572 - Holdem no limit (10/20) - 2023/02/12 14:52:52 UTC
Table: 'Expresso Nitro(632656930)#0' 3-max (real money) Seat #3 is the button
Seat 1: rafetout01 (218)
Seat 2: PeterparKKer (300)
Seat 3: _SKR (382)
*** ANTE/BLINDS ***
rafetout01 posts small blind 10
PeterparKKer posts big blind 20
Dealt to _SKR [8c 7h]
*** PRE-FLOP *** 
_SKR folds
rafetout01 folds
PeterparKKer collected 30 from pot
*** SUMMARY ***
Total pot 30 | No rake
Seat 2: PeterparKKer (big blind) won 30


Winamax Poker - Tournament "Expresso Nitro" buyIn: 0.93€ + 0.07€ level: 1 - HandId: #2717240823937761281-3-1676213578 - Holdem no limit (10/20) - 2023/02/12 14:52:58 UTC
Table: 'Expresso Nitro(632656930)#0' 3-max (real money) Seat #1 is the button
Seat 1: rafetout01 (208)
Seat 2: PeterparKKer (310)
Seat 3: _SKR (382)
*** ANTE/BLINDS ***
PeterparKKer posts small blind 10
_SKR posts big blind 20
Dealt to _SKR [7s 4h]
*** PRE-FLOP *** 
rafetout01 raises 70 to 90
PeterparKKer folds
_SKR folds
rafetout01 collected 120 from pot
*** SUMMARY ***
Total pot 120 | No rake
Seat 1: rafetout01 (button) won 120


Winamax Poker - Tournament "Expresso Nitro" buyIn: 0.93€ + 0.07€ level: 1 - HandId: #2717240823937761281-4-1676213599 - Holdem no limit (10/20) - 2023/02/12 14:53:19 UTC
Table: 'Expresso Nitro(632656930)#0' 3-max (real money) Seat #2 is the button
Seat 1: rafetout01 (238)
Seat 2: PeterparKKer (300)
Seat 3: _SKR (362)
*** ANTE/BLINDS ***
_SKR posts small blind 10
rafetout01 posts big blind 20
Dealt to _SKR [7d Jd]
*** PRE-FLOP *** 
PeterparKKer raises 40 to 60
_SKR folds
rafetout01 calls 40
*** FLOP *** [Js 5h 3c]
rafetout01 checks
PeterparKKer checks
*** TURN *** [Js 5h 3c][2h]
rafetout01 checks
PeterparKKer bets 46
rafetout01 folds
PeterparKKer collected 176 from pot
*** SUMMARY ***
Total pot 176 | No rake
Board: [Js 5h 3c 2h]
Seat 2: PeterparKKer (button) won 176


Winamax Poker - Tournament "Expresso Nitro" buyIn: 0.93€ + 0.07€ level: 2 - HandId: #2717240823937761281-5-1676213641 - Holdem no limit (15/30) - 2023/02/12 14:54:01 UTC
Table: 'Expresso Nitro(632656930)#0' 3-max (real money) Seat #3 is the button
Seat 1: rafetout01 (178)
Seat 2: PeterparKKer (370)
Seat 3: _SKR (352)
*** ANTE/BLINDS ***
rafetout01 posts small blind 15
PeterparKKer posts big blind 30
Dealt to _SKR [Tc Kc]
*** PRE-FLOP *** 
_SKR raises 30 to 60
rafetout01 folds
PeterparKKer folds
_SKR collected 105 from pot
*** SUMMARY ***
Total pot 105 | No rake
Seat 3: _SKR (button) won 105


Winamax Poker - Tournament "Expresso Nitro" buyIn: 0.93€ + 0.07€ level: 2 - HandId: #2717240823937761281-6-1676213657 - Holdem no limit (15/30) - 2023/02/12 14:54:17 UTC
Table: 'Expresso Nitro(632656930)#0' 3-max (real money) Seat #1 is the button
Seat 1: rafetout01 (163)
Seat 2: PeterparKKer (340)
Seat 3: _SKR (397)
*** ANTE/BLINDS ***
PeterparKKer posts small blind 15
_SKR posts big blind 30
Dealt to _SKR [2d 7d]
*** PRE-FLOP *** 
rafetout01 folds
PeterparKKer folds
_SKR collected 45 from pot
*** SUMMARY ***
Total pot 45 | No rake
Seat 3: _SKR (big blind) won 45


Winamax Poker - Tournament "Expresso Nitro" buyIn: 0.93€ + 0.07€ level: 3 - HandId: #2717240823937761281-7-1676213669 - Holdem no limit (20/40) - 2023/02/12 14:54:29 UTC
Table: 'Expresso Nitro(632656930)#0' 3-max (real money) Seat #2 is the button
Seat 1: rafetout01 (163)
Seat 2: PeterparKKer (325)
Seat 3: _SKR (412)
*** ANTE/BLINDS ***
_SKR posts small blind 20
rafetout01 posts big blind 40
Dealt to _SKR [7s 5s]
*** PRE-FLOP *** 
PeterparKKer raises 80 to 120
_SKR folds
rafetout01 raises 43 to 163 and is all-in
PeterparKKer calls 43
*** FLOP *** [8d 8h 2h]
*** TURN *** [8d 8h 2h][3h]
*** RIVER *** [8d 8h 2h 3h][Ad]
*** SHOW DOWN ***
rafetout01 shows [4c 9s] (One pair : 8)
PeterparKKer shows [7c Ah] (Two pairs : Aces and 8)
PeterparKKer collected 346 from pot
*** SUMMARY ***
Total pot 346 | No rake
Board: [8d 8h 2h 3h Ad]
Seat 1: rafetout01 (big blind) showed [4c 9s] and lost with One pair : 8
Seat 2: PeterparKKer (button) showed [7c Ah] and won 346 with Two pairs : Aces and 8


Winamax Poker - Tournament "Expresso Nitro" buyIn: 0.93€ + 0.07€ level: 3 - HandId: #2717240823937761281-8-1676213690 - Holdem no limit (20/40) - 2023/02/12 14:54:50 UTC
Table: 'Expresso Nitro(632656930)#0' 3-max (real money) Seat #2 is the button
Seat 2: PeterparKKer (508)
Seat 3: _SKR (392)
*** ANTE/BLINDS ***
PeterparKKer posts small blind 20
_SKR posts big blind 40
Dealt to _SKR [4s Ac]
*** PRE-FLOP *** 
PeterparKKer folds
_SKR collected 60 from pot
*** SUMMARY ***
Total pot 60 | No rake
Seat 3: _SKR (big blind) won 60


Winamax Poker - Tournament "Expresso Nitro" buyIn: 0.93€ + 0.07€ level: 3 - HandId: #2717240823937761281-9-1676213697 - Holdem no limit (20/40) - 2023/02/12 14:54:57 UTC
Table: 'Expresso Nitro(632656930)#0' 3-max (real money) Seat #3 is the button
Seat 2: PeterparKKer (488)
Seat 3: _SKR (412)
*** ANTE/BLINDS ***
_SKR posts small blind 20
PeterparKKer posts big blind 40
Dealt to _SKR [9h Qs]
*** PRE-FLOP *** 
_SKR raises 372 to 412 and is all-in
PeterparKKer folds
_SKR collected 452 from pot
*** SUMMARY ***
Total pot 452 | No rake
Seat 3: _SKR (small blind) (button) won 452


Winamax Poker - Tournament "Expresso Nitro" buyIn: 0.93€ + 0.07€ level: 3 - HandId: #2717240823937761281-10-1676213705 - Holdem no limit (20/40) - 2023/02/12 14:55:05 UTC
Table: 'Expresso Nitro(632656930)#0' 3-max (real money) Seat #2 is the button
Seat 2: PeterparKKer (448)
Seat 3: _SKR (452)
*** ANTE/BLINDS ***
PeterparKKer posts small blind 20
_SKR posts big blind 40
Dealt to _SKR [9c 7h]
*** PRE-FLOP *** 
PeterparKKer calls 20
_SKR checks
*** FLOP *** [Js 3s 8s]
_SKR checks
PeterparKKer bets 52
_SKR folds
PeterparKKer collected 132 from pot
*** SUMMARY ***
Total pot 132 | No rake
Board: [Js 3s 8s]
Seat 2: PeterparKKer (small blind) (button) won 132


Winamax Poker - Tournament "Expresso Nitro" buyIn: 0.93€ + 0.07€ level: 4 - HandId: #2717240823937761281-11-1676213732 - Holdem no limit (30/60) - 2023/02/12 14:55:32 UTC
Table: 'Expresso Nitro(632656930)#0' 3-max (real money) Seat #3 is the button
Seat 2: PeterparKKer (488)
Seat 3: _SKR (412)
*** ANTE/BLINDS ***
_SKR posts small blind 30
PeterparKKer posts big blind 60
Dealt to _SKR [2d 4c]
*** PRE-FLOP *** 
_SKR folds
PeterparKKer collected 90 from pot
*** SUMMARY ***
Total pot 90 | No rake
Seat 2: PeterparKKer (big blind) won 90


Winamax Poker - Tournament "Expresso Nitro" buyIn: 0.93€ + 0.07€ level: 4 - HandId: #2717240823937761281-12-1676213739 - Holdem no limit (30/60) - 2023/02/12 14:55:39 UTC
Table: 'Expresso Nitro(632656930)#0' 3-max (real money) Seat #2 is the button
Seat 2: PeterparKKer (518)
Seat 3: _SKR (382)
*** ANTE/BLINDS ***
PeterparKKer posts small blind 30
_SKR posts big blind 60
Dealt to _SKR [Ac 5c]
*** PRE-FLOP *** 
PeterparKKer raises 120 to 180
_SKR raises 202 to 382 and is all-in
PeterparKKer calls 202
*** FLOP *** [3d Ks 5s]
*** TURN *** [3d Ks 5s][Ts]
*** RIVER *** [3d Ks 5s Ts][6h]
*** SHOW DOWN ***
_SKR shows [Ac 5c] (One pair : 5)
PeterparKKer shows [Kc 9s] (One pair : Kings)
PeterparKKer collected 764 from pot
*** SUMMARY ***
Total pot 764 | No rake
Board: [3d Ks 5s Ts 6h]
Seat 2: PeterparKKer (small blind) (button) showed [Kc 9s] and won 764 with One pair : Kings
Seat 3: _SKR (big blind) showed [Ac 5c] and lost with One pair : 5


