Winamax Poker - Tournament "Expresso Nitro" buyIn: 0.93€ + 0.07€ level: 1 - HandId: #2718694631712751617-1-1676295851 - Holdem no limit (10/20) - 2023/02/13 13:44:11 UTC
Table: 'Expresso Nitro(632995421)#0' 3-max (real money) Seat #2 is the button
Seat 1: _SKR (300)
Seat 2: -Delete- (300)
Seat 3: angersline (300)
*** ANTE/BLINDS ***
angersline posts small blind 10
_SKR posts big blind 20
Dealt to _SKR [9s 7d]
*** PRE-FLOP *** 
-Delete- folds
angersline calls 10
_SKR checks
*** FLOP *** [2s 5s 3h]
angersline checks
_SKR checks
*** TURN *** [2s 5s 3h][3s]
angersline checks
_SKR checks
*** RIVER *** [2s 5s 3h 3s][Ad]
angersline checks
_SKR checks
*** SHOW DOWN ***
angersline shows [7c 8h] (One pair : 3)
_SKR shows [9s 7d] (One pair : 3)
_SKR collected 40 from pot
*** SUMMARY ***
Total pot 40 | No rake
Board: [2s 5s 3h 3s Ad]
Seat 1: _SKR (big blind) showed [9s 7d] and won 40 with One pair : 3
Seat 3: angersline (small blind) showed [7c 8h] and lost with One pair : 3


Winamax Poker - Tournament "Expresso Nitro" buyIn: 0.93€ + 0.07€ level: 1 - HandId: #2718694631712751617-2-1676295876 - Holdem no limit (10/20) - 2023/02/13 13:44:36 UTC
Table: 'Expresso Nitro(632995421)#0' 3-max (real money) Seat #3 is the button
Seat 1: _SKR (320)
Seat 2: -Delete- (300)
Seat 3: angersline (280)
*** ANTE/BLINDS ***
_SKR posts small blind 10
-Delete- posts big blind 20
Dealt to _SKR [Ad Ks]
*** PRE-FLOP *** 
angersline calls 20
_SKR raises 50 to 70
-Delete- folds
angersline calls 50
*** FLOP *** [Jd 8s Td]
_SKR checks
angersline bets 210 and is all-in
_SKR folds
angersline collected 370 from pot
*** SUMMARY ***
Total pot 370 | No rake
Board: [Jd 8s Td]
Seat 3: angersline (button) won 370


Winamax Poker - Tournament "Expresso Nitro" buyIn: 0.93€ + 0.07€ level: 1 - HandId: #2718694631712751617-3-1676295895 - Holdem no limit (10/20) - 2023/02/13 13:44:55 UTC
Table: 'Expresso Nitro(632995421)#0' 3-max (real money) Seat #1 is the button
Seat 1: _SKR (250)
Seat 2: -Delete- (280)
Seat 3: angersline (370)
*** ANTE/BLINDS ***
-Delete- posts small blind 10
angersline posts big blind 20
Dealt to _SKR [6c 4c]
*** PRE-FLOP *** 
_SKR folds
-Delete- folds
angersline collected 30 from pot
*** SUMMARY ***
Total pot 30 | No rake
Seat 3: angersline (big blind) won 30


Winamax Poker - Tournament "Expresso Nitro" buyIn: 0.93€ + 0.07€ level: 1 - HandId: #2718694631712751617-4-1676295901 - Holdem no limit (10/20) - 2023/02/13 13:45:01 UTC
Table: 'Expresso Nitro(632995421)#0' 3-max (real money) Seat #2 is the button
Seat 1: _SKR (250)
Seat 2: -Delete- (270)
Seat 3: angersline (380)
*** ANTE/BLINDS ***
angersline posts small blind 10
_SKR posts big blind 20
Dealt to _SKR [Kc Qc]
*** PRE-FLOP *** 
-Delete- folds
angersline calls 10
_SKR raises 230 to 250 and is all-in
angersline folds
_SKR collected 270 from pot
*** SUMMARY ***
Total pot 270 | No rake
Seat 1: _SKR (big blind) won 270


Winamax Poker - Tournament "Expresso Nitro" buyIn: 0.93€ + 0.07€ level: 2 - HandId: #2718694631712751617-5-1676295910 - Holdem no limit (15/30) - 2023/02/13 13:45:10 UTC
Table: 'Expresso Nitro(632995421)#0' 3-max (real money) Seat #3 is the button
Seat 1: _SKR (270)
Seat 2: -Delete- (270)
Seat 3: angersline (360)
*** ANTE/BLINDS ***
_SKR posts small blind 15
-Delete- posts big blind 30
Dealt to _SKR [5c 2d]
*** PRE-FLOP *** 
angersline calls 30
_SKR folds
-Delete- checks
*** FLOP *** [3c 8d Qh]
-Delete- checks
angersline bets 75
-Delete- folds
angersline collected 150 from pot
*** SUMMARY ***
Total pot 150 | No rake
Board: [3c 8d Qh]
Seat 3: angersline (button) won 150


Winamax Poker - Tournament "Expresso Nitro" buyIn: 0.93€ + 0.07€ level: 2 - HandId: #2718694631712751617-6-1676295936 - Holdem no limit (15/30) - 2023/02/13 13:45:36 UTC
Table: 'Expresso Nitro(632995421)#0' 3-max (real money) Seat #1 is the button
Seat 1: _SKR (255)
Seat 2: -Delete- (240)
Seat 3: angersline (405)
*** ANTE/BLINDS ***
-Delete- posts small blind 15
angersline posts big blind 30
Dealt to _SKR [4h Kc]
*** PRE-FLOP *** 
_SKR folds
-Delete- raises 210 to 240 and is all-in
angersline calls 210
*** FLOP *** [9d 9c Kd]
*** TURN *** [9d 9c Kd][4s]
*** RIVER *** [9d 9c Kd 4s][4d]
*** SHOW DOWN ***
angersline shows [Ah Th] (Two pairs : 9 and 4)
-Delete- shows [2d Qd] (Flush King high)
-Delete- collected 480 from pot
*** SUMMARY ***
Total pot 480 | No rake
Board: [9d 9c Kd 4s 4d]
Seat 2: -Delete- (small blind) showed [2d Qd] and won 480 with Flush King high
Seat 3: angersline (big blind) showed [Ah Th] and lost with Two pairs : 9 and 4


Winamax Poker - Tournament "Expresso Nitro" buyIn: 0.93€ + 0.07€ level: 2 - HandId: #2718694631712751617-7-1676295950 - Holdem no limit (15/30) - 2023/02/13 13:45:50 UTC
Table: 'Expresso Nitro(632995421)#0' 3-max (real money) Seat #2 is the button
Seat 1: _SKR (255)
Seat 2: -Delete- (480)
Seat 3: angersline (165)
*** ANTE/BLINDS ***
angersline posts small blind 15
_SKR posts big blind 30
Dealt to _SKR [8h Qs]
*** PRE-FLOP *** 
-Delete- folds
angersline raises 135 to 165 and is all-in
_SKR calls 135
*** FLOP *** [Jc Kd Js]
*** TURN *** [Jc Kd Js][4c]
*** RIVER *** [Jc Kd Js 4c][2d]
*** SHOW DOWN ***
_SKR shows [8h Qs] (One pair : Jacks)
angersline shows [4h Ac] (Two pairs : Jacks and 4)
angersline collected 330 from pot
*** SUMMARY ***
Total pot 330 | No rake
Board: [Jc Kd Js 4c 2d]
Seat 1: _SKR (big blind) showed [8h Qs] and lost with One pair : Jacks
Seat 3: angersline (small blind) showed [4h Ac] and won 330 with Two pairs : Jacks and 4


Winamax Poker - Tournament "Expresso Nitro" buyIn: 0.93€ + 0.07€ level: 3 - HandId: #2718694631712751617-8-1676295968 - Holdem no limit (20/40) - 2023/02/13 13:46:08 UTC
Table: 'Expresso Nitro(632995421)#0' 3-max (real money) Seat #3 is the button
Seat 1: _SKR (90)
Seat 2: -Delete- (480)
Seat 3: angersline (330)
*** ANTE/BLINDS ***
_SKR posts small blind 20
-Delete- posts big blind 40
Dealt to _SKR [4h 6c]
*** PRE-FLOP *** 
angersline calls 40
_SKR raises 50 to 90 and is all-in
-Delete- raises 390 to 480 and is all-in
angersline calls 290 and is all-in
*** FLOP *** [Kd 3d 6s]
*** TURN *** [Kd 3d 6s][6h]
*** RIVER *** [Kd 3d 6s 6h][4d]
*** SHOW DOWN ***
_SKR shows [4h 6c] (Full of 6 and 4)
-Delete- shows [Qd Kh] (Two pairs : Kings and 6)
angersline shows [7d Ad] (Flush Ace high)
angersline collected 480 from side pot 1
-Delete- collected 150 from side pot 2
_SKR collected 270 from main pot
*** SUMMARY ***
Total pot 900 | No rake
Board: [Kd 3d 6s 6h 4d]
Seat 1: _SKR (small blind) showed [4h 6c] and won 270 with Full of 6 and 4
Seat 2: -Delete- (big blind) showed [Qd Kh] and won 150 with Two pairs : Kings and 6
Seat 3: angersline (button) showed [7d Ad] and won 480 with Flush Ace high


Winamax Poker - Tournament "Expresso Nitro" buyIn: 0.93€ + 0.07€ level: 3 - HandId: #2718694631712751617-9-1676296004 - Holdem no limit (20/40) - 2023/02/13 13:46:44 UTC
Table: 'Expresso Nitro(632995421)#0' 3-max (real money) Seat #1 is the button
Seat 1: _SKR (270)
Seat 2: -Delete- (150)
Seat 3: angersline (480)
*** ANTE/BLINDS ***
-Delete- posts small blind 20
angersline posts big blind 40
Dealt to _SKR [Jh Th]
*** PRE-FLOP *** 
_SKR raises 230 to 270 and is all-in
-Delete- folds
angersline calls 230
*** FLOP *** [7c Ah Qs]
*** TURN *** [7c Ah Qs][6d]
*** RIVER *** [7c Ah Qs 6d][4c]
*** SHOW DOWN ***
_SKR shows [Jh Th] (High card : Ace)
angersline shows [Jc Qh] (One pair : Queens)
angersline collected 560 from pot
*** SUMMARY ***
Total pot 560 | No rake
Board: [7c Ah Qs 6d 4c]
Seat 1: _SKR (button) showed [Jh Th] and lost with High card : Ace
Seat 3: angersline (big blind) showed [Jc Qh] and won 560 with One pair : Queens


