Winamax Poker - Tournament "Expresso Nitro" buyIn: 1.86€ + 0.14€ level: 1 - HandId: #2697286977111195649-1-1675116384 - Holdem no limit (10/20) - 2023/01/30 22:06:24 UTC
Table: 'Expresso Nitro(628011063)#0' 3-max (real money) Seat #3 is the button
Seat 1: _SKR (300)
Seat 2: yacmaradona (300)
Seat 3: Lenaaab (300)
*** ANTE/BLINDS ***
_SKR posts small blind 10
yacmaradona posts big blind 20
Dealt to _SKR [8h 5d]
*** PRE-FLOP *** 
Lenaaab folds
_SKR folds
yacmaradona collected 30 from pot
*** SUMMARY ***
Total pot 30 | No rake
Seat 2: yacmaradona (big blind) won 30


Winamax Poker - Tournament "Expresso Nitro" buyIn: 1.86€ + 0.14€ level: 1 - HandId: #2697286977111195649-2-1675116397 - Holdem no limit (10/20) - 2023/01/30 22:06:37 UTC
Table: 'Expresso Nitro(628011063)#0' 3-max (real money) Seat #1 is the button
Seat 1: _SKR (290)
Seat 2: yacmaradona (310)
Seat 3: Lenaaab (300)
*** ANTE/BLINDS ***
yacmaradona posts small blind 10
Lenaaab posts big blind 20
Dealt to _SKR [4c 9d]
*** PRE-FLOP *** 
_SKR folds
yacmaradona calls 10
Lenaaab checks
*** FLOP *** [8s 7d 2h]
yacmaradona bets 40
Lenaaab calls 40
*** TURN *** [8s 7d 2h][2s]
yacmaradona bets 42
Lenaaab calls 42
*** RIVER *** [8s 7d 2h 2s][4s]
yacmaradona bets 208 and is all-in
Lenaaab calls 198 and is all-in
*** SHOW DOWN ***
yacmaradona shows [Kc Jc] (One pair : 2)
Lenaaab shows [5h 7c] (Two pairs : 7 and 2)
Lenaaab collected 600 from main pot
yacmaradona collected 10 from side pot 1
*** SUMMARY ***
Total pot 610 | No rake
Board: [8s 7d 2h 2s 4s]
Seat 2: yacmaradona (small blind) showed [Kc Jc] and won 10 with One pair : 2
Seat 3: Lenaaab (big blind) showed [5h 7c] and won 600 with Two pairs : 7 and 2


Winamax Poker - Tournament "Expresso Nitro" buyIn: 1.86€ + 0.14€ level: 2 - HandId: #2697286977111195649-3-1675116469 - Holdem no limit (15/30) - 2023/01/30 22:07:49 UTC
Table: 'Expresso Nitro(628011063)#0' 3-max (real money) Seat #2 is the button
Seat 1: _SKR (290)
Seat 2: yacmaradona (10)
Seat 3: Lenaaab (600)
*** ANTE/BLINDS ***
Lenaaab posts small blind 15
_SKR posts big blind 30
Dealt to _SKR [Tc 7c]
*** PRE-FLOP *** 
yacmaradona calls 10 and is all-in
Lenaaab folds
*** FLOP *** [Th 4s Qc]
*** TURN *** [Th 4s Qc][9h]
*** RIVER *** [Th 4s Qc 9h][6c]
*** SHOW DOWN ***
yacmaradona shows [8d Ad] (High card : Ace)
_SKR shows [Tc 7c] (One pair : Tens)
_SKR collected 55 from pot
*** SUMMARY ***
Total pot 55 | No rake
Board: [Th 4s Qc 9h 6c]
Seat 1: _SKR (big blind) showed [Tc 7c] and won 55 with One pair : Tens
Seat 2: yacmaradona (button) showed [8d Ad] and lost with High card : Ace


Winamax Poker - Tournament "Expresso Nitro" buyIn: 1.86€ + 0.14€ level: 2 - HandId: #2697286977111195649-4-1675116488 - Holdem no limit (15/30) - 2023/01/30 22:08:08 UTC
Table: 'Expresso Nitro(628011063)#0' 3-max (real money) Seat #1 is the button
Seat 1: _SKR (315)
Seat 3: Lenaaab (585)
*** ANTE/BLINDS ***
_SKR posts small blind 15
Lenaaab posts big blind 30
Dealt to _SKR [Qd Ac]
*** PRE-FLOP *** 
_SKR raises 285 to 315 and is all-in
Lenaaab folds
_SKR collected 345 from pot
*** SUMMARY ***
Total pot 345 | No rake
Seat 1: _SKR (small blind) (button) won 345


Winamax Poker - Tournament "Expresso Nitro" buyIn: 1.86€ + 0.14€ level: 2 - HandId: #2697286977111195649-5-1675116495 - Holdem no limit (15/30) - 2023/01/30 22:08:15 UTC
Table: 'Expresso Nitro(628011063)#0' 3-max (real money) Seat #3 is the button
Seat 1: _SKR (345)
Seat 3: Lenaaab (555)
*** ANTE/BLINDS ***
Lenaaab posts small blind 15
_SKR posts big blind 30
Dealt to _SKR [Ah 2s]
*** PRE-FLOP *** 
Lenaaab calls 15
_SKR raises 315 to 345 and is all-in
Lenaaab folds
_SKR collected 375 from pot
*** SUMMARY ***
Total pot 375 | No rake
Seat 1: _SKR (big blind) won 375


Winamax Poker - Tournament "Expresso Nitro" buyIn: 1.86€ + 0.14€ level: 3 - HandId: #2697286977111195649-6-1675116509 - Holdem no limit (20/40) - 2023/01/30 22:08:29 UTC
Table: 'Expresso Nitro(628011063)#0' 3-max (real money) Seat #1 is the button
Seat 1: _SKR (375)
Seat 3: Lenaaab (525)
*** ANTE/BLINDS ***
_SKR posts small blind 20
Lenaaab posts big blind 40
Dealt to _SKR [5h 6h]
*** PRE-FLOP *** 
_SKR folds
Lenaaab collected 60 from pot
*** SUMMARY ***
Total pot 60 | No rake
Seat 3: Lenaaab (big blind) won 60


Winamax Poker - Tournament "Expresso Nitro" buyIn: 1.86€ + 0.14€ level: 3 - HandId: #2697286977111195649-7-1675116516 - Holdem no limit (20/40) - 2023/01/30 22:08:36 UTC
Table: 'Expresso Nitro(628011063)#0' 3-max (real money) Seat #3 is the button
Seat 1: _SKR (355)
Seat 3: Lenaaab (545)
*** ANTE/BLINDS ***
Lenaaab posts small blind 20
_SKR posts big blind 40
Dealt to _SKR [Kh Ac]
*** PRE-FLOP *** 
Lenaaab folds
_SKR collected 60 from pot
*** SUMMARY ***
Total pot 60 | No rake
Seat 1: _SKR (big blind) won 60


Winamax Poker - Tournament "Expresso Nitro" buyIn: 1.86€ + 0.14€ level: 3 - HandId: #2697286977111195649-8-1675116525 - Holdem no limit (20/40) - 2023/01/30 22:08:45 UTC
Table: 'Expresso Nitro(628011063)#0' 3-max (real money) Seat #1 is the button
Seat 1: _SKR (375)
Seat 3: Lenaaab (525)
*** ANTE/BLINDS ***
_SKR posts small blind 20
Lenaaab posts big blind 40
Dealt to _SKR [Th 2h]
*** PRE-FLOP *** 
_SKR folds
Lenaaab collected 60 from pot
*** SUMMARY ***
Total pot 60 | No rake
Seat 3: Lenaaab (big blind) won 60


Winamax Poker - Tournament "Expresso Nitro" buyIn: 1.86€ + 0.14€ level: 3 - HandId: #2697286977111195649-9-1675116532 - Holdem no limit (20/40) - 2023/01/30 22:08:52 UTC
Table: 'Expresso Nitro(628011063)#0' 3-max (real money) Seat #3 is the button
Seat 1: _SKR (355)
Seat 3: Lenaaab (545)
*** ANTE/BLINDS ***
Lenaaab posts small blind 20
_SKR posts big blind 40
Dealt to _SKR [Ad 3h]
*** PRE-FLOP *** 
Lenaaab raises 505 to 545 and is all-in
_SKR calls 315 and is all-in
*** FLOP *** [7s 2h As]
*** TURN *** [7s 2h As][Qc]
*** RIVER *** [7s 2h As Qc][9d]
*** SHOW DOWN ***
_SKR shows [Ad 3h] (One pair : Aces)
Lenaaab shows [Kc 7c] (One pair : 7)
Lenaaab collected 190 from side pot 1
_SKR collected 710 from main pot
*** SUMMARY ***
Total pot 900 | No rake
Board: [7s 2h As Qc 9d]
Seat 1: _SKR (big blind) showed [Ad 3h] and won 710 with One pair : Aces
Seat 3: Lenaaab (small blind) (button) showed [Kc 7c] and won 190 with One pair : 7


Winamax Poker - Tournament "Expresso Nitro" buyIn: 1.86€ + 0.14€ level: 3 - HandId: #2697286977111195649-10-1675116548 - Holdem no limit (20/40) - 2023/01/30 22:09:08 UTC
Table: 'Expresso Nitro(628011063)#0' 3-max (real money) Seat #1 is the button
Seat 1: _SKR (710)
Seat 3: Lenaaab (190)
*** ANTE/BLINDS ***
_SKR posts small blind 20
Lenaaab posts big blind 40
Dealt to _SKR [Ts 3d]
*** PRE-FLOP *** 
_SKR folds
Lenaaab collected 60 from pot
*** SUMMARY ***
Total pot 60 | No rake
Seat 3: Lenaaab (big blind) won 60


Winamax Poker - Tournament "Expresso Nitro" buyIn: 1.86€ + 0.14€ level: 3 - HandId: #2697286977111195649-11-1675116555 - Holdem no limit (20/40) - 2023/01/30 22:09:15 UTC
Table: 'Expresso Nitro(628011063)#0' 3-max (real money) Seat #3 is the button
Seat 1: _SKR (690)
Seat 3: Lenaaab (210)
*** ANTE/BLINDS ***
Lenaaab posts small blind 20
_SKR posts big blind 40
Dealt to _SKR [2h Ah]
*** PRE-FLOP *** 
Lenaaab folds
_SKR collected 60 from pot
*** SUMMARY ***
Total pot 60 | No rake
Seat 1: _SKR (big blind) won 60


Winamax Poker - Tournament "Expresso Nitro" buyIn: 1.86€ + 0.14€ level: 4 - HandId: #2697286977111195649-12-1675116559 - Holdem no limit (30/60) - 2023/01/30 22:09:19 UTC
Table: 'Expresso Nitro(628011063)#0' 3-max (real money) Seat #1 is the button
Seat 1: _SKR (710)
Seat 3: Lenaaab (190)
*** ANTE/BLINDS ***
_SKR posts small blind 30
Lenaaab posts big blind 60
Dealt to _SKR [9s 8s]
*** PRE-FLOP *** 
_SKR raises 650 to 710 and is all-in
Lenaaab calls 130 and is all-in
*** FLOP *** [5h 7s 9h]
*** TURN *** [5h 7s 9h][7d]
*** RIVER *** [5h 7s 9h 7d][2d]
*** SHOW DOWN ***
Lenaaab shows [Ad 8d] (One pair : 7)
_SKR shows [9s 8s] (Two pairs : 9 and 7)
_SKR collected 900 from pot
*** SUMMARY ***
Total pot 900 | No rake
Board: [5h 7s 9h 7d 2d]
Seat 1: _SKR (small blind) (button) showed [9s 8s] and won 900 with Two pairs : 9 and 7
Seat 3: Lenaaab (big blind) showed [Ad 8d] and lost with One pair : 7


