Winamax Poker - Tournament "Expresso Nitro" buyIn: 0.93€ + 0.07€ level: 1 - HandId: #2690516296176500737-1-1674684427 - Holdem no limit (10/20) - 2023/01/25 22:07:07 UTC
Table: 'Expresso Nitro(626434641)#0' 3-max (real money) Seat #2 is the button
Seat 1: Laagn.merw (300)
Seat 2: Trickynstein (300)
Seat 3: _SKR (300)
*** ANTE/BLINDS ***
_SKR posts small blind 10
Laagn.merw posts big blind 20
Dealt to _SKR [4d Kh]
*** PRE-FLOP *** 
Trickynstein folds
_SKR folds
Laagn.merw collected 30 from pot
*** SUMMARY ***
Total pot 30 | No rake
Seat 1: Laagn.merw (big blind) won 30


Winamax Poker - Tournament "Expresso Nitro" buyIn: 0.93€ + 0.07€ level: 1 - HandId: #2690516296176500737-2-1674684433 - Holdem no limit (10/20) - 2023/01/25 22:07:13 UTC
Table: 'Expresso Nitro(626434641)#0' 3-max (real money) Seat #3 is the button
Seat 1: Laagn.merw (310)
Seat 2: Trickynstein (300)
Seat 3: _SKR (290)
*** ANTE/BLINDS ***
Laagn.merw posts small blind 10
Trickynstein posts big blind 20
Dealt to _SKR [2c 7d]
*** PRE-FLOP *** 
_SKR folds
Laagn.merw calls 10
Trickynstein checks
*** FLOP *** [Ad Ks 8c]
Laagn.merw checks
Trickynstein checks
*** TURN *** [Ad Ks 8c][6d]
Laagn.merw bets 20
Trickynstein calls 20
*** RIVER *** [Ad Ks 8c 6d][4d]
Laagn.merw bets 80
Trickynstein folds
Laagn.merw collected 160 from pot
*** SUMMARY ***
Total pot 160 | No rake
Board: [Ad Ks 8c 6d 4d]
Seat 1: Laagn.merw (small blind) won 160


Winamax Poker - Tournament "Expresso Nitro" buyIn: 0.93€ + 0.07€ level: 1 - HandId: #2690516296176500737-3-1674684458 - Holdem no limit (10/20) - 2023/01/25 22:07:38 UTC
Table: 'Expresso Nitro(626434641)#0' 3-max (real money) Seat #1 is the button
Seat 1: Laagn.merw (350)
Seat 2: Trickynstein (260)
Seat 3: _SKR (290)
*** ANTE/BLINDS ***
Trickynstein posts small blind 10
_SKR posts big blind 20
Dealt to _SKR [8c Qh]
*** PRE-FLOP *** 
Laagn.merw raises 330 to 350 and is all-in
Trickynstein folds
_SKR folds
Laagn.merw collected 380 from pot
*** SUMMARY ***
Total pot 380 | No rake
Seat 1: Laagn.merw (button) won 380


Winamax Poker - Tournament "Expresso Nitro" buyIn: 0.93€ + 0.07€ level: 1 - HandId: #2690516296176500737-4-1674684471 - Holdem no limit (10/20) - 2023/01/25 22:07:51 UTC
Table: 'Expresso Nitro(626434641)#0' 3-max (real money) Seat #2 is the button
Seat 1: Laagn.merw (380)
Seat 2: Trickynstein (250)
Seat 3: _SKR (270)
*** ANTE/BLINDS ***
_SKR posts small blind 10
Laagn.merw posts big blind 20
Dealt to _SKR [8d 5d]
*** PRE-FLOP *** 
Trickynstein folds
_SKR folds
Laagn.merw collected 30 from pot
*** SUMMARY ***
Total pot 30 | No rake
Seat 1: Laagn.merw (big blind) won 30


Winamax Poker - Tournament "Expresso Nitro" buyIn: 0.93€ + 0.07€ level: 1 - HandId: #2690516296176500737-5-1674684481 - Holdem no limit (10/20) - 2023/01/25 22:08:01 UTC
Table: 'Expresso Nitro(626434641)#0' 3-max (real money) Seat #3 is the button
Seat 1: Laagn.merw (390)
Seat 2: Trickynstein (250)
Seat 3: _SKR (260)
*** ANTE/BLINDS ***
Laagn.merw posts small blind 10
Trickynstein posts big blind 20
Dealt to _SKR [4c 2c]
*** PRE-FLOP *** 
_SKR folds
Laagn.merw raises 370 to 390 and is all-in
Trickynstein calls 230 and is all-in
*** FLOP *** [2d Jd Qc]
*** TURN *** [2d Jd Qc][6c]
*** RIVER *** [2d Jd Qc 6c][5h]
*** SHOW DOWN ***
Laagn.merw shows [Ac 6h] (One pair : 6)
Trickynstein shows [7d 7c] (One pair : 7)
Trickynstein collected 500 from main pot
Laagn.merw collected 140 from side pot 1
*** SUMMARY ***
Total pot 640 | No rake
Board: [2d Jd Qc 6c 5h]
Seat 1: Laagn.merw (small blind) showed [Ac 6h] and won 140 with One pair : 6
Seat 2: Trickynstein (big blind) showed [7d 7c] and won 500 with One pair : 7


Winamax Poker - Tournament "Expresso Nitro" buyIn: 0.93€ + 0.07€ level: 2 - HandId: #2690516296176500737-6-1674684498 - Holdem no limit (15/30) - 2023/01/25 22:08:18 UTC
Table: 'Expresso Nitro(626434641)#0' 3-max (real money) Seat #1 is the button
Seat 1: Laagn.merw (140)
Seat 2: Trickynstein (500)
Seat 3: _SKR (260)
*** ANTE/BLINDS ***
Trickynstein posts small blind 15
_SKR posts big blind 30
Dealt to _SKR [3c Js]
*** PRE-FLOP *** 
Laagn.merw raises 110 to 140 and is all-in
Trickynstein calls 125
_SKR folds
*** FLOP *** [7h Ad Qc]
*** TURN *** [7h Ad Qc][4h]
*** RIVER *** [7h Ad Qc 4h][8s]
*** SHOW DOWN ***
Trickynstein shows [4s Kc] (One pair : 4)
Laagn.merw shows [6c 7c] (One pair : 7)
Laagn.merw collected 310 from pot
*** SUMMARY ***
Total pot 310 | No rake
Board: [7h Ad Qc 4h 8s]
Seat 1: Laagn.merw (button) showed [6c 7c] and won 310 with One pair : 7
Seat 2: Trickynstein (small blind) showed [4s Kc] and lost with One pair : 4


Winamax Poker - Tournament "Expresso Nitro" buyIn: 0.93€ + 0.07€ level: 2 - HandId: #2690516296176500737-7-1674684512 - Holdem no limit (15/30) - 2023/01/25 22:08:32 UTC
Table: 'Expresso Nitro(626434641)#0' 3-max (real money) Seat #2 is the button
Seat 1: Laagn.merw (310)
Seat 2: Trickynstein (360)
Seat 3: _SKR (230)
*** ANTE/BLINDS ***
_SKR posts small blind 15
Laagn.merw posts big blind 30
Dealt to _SKR [Js As]
*** PRE-FLOP *** 
Trickynstein raises 330 to 360 and is all-in
_SKR calls 215 and is all-in
Laagn.merw calls 280 and is all-in
*** FLOP *** [6c 7h 9d]
*** TURN *** [6c 7h 9d][Ts]
*** RIVER *** [6c 7h 9d Ts][Ah]
*** SHOW DOWN ***
Laagn.merw shows [2s Ad] (One pair : Aces)
Trickynstein shows [6s Ks] (One pair : 6)
_SKR shows [Js As] (One pair : Aces)
_SKR collected 690 from main pot
Trickynstein collected 50 from side pot 2
Laagn.merw collected 160 from side pot 1
*** SUMMARY ***
Total pot 900 | No rake
Board: [6c 7h 9d Ts Ah]
Seat 1: Laagn.merw (big blind) showed [2s Ad] and won 160 with One pair : Aces
Seat 2: Trickynstein (button) showed [6s Ks] and won 50 with One pair : 6
Seat 3: _SKR (small blind) showed [Js As] and won 690 with One pair : Aces


Winamax Poker - Tournament "Expresso Nitro" buyIn: 0.93€ + 0.07€ level: 2 - HandId: #2690516296176500737-8-1674684527 - Holdem no limit (15/30) - 2023/01/25 22:08:47 UTC
Table: 'Expresso Nitro(626434641)#0' 3-max (real money) Seat #3 is the button
Seat 1: Laagn.merw (160)
Seat 2: Trickynstein (50)
Seat 3: _SKR (690)
*** ANTE/BLINDS ***
Laagn.merw posts small blind 15
Trickynstein posts big blind 30
Dealt to _SKR [8c 2c]
*** PRE-FLOP *** 
_SKR folds
Laagn.merw raises 30 to 60
Trickynstein calls 20 and is all-in
*** FLOP *** [5s Ac Kc]
*** TURN *** [5s Ac Kc][3d]
*** RIVER *** [5s Ac Kc 3d][4d]
*** SHOW DOWN ***
Laagn.merw shows [Th 5d] (One pair : 5)
Trickynstein shows [7h As] (One pair : Aces)
Trickynstein collected 100 from main pot
Laagn.merw collected 10 from side pot 1
*** SUMMARY ***
Total pot 110 | No rake
Board: [5s Ac Kc 3d 4d]
Seat 1: Laagn.merw (small blind) showed [Th 5d] and won 10 with One pair : 5
Seat 2: Trickynstein (big blind) showed [7h As] and won 100 with One pair : Aces


Winamax Poker - Tournament "Expresso Nitro" buyIn: 0.93€ + 0.07€ level: 3 - HandId: #2690516296176500737-9-1674684545 - Holdem no limit (20/40) - 2023/01/25 22:09:05 UTC
Table: 'Expresso Nitro(626434641)#0' 3-max (real money) Seat #1 is the button
Seat 1: Laagn.merw (110)
Seat 2: Trickynstein (100)
Seat 3: _SKR (690)
*** ANTE/BLINDS ***
Trickynstein posts small blind 20
_SKR posts big blind 40
Dealt to _SKR [Ah 9s]
*** PRE-FLOP *** 
Laagn.merw folds
Trickynstein raises 60 to 100 and is all-in
_SKR calls 60
*** FLOP *** [Jc Jd Kc]
*** TURN *** [Jc Jd Kc][8d]
*** RIVER *** [Jc Jd Kc 8d][9c]
*** SHOW DOWN ***
Trickynstein shows [4h 6c] (One pair : Jacks)
_SKR shows [Ah 9s] (Two pairs : Jacks and 9)
_SKR collected 200 from pot
*** SUMMARY ***
Total pot 200 | No rake
Board: [Jc Jd Kc 8d 9c]
Seat 2: Trickynstein (small blind) showed [4h 6c] and lost with One pair : Jacks
Seat 3: _SKR (big blind) showed [Ah 9s] and won 200 with Two pairs : Jacks and 9


Winamax Poker - Tournament "Expresso Nitro" buyIn: 0.93€ + 0.07€ level: 3 - HandId: #2690516296176500737-10-1674684563 - Holdem no limit (20/40) - 2023/01/25 22:09:23 UTC
Table: 'Expresso Nitro(626434641)#0' 3-max (real money) Seat #3 is the button
Seat 1: Laagn.merw (110)
Seat 3: _SKR (790)
*** ANTE/BLINDS ***
_SKR posts small blind 20
Laagn.merw posts big blind 40
Dealt to _SKR [2c 9s]
*** PRE-FLOP *** 
_SKR folds
Laagn.merw collected 60 from pot
*** SUMMARY ***
Total pot 60 | No rake
Seat 1: Laagn.merw (big blind) won 60


Winamax Poker - Tournament "Expresso Nitro" buyIn: 0.93€ + 0.07€ level: 3 - HandId: #2690516296176500737-11-1674684573 - Holdem no limit (20/40) - 2023/01/25 22:09:33 UTC
Table: 'Expresso Nitro(626434641)#0' 3-max (real money) Seat #1 is the button
Seat 1: Laagn.merw (130)
Seat 3: _SKR (770)
*** ANTE/BLINDS ***
Laagn.merw posts small blind 20
_SKR posts big blind 40
Dealt to _SKR [Qh 4c]
*** PRE-FLOP *** 
Laagn.merw raises 90 to 130 and is all-in
_SKR calls 90
*** FLOP *** [Ac Ks Ts]
*** TURN *** [Ac Ks Ts][Tc]
*** RIVER *** [Ac Ks Ts Tc][Qc]
*** SHOW DOWN ***
_SKR shows [Qh 4c] (Two pairs : Queens and Tens)
Laagn.merw shows [Ah 5c] (Two pairs : Aces and Tens)
Laagn.merw collected 260 from pot
*** SUMMARY ***
Total pot 260 | No rake
Board: [Ac Ks Ts Tc Qc]
Seat 1: Laagn.merw (small blind) (button) showed [Ah 5c] and won 260 with Two pairs : Aces and Tens
Seat 3: _SKR (big blind) showed [Qh 4c] and lost with Two pairs : Queens and Tens


Winamax Poker - Tournament "Expresso Nitro" buyIn: 0.93€ + 0.07€ level: 3 - HandId: #2690516296176500737-12-1674684587 - Holdem no limit (20/40) - 2023/01/25 22:09:47 UTC
Table: 'Expresso Nitro(626434641)#0' 3-max (real money) Seat #3 is the button
Seat 1: Laagn.merw (260)
Seat 3: _SKR (640)
*** ANTE/BLINDS ***
_SKR posts small blind 20
Laagn.merw posts big blind 40
Dealt to _SKR [8d Jh]
*** PRE-FLOP *** 
_SKR raises 600 to 640 and is all-in
Laagn.merw folds
_SKR collected 680 from pot
*** SUMMARY ***
Total pot 680 | No rake
Seat 3: _SKR (small blind) (button) won 680


Winamax Poker - Tournament "Expresso Nitro" buyIn: 0.93€ + 0.07€ level: 3 - HandId: #2690516296176500737-13-1674684600 - Holdem no limit (20/40) - 2023/01/25 22:10:00 UTC
Table: 'Expresso Nitro(626434641)#0' 3-max (real money) Seat #1 is the button
Seat 1: Laagn.merw (220)
Seat 3: _SKR (680)
*** ANTE/BLINDS ***
Laagn.merw posts small blind 20
_SKR posts big blind 40
Dealt to _SKR [8s 4h]
*** PRE-FLOP *** 
Laagn.merw folds
_SKR collected 60 from pot
*** SUMMARY ***
Total pot 60 | No rake
Seat 3: _SKR (big blind) won 60


Winamax Poker - Tournament "Expresso Nitro" buyIn: 0.93€ + 0.07€ level: 4 - HandId: #2690516296176500737-14-1674684604 - Holdem no limit (30/60) - 2023/01/25 22:10:04 UTC
Table: 'Expresso Nitro(626434641)#0' 3-max (real money) Seat #3 is the button
Seat 1: Laagn.merw (200)
Seat 3: _SKR (700)
*** ANTE/BLINDS ***
_SKR posts small blind 30
Laagn.merw posts big blind 60
Dealt to _SKR [8d Js]
*** PRE-FLOP *** 
_SKR raises 640 to 700 and is all-in
Laagn.merw calls 140 and is all-in
*** FLOP *** [2h Td 5d]
*** TURN *** [2h Td 5d][9h]
*** RIVER *** [2h Td 5d 9h][Tc]
*** SHOW DOWN ***
Laagn.merw shows [Qd 4c] (One pair : Tens)
_SKR shows [8d Js] (One pair : Tens)
_SKR collected 500 from side pot 1
Laagn.merw collected 400 from main pot
*** SUMMARY ***
Total pot 900 | No rake
Board: [2h Td 5d 9h Tc]
Seat 1: Laagn.merw (big blind) showed [Qd 4c] and won 400 with One pair : Tens
Seat 3: _SKR (small blind) (button) showed [8d Js] and won 500 with One pair : Tens


Winamax Poker - Tournament "Expresso Nitro" buyIn: 0.93€ + 0.07€ level: 4 - HandId: #2690516296176500737-15-1674684620 - Holdem no limit (30/60) - 2023/01/25 22:10:20 UTC
Table: 'Expresso Nitro(626434641)#0' 3-max (real money) Seat #1 is the button
Seat 1: Laagn.merw (400)
Seat 3: _SKR (500)
*** ANTE/BLINDS ***
Laagn.merw posts small blind 30
_SKR posts big blind 60
Dealt to _SKR [Kh 2c]
*** PRE-FLOP *** 
Laagn.merw raises 340 to 400 and is all-in
_SKR folds
Laagn.merw collected 460 from pot
*** SUMMARY ***
Total pot 460 | No rake
Seat 1: Laagn.merw (small blind) (button) won 460


Winamax Poker - Tournament "Expresso Nitro" buyIn: 0.93€ + 0.07€ level: 4 - HandId: #2690516296176500737-16-1674684626 - Holdem no limit (30/60) - 2023/01/25 22:10:26 UTC
Table: 'Expresso Nitro(626434641)#0' 3-max (real money) Seat #3 is the button
Seat 1: Laagn.merw (460)
Seat 3: _SKR (440)
*** ANTE/BLINDS ***
_SKR posts small blind 30
Laagn.merw posts big blind 60
Dealt to _SKR [Kc 2d]
*** PRE-FLOP *** 
_SKR raises 380 to 440 and is all-in
Laagn.merw folds
_SKR collected 500 from pot
*** SUMMARY ***
Total pot 500 | No rake
Seat 3: _SKR (small blind) (button) won 500


Winamax Poker - Tournament "Expresso Nitro" buyIn: 0.93€ + 0.07€ level: 4 - HandId: #2690516296176500737-17-1674684632 - Holdem no limit (30/60) - 2023/01/25 22:10:32 UTC
Table: 'Expresso Nitro(626434641)#0' 3-max (real money) Seat #1 is the button
Seat 1: Laagn.merw (400)
Seat 3: _SKR (500)
*** ANTE/BLINDS ***
Laagn.merw posts small blind 30
_SKR posts big blind 60
Dealt to _SKR [Jc 8c]
*** PRE-FLOP *** 
Laagn.merw folds
_SKR collected 90 from pot
*** SUMMARY ***
Total pot 90 | No rake
Seat 3: _SKR (big blind) won 90


Winamax Poker - Tournament "Expresso Nitro" buyIn: 0.93€ + 0.07€ level: 4 - HandId: #2690516296176500737-18-1674684636 - Holdem no limit (30/60) - 2023/01/25 22:10:36 UTC
Table: 'Expresso Nitro(626434641)#0' 3-max (real money) Seat #3 is the button
Seat 1: Laagn.merw (370)
Seat 3: _SKR (530)
*** ANTE/BLINDS ***
_SKR posts small blind 30
Laagn.merw posts big blind 60
Dealt to _SKR [2d Qh]
*** PRE-FLOP *** 
_SKR raises 470 to 530 and is all-in
Laagn.merw calls 310 and is all-in
*** FLOP *** [Qs As 5c]
*** TURN *** [Qs As 5c][4d]
*** RIVER *** [Qs As 5c 4d][8s]
*** SHOW DOWN ***
Laagn.merw shows [8d Jc] (One pair : 8)
_SKR shows [2d Qh] (One pair : Queens)
_SKR collected 900 from pot
*** SUMMARY ***
Total pot 900 | No rake
Board: [Qs As 5c 4d 8s]
Seat 1: Laagn.merw (big blind) showed [8d Jc] and lost with One pair : 8
Seat 3: _SKR (small blind) (button) showed [2d Qh] and won 900 with One pair : Queens


