Winamax Poker - Tournament "Expresso Nitro" buyIn: 0.93€ + 0.07€ level: 1 - HandId: #2729598256597172225-1-1676921435 - Holdem no limit (10/20) - 2023/02/20 19:30:35 UTC
Table: 'Expresso Nitro(635534119)#0' 3-max (real money) Seat #3 is the button
Seat 1: barlou30470 (300)
Seat 2: rim-k25 (300)
Seat 3: _SKR (300)
*** ANTE/BLINDS ***
barlou30470 posts small blind 10
rim-k25 posts big blind 20
Dealt to _SKR [8s 7s]
*** PRE-FLOP *** 
_SKR folds
barlou30470 calls 10
rim-k25 checks
*** FLOP *** [4h Th 7h]
barlou30470 bets 20
rim-k25 calls 20
*** TURN *** [4h Th 7h][Qc]
barlou30470 bets 20
rim-k25 calls 20
*** RIVER *** [4h Th 7h Qc][Ac]
barlou30470 checks
rim-k25 bets 240 and is all-in
barlou30470 folds
rim-k25 collected 360 from pot
*** SUMMARY ***
Total pot 360 | No rake
Board: [4h Th 7h Qc Ac]
Seat 2: rim-k25 (big blind) won 360


Winamax Poker - Tournament "Expresso Nitro" buyIn: 0.93€ + 0.07€ level: 1 - HandId: #2729598256597172225-2-1676921462 - Holdem no limit (10/20) - 2023/02/20 19:31:02 UTC
Table: 'Expresso Nitro(635534119)#0' 3-max (real money) Seat #1 is the button
Seat 1: barlou30470 (240)
Seat 2: rim-k25 (360)
Seat 3: _SKR (300)
*** ANTE/BLINDS ***
rim-k25 posts small blind 10
_SKR posts big blind 20
Dealt to _SKR [7h 9h]
*** PRE-FLOP *** 
barlou30470 calls 20
rim-k25 calls 10
_SKR checks
*** FLOP *** [8c 2s 7c]
rim-k25 checks
_SKR checks
barlou30470 checks
*** TURN *** [8c 2s 7c][9s]
rim-k25 checks
_SKR bets 39
barlou30470 folds
rim-k25 folds
_SKR collected 99 from pot
*** SUMMARY ***
Total pot 99 | No rake
Board: [8c 2s 7c 9s]
Seat 3: _SKR (big blind) won 99


Winamax Poker - Tournament "Expresso Nitro" buyIn: 0.93€ + 0.07€ level: 1 - HandId: #2729598256597172225-3-1676921483 - Holdem no limit (10/20) - 2023/02/20 19:31:23 UTC
Table: 'Expresso Nitro(635534119)#0' 3-max (real money) Seat #2 is the button
Seat 1: barlou30470 (220)
Seat 2: rim-k25 (340)
Seat 3: _SKR (340)
*** ANTE/BLINDS ***
_SKR posts small blind 10
barlou30470 posts big blind 20
Dealt to _SKR [7c Kh]
*** PRE-FLOP *** 
rim-k25 calls 20
_SKR folds
barlou30470 checks
*** FLOP *** [Th Td Ts]
barlou30470 checks
rim-k25 checks
*** TURN *** [Th Td Ts][3h]
barlou30470 checks
rim-k25 checks
*** RIVER *** [Th Td Ts 3h][7s]
barlou30470 bets 200 and is all-in
rim-k25 folds
barlou30470 collected 250 from pot
*** SUMMARY ***
Total pot 250 | No rake
Board: [Th Td Ts 3h 7s]
Seat 1: barlou30470 (big blind) won 250


Winamax Poker - Tournament "Expresso Nitro" buyIn: 0.93€ + 0.07€ level: 2 - HandId: #2729598256597172225-4-1676921501 - Holdem no limit (15/30) - 2023/02/20 19:31:41 UTC
Table: 'Expresso Nitro(635534119)#0' 3-max (real money) Seat #3 is the button
Seat 1: barlou30470 (250)
Seat 2: rim-k25 (320)
Seat 3: _SKR (330)
*** ANTE/BLINDS ***
barlou30470 posts small blind 15
rim-k25 posts big blind 30
Dealt to _SKR [5c 2d]
*** PRE-FLOP *** 
_SKR folds
barlou30470 calls 15
rim-k25 raises 290 to 320 and is all-in
barlou30470 folds
rim-k25 collected 350 from pot
*** SUMMARY ***
Total pot 350 | No rake
Seat 2: rim-k25 (big blind) won 350


Winamax Poker - Tournament "Expresso Nitro" buyIn: 0.93€ + 0.07€ level: 2 - HandId: #2729598256597172225-5-1676921512 - Holdem no limit (15/30) - 2023/02/20 19:31:52 UTC
Table: 'Expresso Nitro(635534119)#0' 3-max (real money) Seat #1 is the button
Seat 1: barlou30470 (220)
Seat 2: rim-k25 (350)
Seat 3: _SKR (330)
*** ANTE/BLINDS ***
rim-k25 posts small blind 15
_SKR posts big blind 30
Dealt to _SKR [5d Qc]
*** PRE-FLOP *** 
barlou30470 folds
rim-k25 calls 15
_SKR checks
*** FLOP *** [Jc Jh 9c]
rim-k25 checks
_SKR checks
*** TURN *** [Jc Jh 9c][7c]
rim-k25 checks
_SKR checks
*** RIVER *** [Jc Jh 9c 7c][Js]
rim-k25 checks
_SKR checks
*** SHOW DOWN ***
rim-k25 shows [Qh 8c] (Trips of Jacks)
_SKR shows [5d Qc] (Trips of Jacks)
_SKR collected 30 from pot
rim-k25 collected 30 from pot
*** SUMMARY ***
Total pot 60 | No rake
Board: [Jc Jh 9c 7c Js]
Seat 2: rim-k25 (small blind) showed [Qh 8c] and won 30 with Trips of Jacks
Seat 3: _SKR (big blind) showed [5d Qc] and won 30 with Trips of Jacks


Winamax Poker - Tournament "Expresso Nitro" buyIn: 0.93€ + 0.07€ level: 2 - HandId: #2729598256597172225-6-1676921537 - Holdem no limit (15/30) - 2023/02/20 19:32:17 UTC
Table: 'Expresso Nitro(635534119)#0' 3-max (real money) Seat #2 is the button
Seat 1: barlou30470 (220)
Seat 2: rim-k25 (350)
Seat 3: _SKR (330)
*** ANTE/BLINDS ***
_SKR posts small blind 15
barlou30470 posts big blind 30
Dealt to _SKR [Ad Qs]
*** PRE-FLOP *** 
rim-k25 calls 30
_SKR raises 300 to 330 and is all-in
barlou30470 calls 190 and is all-in
rim-k25 calls 300
*** FLOP *** [6h 7d 7c]
*** TURN *** [6h 7d 7c][2c]
*** RIVER *** [6h 7d 7c 2c][Jh]
*** SHOW DOWN ***
barlou30470 shows [Ac Qd] (One pair : 7)
_SKR shows [Ad Qs] (One pair : 7)
rim-k25 shows [7s Tc] (Trips of 7)
rim-k25 collected 880 from pot
*** SUMMARY ***
Total pot 880 | No rake
Board: [6h 7d 7c 2c Jh]
Seat 1: barlou30470 (big blind) showed [Ac Qd] and lost with One pair : 7
Seat 2: rim-k25 (button) showed [7s Tc] and won 880 with Trips of 7
Seat 3: _SKR (small blind) showed [Ad Qs] and lost with One pair : 7


