Winamax Poker - Tournament "Expresso Nitro" buyIn: 0.93€ + 0.07€ level: 1 - HandId: #2690585917596368897-1-1674686882 - Holdem no limit (10/20) - 2023/01/25 22:48:02 UTC
Table: 'Expresso Nitro(626450851)#0' 3-max (real money) Seat #1 is the button
Seat 1: _SKR (300)
Seat 2: MT-Boss68989 (300)
Seat 3: Saykod (300)
*** ANTE/BLINDS ***
MT-Boss68989 posts small blind 10
Saykod posts big blind 20
Dealt to _SKR [4c 3d]
*** PRE-FLOP *** 
_SKR folds
MT-Boss68989 raises 30 to 50
Saykod folds
MT-Boss68989 collected 70 from pot
*** SUMMARY ***
Total pot 70 | No rake
Seat 2: MT-Boss68989 (small blind) won 70


Winamax Poker - Tournament "Expresso Nitro" buyIn: 0.93€ + 0.07€ level: 1 - HandId: #2690585917596368897-2-1674686893 - Holdem no limit (10/20) - 2023/01/25 22:48:13 UTC
Table: 'Expresso Nitro(626450851)#0' 3-max (real money) Seat #2 is the button
Seat 1: _SKR (300)
Seat 2: MT-Boss68989 (320)
Seat 3: Saykod (280)
*** ANTE/BLINDS ***
Saykod posts small blind 10
_SKR posts big blind 20
Dealt to _SKR [7h Jd]
*** PRE-FLOP *** 
MT-Boss68989 raises 300 to 320 and is all-in
Saykod folds
_SKR folds
MT-Boss68989 collected 350 from pot
*** SUMMARY ***
Total pot 350 | No rake
Seat 2: MT-Boss68989 (button) won 350


Winamax Poker - Tournament "Expresso Nitro" buyIn: 0.93€ + 0.07€ level: 1 - HandId: #2690585917596368897-3-1674686904 - Holdem no limit (10/20) - 2023/01/25 22:48:24 UTC
Table: 'Expresso Nitro(626450851)#0' 3-max (real money) Seat #3 is the button
Seat 1: _SKR (280)
Seat 2: MT-Boss68989 (350)
Seat 3: Saykod (270)
*** ANTE/BLINDS ***
_SKR posts small blind 10
MT-Boss68989 posts big blind 20
Dealt to _SKR [Qh 2h]
*** PRE-FLOP *** 
Saykod raises 250 to 270 and is all-in
_SKR folds
MT-Boss68989 folds
Saykod collected 300 from pot
*** SUMMARY ***
Total pot 300 | No rake
Seat 3: Saykod (button) won 300


Winamax Poker - Tournament "Expresso Nitro" buyIn: 0.93€ + 0.07€ level: 1 - HandId: #2690585917596368897-4-1674686914 - Holdem no limit (10/20) - 2023/01/25 22:48:34 UTC
Table: 'Expresso Nitro(626450851)#0' 3-max (real money) Seat #1 is the button
Seat 1: _SKR (270)
Seat 2: MT-Boss68989 (330)
Seat 3: Saykod (300)
*** ANTE/BLINDS ***
MT-Boss68989 posts small blind 10
Saykod posts big blind 20
Dealt to _SKR [Td 8c]
*** PRE-FLOP *** 
_SKR folds
MT-Boss68989 raises 310 to 330 and is all-in
Saykod folds
MT-Boss68989 collected 350 from pot
*** SUMMARY ***
Total pot 350 | No rake
Seat 2: MT-Boss68989 (small blind) won 350


Winamax Poker - Tournament "Expresso Nitro" buyIn: 0.93€ + 0.07€ level: 1 - HandId: #2690585917596368897-5-1674686922 - Holdem no limit (10/20) - 2023/01/25 22:48:42 UTC
Table: 'Expresso Nitro(626450851)#0' 3-max (real money) Seat #2 is the button
Seat 1: _SKR (270)
Seat 2: MT-Boss68989 (350)
Seat 3: Saykod (280)
*** ANTE/BLINDS ***
Saykod posts small blind 10
_SKR posts big blind 20
Dealt to _SKR [2s Jc]
*** PRE-FLOP *** 
MT-Boss68989 folds
Saykod folds
_SKR collected 30 from pot
*** SUMMARY ***
Total pot 30 | No rake
Seat 1: _SKR (big blind) won 30


Winamax Poker - Tournament "Expresso Nitro" buyIn: 0.93€ + 0.07€ level: 1 - HandId: #2690585917596368897-6-1674686928 - Holdem no limit (10/20) - 2023/01/25 22:48:48 UTC
Table: 'Expresso Nitro(626450851)#0' 3-max (real money) Seat #3 is the button
Seat 1: _SKR (280)
Seat 2: MT-Boss68989 (350)
Seat 3: Saykod (270)
*** ANTE/BLINDS ***
_SKR posts small blind 10
MT-Boss68989 posts big blind 20
Dealt to _SKR [Qh Qs]
*** PRE-FLOP *** 
Saykod folds
_SKR raises 20 to 40
MT-Boss68989 folds
_SKR collected 60 from pot
*** SUMMARY ***
Total pot 60 | No rake
Seat 1: _SKR (small blind) won 60


Winamax Poker - Tournament "Expresso Nitro" buyIn: 0.93€ + 0.07€ level: 1 - HandId: #2690585917596368897-7-1674686936 - Holdem no limit (10/20) - 2023/01/25 22:48:56 UTC
Table: 'Expresso Nitro(626450851)#0' 3-max (real money) Seat #1 is the button
Seat 1: _SKR (300)
Seat 2: MT-Boss68989 (330)
Seat 3: Saykod (270)
*** ANTE/BLINDS ***
MT-Boss68989 posts small blind 10
Saykod posts big blind 20
Dealt to _SKR [Jd 7c]
*** PRE-FLOP *** 
_SKR folds
MT-Boss68989 raises 310 to 330 and is all-in
Saykod folds
MT-Boss68989 collected 350 from pot
*** SUMMARY ***
Total pot 350 | No rake
Seat 2: MT-Boss68989 (small blind) won 350


Winamax Poker - Tournament "Expresso Nitro" buyIn: 0.93€ + 0.07€ level: 2 - HandId: #2690585917596368897-8-1674686942 - Holdem no limit (15/30) - 2023/01/25 22:49:02 UTC
Table: 'Expresso Nitro(626450851)#0' 3-max (real money) Seat #2 is the button
Seat 1: _SKR (300)
Seat 2: MT-Boss68989 (350)
Seat 3: Saykod (250)
*** ANTE/BLINDS ***
Saykod posts small blind 15
_SKR posts big blind 30
Dealt to _SKR [5h Qs]
*** PRE-FLOP *** 
MT-Boss68989 raises 320 to 350 and is all-in
Saykod folds
_SKR folds
MT-Boss68989 collected 395 from pot
*** SUMMARY ***
Total pot 395 | No rake
Seat 2: MT-Boss68989 (button) won 395


Winamax Poker - Tournament "Expresso Nitro" buyIn: 0.93€ + 0.07€ level: 2 - HandId: #2690585917596368897-9-1674686952 - Holdem no limit (15/30) - 2023/01/25 22:49:12 UTC
Table: 'Expresso Nitro(626450851)#0' 3-max (real money) Seat #3 is the button
Seat 1: _SKR (270)
Seat 2: MT-Boss68989 (395)
Seat 3: Saykod (235)
*** ANTE/BLINDS ***
_SKR posts small blind 15
MT-Boss68989 posts big blind 30
Dealt to _SKR [2s 3c]
*** PRE-FLOP *** 
Saykod raises 30 to 60
_SKR folds
MT-Boss68989 folds
Saykod collected 105 from pot
*** SUMMARY ***
Total pot 105 | No rake
Seat 3: Saykod (button) won 105


Winamax Poker - Tournament "Expresso Nitro" buyIn: 0.93€ + 0.07€ level: 2 - HandId: #2690585917596368897-10-1674686958 - Holdem no limit (15/30) - 2023/01/25 22:49:18 UTC
Table: 'Expresso Nitro(626450851)#0' 3-max (real money) Seat #1 is the button
Seat 1: _SKR (255)
Seat 2: MT-Boss68989 (365)
Seat 3: Saykod (280)
*** ANTE/BLINDS ***
MT-Boss68989 posts small blind 15
Saykod posts big blind 30
Dealt to _SKR [Jc 9s]
*** PRE-FLOP *** 
_SKR folds
MT-Boss68989 folds
Saykod collected 45 from pot
*** SUMMARY ***
Total pot 45 | No rake
Seat 3: Saykod (big blind) won 45


Winamax Poker - Tournament "Expresso Nitro" buyIn: 0.93€ + 0.07€ level: 2 - HandId: #2690585917596368897-11-1674686962 - Holdem no limit (15/30) - 2023/01/25 22:49:22 UTC
Table: 'Expresso Nitro(626450851)#0' 3-max (real money) Seat #2 is the button
Seat 1: _SKR (255)
Seat 2: MT-Boss68989 (350)
Seat 3: Saykod (295)
*** ANTE/BLINDS ***
Saykod posts small blind 15
_SKR posts big blind 30
Dealt to _SKR [Kd 9h]
*** PRE-FLOP *** 
MT-Boss68989 raises 75 to 105
Saykod folds
_SKR folds
MT-Boss68989 collected 150 from pot
*** SUMMARY ***
Total pot 150 | No rake
Seat 2: MT-Boss68989 (button) won 150


Winamax Poker - Tournament "Expresso Nitro" buyIn: 0.93€ + 0.07€ level: 2 - HandId: #2690585917596368897-12-1674686975 - Holdem no limit (15/30) - 2023/01/25 22:49:35 UTC
Table: 'Expresso Nitro(626450851)#0' 3-max (real money) Seat #3 is the button
Seat 1: _SKR (225)
Seat 2: MT-Boss68989 (395)
Seat 3: Saykod (280)
*** ANTE/BLINDS ***
_SKR posts small blind 15
MT-Boss68989 posts big blind 30
Dealt to _SKR [8d Th]
*** PRE-FLOP *** 
Saykod folds
_SKR folds
MT-Boss68989 collected 45 from pot
*** SUMMARY ***
Total pot 45 | No rake
Seat 2: MT-Boss68989 (big blind) won 45


Winamax Poker - Tournament "Expresso Nitro" buyIn: 0.93€ + 0.07€ level: 2 - HandId: #2690585917596368897-13-1674686983 - Holdem no limit (15/30) - 2023/01/25 22:49:43 UTC
Table: 'Expresso Nitro(626450851)#0' 3-max (real money) Seat #1 is the button
Seat 1: _SKR (210)
Seat 2: MT-Boss68989 (410)
Seat 3: Saykod (280)
*** ANTE/BLINDS ***
MT-Boss68989 posts small blind 15
Saykod posts big blind 30
Dealt to _SKR [4s Qd]
*** PRE-FLOP *** 
_SKR folds
MT-Boss68989 raises 380 to 410 and is all-in
Saykod calls 250 and is all-in
*** FLOP *** [8s 7c Ad]
*** TURN *** [8s 7c Ad][Jd]
*** RIVER *** [8s 7c Ad Jd][Qc]
*** SHOW DOWN ***
Saykod shows [Jc Ah] (Two pairs : Aces and Jacks)
MT-Boss68989 shows [Kc Th] (Straight Ace high)
MT-Boss68989 collected 690 from pot
*** SUMMARY ***
Total pot 690 | No rake
Board: [8s 7c Ad Jd Qc]
Seat 2: MT-Boss68989 (small blind) showed [Kc Th] and won 690 with Straight Ace high
Seat 3: Saykod (big blind) showed [Jc Ah] and lost with Two pairs : Aces and Jacks


Winamax Poker - Tournament "Expresso Nitro" buyIn: 0.93€ + 0.07€ level: 2 - HandId: #2690585917596368897-14-1674686996 - Holdem no limit (15/30) - 2023/01/25 22:49:56 UTC
Table: 'Expresso Nitro(626450851)#0' 3-max (real money) Seat #1 is the button
Seat 1: _SKR (210)
Seat 2: MT-Boss68989 (690)
*** ANTE/BLINDS ***
_SKR posts small blind 15
MT-Boss68989 posts big blind 30
Dealt to _SKR [Ac 9h]
*** PRE-FLOP *** 
_SKR raises 180 to 210 and is all-in
MT-Boss68989 raises 480 to 690 and is all-in
*** FLOP *** [Jd 4c Kc]
*** TURN *** [Jd 4c Kc][2s]
*** RIVER *** [Jd 4c Kc 2s][Ah]
*** SHOW DOWN ***
_SKR shows [Ac 9h] (One pair : Aces)
MT-Boss68989 shows [4h As] (Two pairs : Aces and 4)
MT-Boss68989 collected 900 from pot
*** SUMMARY ***
Total pot 900 | No rake
Board: [Jd 4c Kc 2s Ah]
Seat 1: _SKR (small blind) (button) showed [Ac 9h] and lost with One pair : Aces
Seat 2: MT-Boss68989 (big blind) showed [4h As] and won 900 with Two pairs : Aces and 4


