Winamax Poker - Tournament "Expresso Nitro" buyIn: 0.93€ + 0.07€ level: 1 - HandId: #2717280015514337281-1-1676215456 - Holdem no limit (10/20) - 2023/02/12 15:24:16 UTC
Table: 'Expresso Nitro(632666055)#0' 3-max (real money) Seat #3 is the button
Seat 1: fouinne (300)
Seat 2: _SKR (300)
Seat 3: Kirouninho29 (300)
*** ANTE/BLINDS ***
fouinne posts small blind 10
_SKR posts big blind 20
Dealt to _SKR [3s 6d]
*** PRE-FLOP *** 
Kirouninho29 folds
fouinne raises 40 to 60
_SKR folds
fouinne collected 80 from pot
*** SUMMARY ***
Total pot 80 | No rake
Seat 1: fouinne (small blind) won 80


Winamax Poker - Tournament "Expresso Nitro" buyIn: 0.93€ + 0.07€ level: 1 - HandId: #2717280015514337281-2-1676215465 - Holdem no limit (10/20) - 2023/02/12 15:24:25 UTC
Table: 'Expresso Nitro(632666055)#0' 3-max (real money) Seat #1 is the button
Seat 1: fouinne (320)
Seat 2: _SKR (280)
Seat 3: Kirouninho29 (300)
*** ANTE/BLINDS ***
_SKR posts small blind 10
Kirouninho29 posts big blind 20
Dealt to _SKR [8c Ts]
*** PRE-FLOP *** 
fouinne folds
_SKR folds
Kirouninho29 collected 30 from pot
*** SUMMARY ***
Total pot 30 | No rake
Seat 3: Kirouninho29 (big blind) won 30


Winamax Poker - Tournament "Expresso Nitro" buyIn: 0.93€ + 0.07€ level: 1 - HandId: #2717280015514337281-3-1676215475 - Holdem no limit (10/20) - 2023/02/12 15:24:35 UTC
Table: 'Expresso Nitro(632666055)#0' 3-max (real money) Seat #2 is the button
Seat 1: fouinne (320)
Seat 2: _SKR (270)
Seat 3: Kirouninho29 (310)
*** ANTE/BLINDS ***
Kirouninho29 posts small blind 10
fouinne posts big blind 20
Dealt to _SKR [2c 7d]
*** PRE-FLOP *** 
_SKR folds
Kirouninho29 calls 10
fouinne raises 40 to 60
Kirouninho29 calls 40
*** FLOP *** [As Tc Ad]
Kirouninho29 bets 250 and is all-in
fouinne folds
Kirouninho29 collected 370 from pot
*** SUMMARY ***
Total pot 370 | No rake
Board: [As Tc Ad]
Seat 3: Kirouninho29 (small blind) won 370


Winamax Poker - Tournament "Expresso Nitro" buyIn: 0.93€ + 0.07€ level: 1 - HandId: #2717280015514337281-4-1676215484 - Holdem no limit (10/20) - 2023/02/12 15:24:44 UTC
Table: 'Expresso Nitro(632666055)#0' 3-max (real money) Seat #3 is the button
Seat 1: fouinne (260)
Seat 2: _SKR (270)
Seat 3: Kirouninho29 (370)
*** ANTE/BLINDS ***
fouinne posts small blind 10
_SKR posts big blind 20
Dealt to _SKR [Ad Qh]
*** PRE-FLOP *** 
Kirouninho29 calls 20
fouinne folds
_SKR raises 250 to 270 and is all-in
Kirouninho29 folds
_SKR collected 300 from pot
*** SUMMARY ***
Total pot 300 | No rake
Seat 2: _SKR (big blind) won 300


Winamax Poker - Tournament "Expresso Nitro" buyIn: 0.93€ + 0.07€ level: 1 - HandId: #2717280015514337281-5-1676215494 - Holdem no limit (10/20) - 2023/02/12 15:24:54 UTC
Table: 'Expresso Nitro(632666055)#0' 3-max (real money) Seat #1 is the button
Seat 1: fouinne (250)
Seat 2: _SKR (300)
Seat 3: Kirouninho29 (350)
*** ANTE/BLINDS ***
_SKR posts small blind 10
Kirouninho29 posts big blind 20
Dealt to _SKR [6h Ts]
*** PRE-FLOP *** 
fouinne calls 20
_SKR folds
Kirouninho29 checks
*** FLOP *** [Js Ad Jh]
Kirouninho29 checks
fouinne checks
*** TURN *** [Js Ad Jh][4c]
Kirouninho29 checks
fouinne checks
*** RIVER *** [Js Ad Jh 4c][Qd]
Kirouninho29 checks
fouinne checks
*** SHOW DOWN ***
Kirouninho29 shows [5h Th] (One pair : Jacks)
fouinne shows [Ks 6d] (One pair : Jacks)
fouinne collected 50 from pot
*** SUMMARY ***
Total pot 50 | No rake
Board: [Js Ad Jh 4c Qd]
Seat 1: fouinne (button) showed [Ks 6d] and won 50 with One pair : Jacks
Seat 3: Kirouninho29 (big blind) showed [5h Th] and lost with One pair : Jacks


Winamax Poker - Tournament "Expresso Nitro" buyIn: 0.93€ + 0.07€ level: 2 - HandId: #2717280015514337281-6-1676215516 - Holdem no limit (15/30) - 2023/02/12 15:25:16 UTC
Table: 'Expresso Nitro(632666055)#0' 3-max (real money) Seat #2 is the button
Seat 1: fouinne (280)
Seat 2: _SKR (290)
Seat 3: Kirouninho29 (330)
*** ANTE/BLINDS ***
Kirouninho29 posts small blind 15
fouinne posts big blind 30
Dealt to _SKR [7h 3h]
*** PRE-FLOP *** 
_SKR folds
Kirouninho29 raises 45 to 75
fouinne folds
Kirouninho29 collected 105 from pot
*** SUMMARY ***
Total pot 105 | No rake
Seat 3: Kirouninho29 (small blind) won 105


Winamax Poker - Tournament "Expresso Nitro" buyIn: 0.93€ + 0.07€ level: 2 - HandId: #2717280015514337281-7-1676215522 - Holdem no limit (15/30) - 2023/02/12 15:25:22 UTC
Table: 'Expresso Nitro(632666055)#0' 3-max (real money) Seat #3 is the button
Seat 1: fouinne (250)
Seat 2: _SKR (290)
Seat 3: Kirouninho29 (360)
*** ANTE/BLINDS ***
fouinne posts small blind 15
_SKR posts big blind 30
Dealt to _SKR [9d 9h]
*** PRE-FLOP *** 
Kirouninho29 folds
fouinne raises 45 to 75
_SKR raises 215 to 290 and is all-in
fouinne calls 175 and is all-in
*** FLOP *** [5s 3d 2c]
*** TURN *** [5s 3d 2c][3h]
*** RIVER *** [5s 3d 2c 3h][Ts]
*** SHOW DOWN ***
fouinne shows [2s Ah] (Two pairs : 3 and 2)
_SKR shows [9d 9h] (Two pairs : 9 and 3)
_SKR collected 540 from pot
*** SUMMARY ***
Total pot 540 | No rake
Board: [5s 3d 2c 3h Ts]
Seat 1: fouinne (small blind) showed [2s Ah] and lost with Two pairs : 3 and 2
Seat 2: _SKR (big blind) showed [9d 9h] and won 540 with Two pairs : 9 and 3


Winamax Poker - Tournament "Expresso Nitro" buyIn: 0.93€ + 0.07€ level: 2 - HandId: #2717280015514337281-8-1676215541 - Holdem no limit (15/30) - 2023/02/12 15:25:41 UTC
Table: 'Expresso Nitro(632666055)#0' 3-max (real money) Seat #2 is the button
Seat 2: _SKR (540)
Seat 3: Kirouninho29 (360)
*** ANTE/BLINDS ***
_SKR posts small blind 15
Kirouninho29 posts big blind 30
Dealt to _SKR [4d 4s]
*** PRE-FLOP *** 
_SKR raises 510 to 540 and is all-in
Kirouninho29 calls 330 and is all-in
*** FLOP *** [Qc 4c 4h]
*** TURN *** [Qc 4c 4h][Td]
*** RIVER *** [Qc 4c 4h Td][9d]
*** SHOW DOWN ***
Kirouninho29 shows [Th Ah] (Two pairs : Tens and 4)
_SKR shows [4d 4s] (Quads of 4)
_SKR collected 900 from pot
*** SUMMARY ***
Total pot 900 | No rake
Board: [Qc 4c 4h Td 9d]
Seat 2: _SKR (small blind) (button) showed [4d 4s] and won 900 with Quads of 4
Seat 3: Kirouninho29 (big blind) showed [Th Ah] and lost with Two pairs : Tens and 4


