Winamax Poker - Tournament "Expresso Nitro" buyIn: 0.93€ + 0.07€ level: 1 - HandId: #2680047777248968705-1-1674049578 - Holdem no limit (10/20) - 2023/01/18 13:46:18 UTC
Table: 'Expresso Nitro(623997249)#0' 3-max (real money) Seat #1 is the button
Seat 1: _SKR (300)
Seat 2: Baraka2020 (300)
Seat 3: Ogre Riche35 (300)
*** ANTE/BLINDS ***
Baraka2020 posts small blind 10
Ogre Riche35 posts big blind 20
Dealt to _SKR [5h Td]
*** PRE-FLOP *** 
_SKR folds
Baraka2020 raises 280 to 300 and is all-in
Ogre Riche35 calls 280 and is all-in
*** FLOP *** [8h 7s 8c]
*** TURN *** [8h 7s 8c][7d]
*** RIVER *** [8h 7s 8c 7d][Ks]
*** SHOW DOWN ***
Baraka2020 shows [2c 2s] (Two pairs : 8 and 7)
Ogre Riche35 shows [Js As] (Two pairs : 8 and 7)
Ogre Riche35 collected 600 from pot
*** SUMMARY ***
Total pot 600 | No rake
Board: [8h 7s 8c 7d Ks]
Seat 2: Baraka2020 (small blind) showed [2c 2s] and lost with Two pairs : 8 and 7
Seat 3: Ogre Riche35 (big blind) showed [Js As] and won 600 with Two pairs : 8 and 7


Winamax Poker - Tournament "Expresso Nitro" buyIn: 0.93€ + 0.07€ level: 1 - HandId: #2680047777248968705-2-1674049594 - Holdem no limit (10/20) - 2023/01/18 13:46:34 UTC
Table: 'Expresso Nitro(623997249)#0' 3-max (real money) Seat #3 is the button
Seat 1: _SKR (300)
Seat 3: Ogre Riche35 (600)
*** ANTE/BLINDS ***
Ogre Riche35 posts small blind 10
_SKR posts big blind 20
Dealt to _SKR [9d 5d]
*** PRE-FLOP *** 
Ogre Riche35 calls 10
_SKR checks
*** FLOP *** [Qh 7h 9s]
_SKR checks
Ogre Riche35 checks
*** TURN *** [Qh 7h 9s][Qc]
_SKR bets 26
Ogre Riche35 raises 26 to 52
_SKR calls 26
*** RIVER *** [Qh 7h 9s Qc][2c]
_SKR checks
Ogre Riche35 bets 20
_SKR calls 20
*** SHOW DOWN ***
Ogre Riche35 shows [4d 2s] (Two pairs : Queens and 2)
_SKR shows [9d 5d] (Two pairs : Queens and 9)
_SKR collected 184 from pot
*** SUMMARY ***
Total pot 184 | No rake
Board: [Qh 7h 9s Qc 2c]
Seat 1: _SKR (big blind) showed [9d 5d] and won 184 with Two pairs : Queens and 9
Seat 3: Ogre Riche35 (small blind) (button) showed [4d 2s] and lost with Two pairs : Queens and 2


Winamax Poker - Tournament "Expresso Nitro" buyIn: 0.93€ + 0.07€ level: 1 - HandId: #2680047777248968705-3-1674049629 - Holdem no limit (10/20) - 2023/01/18 13:47:09 UTC
Table: 'Expresso Nitro(623997249)#0' 3-max (real money) Seat #1 is the button
Seat 1: _SKR (392)
Seat 3: Ogre Riche35 (508)
*** ANTE/BLINDS ***
_SKR posts small blind 10
Ogre Riche35 posts big blind 20
Dealt to _SKR [Js 8h]
*** PRE-FLOP *** 
_SKR raises 20 to 40
Ogre Riche35 calls 20
*** FLOP *** [8c 2c 2s]
Ogre Riche35 bets 20
_SKR calls 20
*** TURN *** [8c 2c 2s][3h]
Ogre Riche35 checks
_SKR bets 60
Ogre Riche35 calls 60
*** RIVER *** [8c 2c 2s 3h][5h]
Ogre Riche35 bets 240
_SKR folds
Ogre Riche35 collected 480 from pot
*** SUMMARY ***
Total pot 480 | No rake
Board: [8c 2c 2s 3h 5h]
Seat 3: Ogre Riche35 (big blind) won 480


Winamax Poker - Tournament "Expresso Nitro" buyIn: 0.93€ + 0.07€ level: 2 - HandId: #2680047777248968705-4-1674049663 - Holdem no limit (15/30) - 2023/01/18 13:47:43 UTC
Table: 'Expresso Nitro(623997249)#0' 3-max (real money) Seat #3 is the button
Seat 1: _SKR (272)
Seat 3: Ogre Riche35 (628)
*** ANTE/BLINDS ***
Ogre Riche35 posts small blind 15
_SKR posts big blind 30
Dealt to _SKR [Js 2c]
*** PRE-FLOP *** 
Ogre Riche35 calls 15
_SKR checks
*** FLOP *** [6d 9c 3h]
_SKR checks
Ogre Riche35 checks
*** TURN *** [6d 9c 3h][Td]
_SKR checks
Ogre Riche35 bets 30
_SKR folds
Ogre Riche35 collected 90 from pot
*** SUMMARY ***
Total pot 90 | No rake
Board: [6d 9c 3h Td]
Seat 3: Ogre Riche35 (small blind) (button) won 90


Winamax Poker - Tournament "Expresso Nitro" buyIn: 0.93€ + 0.07€ level: 2 - HandId: #2680047777248968705-5-1674049692 - Holdem no limit (15/30) - 2023/01/18 13:48:12 UTC
Table: 'Expresso Nitro(623997249)#0' 3-max (real money) Seat #1 is the button
Seat 1: _SKR (242)
Seat 3: Ogre Riche35 (658)
*** ANTE/BLINDS ***
_SKR posts small blind 15
Ogre Riche35 posts big blind 30
Dealt to _SKR [Tc 4d]
*** PRE-FLOP *** 
_SKR folds
Ogre Riche35 collected 45 from pot
*** SUMMARY ***
Total pot 45 | No rake
Seat 3: Ogre Riche35 (big blind) won 45


Winamax Poker - Tournament "Expresso Nitro" buyIn: 0.93€ + 0.07€ level: 3 - HandId: #2680047777248968705-6-1674049700 - Holdem no limit (20/40) - 2023/01/18 13:48:20 UTC
Table: 'Expresso Nitro(623997249)#0' 3-max (real money) Seat #3 is the button
Seat 1: _SKR (227)
Seat 3: Ogre Riche35 (673)
*** ANTE/BLINDS ***
Ogre Riche35 posts small blind 20
_SKR posts big blind 40
Dealt to _SKR [Qh Jc]
*** PRE-FLOP *** 
Ogre Riche35 calls 20
_SKR raises 187 to 227 and is all-in
Ogre Riche35 calls 187
*** FLOP *** [Kd 3d 9d]
*** TURN *** [Kd 3d 9d][4c]
*** RIVER *** [Kd 3d 9d 4c][2d]
*** SHOW DOWN ***
_SKR shows [Qh Jc] (High card : King)
Ogre Riche35 shows [5d Kh] (Flush King high)
Ogre Riche35 collected 454 from pot
*** SUMMARY ***
Total pot 454 | No rake
Board: [Kd 3d 9d 4c 2d]
Seat 1: _SKR (big blind) showed [Qh Jc] and lost with High card : King
Seat 3: Ogre Riche35 (small blind) (button) showed [5d Kh] and won 454 with Flush King high


