Winamax Poker - Tournament "Expresso Nitro" buyIn: 0.93€ + 0.07€ level: 1 - HandId: #2689755232266616833-1-1674649919 - Holdem no limit (10/20) - 2023/01/25 12:31:59 UTC
Table: 'Expresso Nitro(626257442)#0' 3-max (real money) Seat #3 is the button
Seat 1: OUSHKA 1975 (300)
Seat 2: _SKR (300)
Seat 3: AAngeDCo3eur (300)
*** ANTE/BLINDS ***
OUSHKA 1975 posts small blind 10
_SKR posts big blind 20
Dealt to _SKR [4c Qc]
*** PRE-FLOP *** 
AAngeDCo3eur folds
OUSHKA 1975 calls 10
_SKR checks
*** FLOP *** [Td Qd 8s]
OUSHKA 1975 bets 20
_SKR calls 20
*** TURN *** [Td Qd 8s][8h]
OUSHKA 1975 bets 20
_SKR calls 20
*** RIVER *** [Td Qd 8s 8h][9h]
OUSHKA 1975 checks
_SKR bets 60
OUSHKA 1975 calls 60
*** SHOW DOWN ***
OUSHKA 1975 shows [Tc Kh] (Two pairs : Tens and 8)
_SKR shows [4c Qc] (Two pairs : Queens and 8)
_SKR collected 240 from pot
*** SUMMARY ***
Total pot 240 | No rake
Board: [Td Qd 8s 8h 9h]
Seat 1: OUSHKA 1975 (small blind) showed [Tc Kh] and lost with Two pairs : Tens and 8
Seat 2: _SKR (big blind) showed [4c Qc] and won 240 with Two pairs : Queens and 8


Winamax Poker - Tournament "Expresso Nitro" buyIn: 0.93€ + 0.07€ level: 1 - HandId: #2689755232266616833-2-1674649955 - Holdem no limit (10/20) - 2023/01/25 12:32:35 UTC
Table: 'Expresso Nitro(626257442)#0' 3-max (real money) Seat #1 is the button
Seat 1: OUSHKA 1975 (180)
Seat 2: _SKR (420)
Seat 3: AAngeDCo3eur (300)
*** ANTE/BLINDS ***
_SKR posts small blind 10
AAngeDCo3eur posts big blind 20
Dealt to _SKR [4s Qc]
*** PRE-FLOP *** 
OUSHKA 1975 calls 20
_SKR folds
AAngeDCo3eur checks
*** FLOP *** [Kc Kh 7d]
AAngeDCo3eur checks
OUSHKA 1975 bets 160 and is all-in
AAngeDCo3eur calls 160
*** TURN *** [Kc Kh 7d][8s]
*** RIVER *** [Kc Kh 7d 8s][2h]
*** SHOW DOWN ***
OUSHKA 1975 shows [6c 7c] (Two pairs : Kings and 7)
AAngeDCo3eur shows [7h 5s] (Two pairs : Kings and 7)
AAngeDCo3eur collected 185 from pot
OUSHKA 1975 collected 185 from pot
*** SUMMARY ***
Total pot 370 | No rake
Board: [Kc Kh 7d 8s 2h]
Seat 1: OUSHKA 1975 (button) showed [6c 7c] and won 185 with Two pairs : Kings and 7
Seat 3: AAngeDCo3eur (big blind) showed [7h 5s] and won 185 with Two pairs : Kings and 7


Winamax Poker - Tournament "Expresso Nitro" buyIn: 0.93€ + 0.07€ level: 2 - HandId: #2689755232266616833-3-1674649983 - Holdem no limit (15/30) - 2023/01/25 12:33:03 UTC
Table: 'Expresso Nitro(626257442)#0' 3-max (real money) Seat #2 is the button
Seat 1: OUSHKA 1975 (185)
Seat 2: _SKR (410)
Seat 3: AAngeDCo3eur (305)
*** ANTE/BLINDS ***
AAngeDCo3eur posts small blind 15
OUSHKA 1975 posts big blind 30
Dealt to _SKR [2c Qh]
*** PRE-FLOP *** 
_SKR folds
AAngeDCo3eur calls 15
OUSHKA 1975 checks
*** FLOP *** [7h 5s Ac]
AAngeDCo3eur bets 60
OUSHKA 1975 raises 95 to 155 and is all-in
AAngeDCo3eur calls 95
*** TURN *** [7h 5s Ac][Qc]
*** RIVER *** [7h 5s Ac Qc][6c]
*** SHOW DOWN ***
OUSHKA 1975 shows [5d Td] (One pair : 5)
AAngeDCo3eur shows [Kd 7d] (One pair : 7)
AAngeDCo3eur collected 370 from pot
*** SUMMARY ***
Total pot 370 | No rake
Board: [7h 5s Ac Qc 6c]
Seat 1: OUSHKA 1975 (big blind) showed [5d Td] and lost with One pair : 5
Seat 3: AAngeDCo3eur (small blind) showed [Kd 7d] and won 370 with One pair : 7


Winamax Poker - Tournament "Expresso Nitro" buyIn: 0.93€ + 0.07€ level: 2 - HandId: #2689755232266616833-4-1674650002 - Holdem no limit (15/30) - 2023/01/25 12:33:22 UTC
Table: 'Expresso Nitro(626257442)#0' 3-max (real money) Seat #2 is the button
Seat 2: _SKR (410)
Seat 3: AAngeDCo3eur (490)
*** ANTE/BLINDS ***
_SKR posts small blind 15
AAngeDCo3eur posts big blind 30
Dealt to _SKR [2c 6h]
*** PRE-FLOP *** 
_SKR folds
AAngeDCo3eur collected 45 from pot
*** SUMMARY ***
Total pot 45 | No rake
Seat 3: AAngeDCo3eur (big blind) won 45


Winamax Poker - Tournament "Expresso Nitro" buyIn: 0.93€ + 0.07€ level: 2 - HandId: #2689755232266616833-5-1674650005 - Holdem no limit (15/30) - 2023/01/25 12:33:25 UTC
Table: 'Expresso Nitro(626257442)#0' 3-max (real money) Seat #3 is the button
Seat 2: _SKR (395)
Seat 3: AAngeDCo3eur (505)
*** ANTE/BLINDS ***
AAngeDCo3eur posts small blind 15
_SKR posts big blind 30
Dealt to _SKR [8s Ah]
*** PRE-FLOP *** 
AAngeDCo3eur folds
_SKR collected 45 from pot
*** SUMMARY ***
Total pot 45 | No rake
Seat 2: _SKR (big blind) won 45


Winamax Poker - Tournament "Expresso Nitro" buyIn: 0.93€ + 0.07€ level: 2 - HandId: #2689755232266616833-6-1674650009 - Holdem no limit (15/30) - 2023/01/25 12:33:29 UTC
Table: 'Expresso Nitro(626257442)#0' 3-max (real money) Seat #2 is the button
Seat 2: _SKR (410)
Seat 3: AAngeDCo3eur (490)
*** ANTE/BLINDS ***
_SKR posts small blind 15
AAngeDCo3eur posts big blind 30
Dealt to _SKR [Qh Kc]
*** PRE-FLOP *** 
_SKR raises 380 to 410 and is all-in
AAngeDCo3eur raises 80 to 490 and is all-in
*** FLOP *** [9h 4c 7s]
*** TURN *** [9h 4c 7s][2h]
*** RIVER *** [9h 4c 7s 2h][Jh]
*** SHOW DOWN ***
_SKR shows [Qh Kc] (High card : King)
AAngeDCo3eur shows [Ac Ah] (One pair : Aces)
AAngeDCo3eur collected 900 from pot
*** SUMMARY ***
Total pot 900 | No rake
Board: [9h 4c 7s 2h Jh]
Seat 2: _SKR (small blind) (button) showed [Qh Kc] and lost with High card : King
Seat 3: AAngeDCo3eur (big blind) showed [Ac Ah] and won 900 with One pair : Aces


