Winamax Poker - Tournament "Expresso Nitro" buyIn: 0.93€ + 0.07€ level: 1 - HandId: #2729149677327876097-1-1676903115 - Holdem no limit (10/20) - 2023/02/20 14:25:15 UTC
Table: 'Expresso Nitro(635429676)#0' 3-max (real money) Seat #1 is the button
Seat 1: _SKR (300)
Seat 2: l&3incognito (300)
Seat 3: Azrael-77 (300)
*** ANTE/BLINDS ***
l&3incognito posts small blind 10
Azrael-77 posts big blind 20
Dealt to _SKR [6h Kc]
*** PRE-FLOP *** 
_SKR folds
l&3incognito folds
Azrael-77 collected 30 from pot
*** SUMMARY ***
Total pot 30 | No rake
Seat 3: Azrael-77 (big blind) won 30


Winamax Poker - Tournament "Expresso Nitro" buyIn: 0.93€ + 0.07€ level: 1 - HandId: #2729149677327876097-2-1676903126 - Holdem no limit (10/20) - 2023/02/20 14:25:26 UTC
Table: 'Expresso Nitro(635429676)#0' 3-max (real money) Seat #2 is the button
Seat 1: _SKR (300)
Seat 2: l&3incognito (290)
Seat 3: Azrael-77 (310)
*** ANTE/BLINDS ***
Azrael-77 posts small blind 10
_SKR posts big blind 20
Dealt to _SKR [Tc Qh]
*** PRE-FLOP *** 
l&3incognito folds
Azrael-77 calls 10
_SKR checks
*** FLOP *** [2c 8h Td]
Azrael-77 bets 40
_SKR calls 40
*** TURN *** [2c 8h Td][7d]
Azrael-77 bets 120
_SKR raises 120 to 240 and is all-in
Azrael-77 folds
_SKR collected 480 from pot
*** SUMMARY ***
Total pot 480 | No rake
Board: [2c 8h Td 7d]
Seat 1: _SKR (big blind) won 480


Winamax Poker - Tournament "Expresso Nitro" buyIn: 0.93€ + 0.07€ level: 1 - HandId: #2729149677327876097-3-1676903144 - Holdem no limit (10/20) - 2023/02/20 14:25:44 UTC
Table: 'Expresso Nitro(635429676)#0' 3-max (real money) Seat #3 is the button
Seat 1: _SKR (480)
Seat 2: l&3incognito (290)
Seat 3: Azrael-77 (130)
*** ANTE/BLINDS ***
_SKR posts small blind 10
l&3incognito posts big blind 20
Dealt to _SKR [6c 7h]
*** PRE-FLOP *** 
Azrael-77 raises 110 to 130 and is all-in
_SKR folds
l&3incognito folds
Azrael-77 collected 160 from pot
*** SUMMARY ***
Total pot 160 | No rake
Seat 3: Azrael-77 (button) won 160


Winamax Poker - Tournament "Expresso Nitro" buyIn: 0.93€ + 0.07€ level: 1 - HandId: #2729149677327876097-4-1676903153 - Holdem no limit (10/20) - 2023/02/20 14:25:53 UTC
Table: 'Expresso Nitro(635429676)#0' 3-max (real money) Seat #1 is the button
Seat 1: _SKR (470)
Seat 2: l&3incognito (270)
Seat 3: Azrael-77 (160)
*** ANTE/BLINDS ***
l&3incognito posts small blind 10
Azrael-77 posts big blind 20
Dealt to _SKR [3s Tc]
*** PRE-FLOP *** 
_SKR folds
l&3incognito raises 250 to 270 and is all-in
Azrael-77 folds
l&3incognito collected 290 from pot
*** SUMMARY ***
Total pot 290 | No rake
Seat 2: l&3incognito (small blind) won 290


Winamax Poker - Tournament "Expresso Nitro" buyIn: 0.93€ + 0.07€ level: 1 - HandId: #2729149677327876097-5-1676903160 - Holdem no limit (10/20) - 2023/02/20 14:26:00 UTC
Table: 'Expresso Nitro(635429676)#0' 3-max (real money) Seat #2 is the button
Seat 1: _SKR (470)
Seat 2: l&3incognito (290)
Seat 3: Azrael-77 (140)
*** ANTE/BLINDS ***
Azrael-77 posts small blind 10
_SKR posts big blind 20
Dealt to _SKR [5d 3s]
*** PRE-FLOP *** 
l&3incognito raises 20 to 40
Azrael-77 raises 100 to 140 and is all-in
_SKR folds
l&3incognito folds
Azrael-77 collected 200 from pot
*** SUMMARY ***
Total pot 200 | No rake
Seat 3: Azrael-77 (small blind) won 200


Winamax Poker - Tournament "Expresso Nitro" buyIn: 0.93€ + 0.07€ level: 1 - HandId: #2729149677327876097-6-1676903170 - Holdem no limit (10/20) - 2023/02/20 14:26:10 UTC
Table: 'Expresso Nitro(635429676)#0' 3-max (real money) Seat #3 is the button
Seat 1: _SKR (450)
Seat 2: l&3incognito (250)
Seat 3: Azrael-77 (200)
*** ANTE/BLINDS ***
_SKR posts small blind 10
l&3incognito posts big blind 20
Dealt to _SKR [8d Qd]
*** PRE-FLOP *** 
Azrael-77 folds
_SKR calls 10
l&3incognito raises 230 to 250 and is all-in
_SKR folds
l&3incognito collected 270 from pot
*** SUMMARY ***
Total pot 270 | No rake
Seat 2: l&3incognito (big blind) won 270


Winamax Poker - Tournament "Expresso Nitro" buyIn: 0.93€ + 0.07€ level: 2 - HandId: #2729149677327876097-7-1676903186 - Holdem no limit (15/30) - 2023/02/20 14:26:26 UTC
Table: 'Expresso Nitro(635429676)#0' 3-max (real money) Seat #1 is the button
Seat 1: _SKR (430)
Seat 2: l&3incognito (270)
Seat 3: Azrael-77 (200)
*** ANTE/BLINDS ***
l&3incognito posts small blind 15
Azrael-77 posts big blind 30
Dealt to _SKR [6d Qh]
*** PRE-FLOP *** 
_SKR folds
l&3incognito raises 240 to 270 and is all-in
Azrael-77 folds
l&3incognito collected 300 from pot
*** SUMMARY ***
Total pot 300 | No rake
Seat 2: l&3incognito (small blind) won 300


Winamax Poker - Tournament "Expresso Nitro" buyIn: 0.93€ + 0.07€ level: 2 - HandId: #2729149677327876097-8-1676903192 - Holdem no limit (15/30) - 2023/02/20 14:26:32 UTC
Table: 'Expresso Nitro(635429676)#0' 3-max (real money) Seat #2 is the button
Seat 1: _SKR (430)
Seat 2: l&3incognito (300)
Seat 3: Azrael-77 (170)
*** ANTE/BLINDS ***
Azrael-77 posts small blind 15
_SKR posts big blind 30
Dealt to _SKR [Jc 9c]
*** PRE-FLOP *** 
l&3incognito folds
Azrael-77 raises 140 to 170 and is all-in
_SKR calls 140
*** FLOP *** [3h 3c 9h]
*** TURN *** [3h 3c 9h][4d]
*** RIVER *** [3h 3c 9h 4d][Js]
*** SHOW DOWN ***
Azrael-77 shows [Kh Jh] (Two pairs : Jacks and 3)
_SKR shows [Jc 9c] (Two pairs : Jacks and 9)
_SKR collected 340 from pot
*** SUMMARY ***
Total pot 340 | No rake
Board: [3h 3c 9h 4d Js]
Seat 1: _SKR (big blind) showed [Jc 9c] and won 340 with Two pairs : Jacks and 9
Seat 3: Azrael-77 (small blind) showed [Kh Jh] and lost with Two pairs : Jacks and 3


Winamax Poker - Tournament "Expresso Nitro" buyIn: 0.93€ + 0.07€ level: 2 - HandId: #2729149677327876097-9-1676903208 - Holdem no limit (15/30) - 2023/02/20 14:26:48 UTC
Table: 'Expresso Nitro(635429676)#0' 3-max (real money) Seat #1 is the button
Seat 1: _SKR (600)
Seat 2: l&3incognito (300)
*** ANTE/BLINDS ***
_SKR posts small blind 15
l&3incognito posts big blind 30
Dealt to _SKR [6c 4h]
*** PRE-FLOP *** 
_SKR folds
l&3incognito collected 45 from pot
*** SUMMARY ***
Total pot 45 | No rake
Seat 2: l&3incognito (big blind) won 45


Winamax Poker - Tournament "Expresso Nitro" buyIn: 0.93€ + 0.07€ level: 2 - HandId: #2729149677327876097-10-1676903212 - Holdem no limit (15/30) - 2023/02/20 14:26:52 UTC
Table: 'Expresso Nitro(635429676)#0' 3-max (real money) Seat #2 is the button
Seat 1: _SKR (585)
Seat 2: l&3incognito (315)
*** ANTE/BLINDS ***
l&3incognito posts small blind 15
_SKR posts big blind 30
Dealt to _SKR [9s 3h]
*** PRE-FLOP *** 
l&3incognito raises 285 to 315 and is all-in
_SKR folds
l&3incognito collected 345 from pot
*** SUMMARY ***
Total pot 345 | No rake
Seat 2: l&3incognito (small blind) (button) won 345


Winamax Poker - Tournament "Expresso Nitro" buyIn: 0.93€ + 0.07€ level: 2 - HandId: #2729149677327876097-11-1676903217 - Holdem no limit (15/30) - 2023/02/20 14:26:57 UTC
Table: 'Expresso Nitro(635429676)#0' 3-max (real money) Seat #1 is the button
Seat 1: _SKR (555)
Seat 2: l&3incognito (345)
*** ANTE/BLINDS ***
_SKR posts small blind 15
l&3incognito posts big blind 30
Dealt to _SKR [Td Jh]
*** PRE-FLOP *** 
_SKR raises 30 to 60
l&3incognito calls 30
*** FLOP *** [2c 4h Ac]
l&3incognito checks
_SKR checks
*** TURN *** [2c 4h Ac][2d]
l&3incognito bets 60
_SKR folds
l&3incognito collected 180 from pot
*** SUMMARY ***
Total pot 180 | No rake
Board: [2c 4h Ac 2d]
Seat 2: l&3incognito (big blind) won 180


Winamax Poker - Tournament "Expresso Nitro" buyIn: 0.93€ + 0.07€ level: 3 - HandId: #2729149677327876097-12-1676903253 - Holdem no limit (20/40) - 2023/02/20 14:27:33 UTC
Table: 'Expresso Nitro(635429676)#0' 3-max (real money) Seat #2 is the button
Seat 1: _SKR (495)
Seat 2: l&3incognito (405)
*** ANTE/BLINDS ***
l&3incognito posts small blind 20
_SKR posts big blind 40
Dealt to _SKR [Ts 7s]
*** PRE-FLOP *** 
l&3incognito folds
_SKR collected 60 from pot
*** SUMMARY ***
Total pot 60 | No rake
Seat 1: _SKR (big blind) won 60


Winamax Poker - Tournament "Expresso Nitro" buyIn: 0.93€ + 0.07€ level: 3 - HandId: #2729149677327876097-13-1676903257 - Holdem no limit (20/40) - 2023/02/20 14:27:37 UTC
Table: 'Expresso Nitro(635429676)#0' 3-max (real money) Seat #1 is the button
Seat 1: _SKR (515)
Seat 2: l&3incognito (385)
*** ANTE/BLINDS ***
_SKR posts small blind 20
l&3incognito posts big blind 40
Dealt to _SKR [6d 6c]
*** PRE-FLOP *** 
_SKR raises 475 to 515 and is all-in
l&3incognito calls 345 and is all-in
*** FLOP *** [3c 9h 4s]
*** TURN *** [3c 9h 4s][5d]
*** RIVER *** [3c 9h 4s 5d][4h]
*** SHOW DOWN ***
l&3incognito shows [Jh Qs] (One pair : 4)
_SKR shows [6d 6c] (Two pairs : 6 and 4)
_SKR collected 900 from pot
*** SUMMARY ***
Total pot 900 | No rake
Board: [3c 9h 4s 5d 4h]
Seat 1: _SKR (small blind) (button) showed [6d 6c] and won 900 with Two pairs : 6 and 4
Seat 2: l&3incognito (big blind) showed [Jh Qs] and lost with One pair : 4


