Winamax Poker - Tournament "Expresso Nitro" buyIn: 0.93€ + 0.07€ level: 1 - HandId: #2692541450565976065-1-1674829702 - Holdem no limit (10/20) - 2023/01/27 14:28:22 UTC
Table: 'Expresso Nitro(626906159)#0' 3-max (real money) Seat #2 is the button
Seat 1: _SKR (300)
Seat 2: Yas. (300)
Seat 3: MECrack71393 (300)
*** ANTE/BLINDS ***
MECrack71393 posts small blind 10
_SKR posts big blind 20
Dealt to _SKR [As 8c]
*** PRE-FLOP *** 
Yas. calls 20
MECrack71393 calls 10
_SKR raises 280 to 300 and is all-in
Yas. calls 280 and is all-in
MECrack71393 folds
*** FLOP *** [3s 9d 7c]
*** TURN *** [3s 9d 7c][Td]
*** RIVER *** [3s 9d 7c Td][3h]
*** SHOW DOWN ***
Yas. shows [6c Jc] (One pair : 3)
_SKR shows [As 8c] (One pair : 3)
_SKR collected 620 from pot
*** SUMMARY ***
Total pot 620 | No rake
Board: [3s 9d 7c Td 3h]
Seat 1: _SKR (big blind) showed [As 8c] and won 620 with One pair : 3
Seat 2: Yas. (button) showed [6c Jc] and lost with One pair : 3


Winamax Poker - Tournament "Expresso Nitro" buyIn: 0.93€ + 0.07€ level: 1 - HandId: #2692541450565976065-2-1674829728 - Holdem no limit (10/20) - 2023/01/27 14:28:48 UTC
Table: 'Expresso Nitro(626906159)#0' 3-max (real money) Seat #1 is the button
Seat 1: _SKR (620)
Seat 3: MECrack71393 (280)
*** ANTE/BLINDS ***
_SKR posts small blind 10
MECrack71393 posts big blind 20
Dealt to _SKR [3h 2h]
*** PRE-FLOP *** 
_SKR folds
MECrack71393 collected 30 from pot
*** SUMMARY ***
Total pot 30 | No rake
Seat 3: MECrack71393 (big blind) won 30


Winamax Poker - Tournament "Expresso Nitro" buyIn: 0.93€ + 0.07€ level: 1 - HandId: #2692541450565976065-3-1674829732 - Holdem no limit (10/20) - 2023/01/27 14:28:52 UTC
Table: 'Expresso Nitro(626906159)#0' 3-max (real money) Seat #3 is the button
Seat 1: _SKR (610)
Seat 3: MECrack71393 (290)
*** ANTE/BLINDS ***
MECrack71393 posts small blind 10
_SKR posts big blind 20
Dealt to _SKR [Qc 7s]
*** PRE-FLOP *** 
MECrack71393 folds
_SKR collected 30 from pot
*** SUMMARY ***
Total pot 30 | No rake
Seat 1: _SKR (big blind) won 30


Winamax Poker - Tournament "Expresso Nitro" buyIn: 0.93€ + 0.07€ level: 1 - HandId: #2692541450565976065-4-1674829736 - Holdem no limit (10/20) - 2023/01/27 14:28:56 UTC
Table: 'Expresso Nitro(626906159)#0' 3-max (real money) Seat #1 is the button
Seat 1: _SKR (620)
Seat 3: MECrack71393 (280)
*** ANTE/BLINDS ***
_SKR posts small blind 10
MECrack71393 posts big blind 20
Dealt to _SKR [9c 6c]
*** PRE-FLOP *** 
_SKR folds
MECrack71393 collected 30 from pot
*** SUMMARY ***
Total pot 30 | No rake
Seat 3: MECrack71393 (big blind) won 30


Winamax Poker - Tournament "Expresso Nitro" buyIn: 0.93€ + 0.07€ level: 1 - HandId: #2692541450565976065-5-1674829741 - Holdem no limit (10/20) - 2023/01/27 14:29:01 UTC
Table: 'Expresso Nitro(626906159)#0' 3-max (real money) Seat #3 is the button
Seat 1: _SKR (610)
Seat 3: MECrack71393 (290)
*** ANTE/BLINDS ***
MECrack71393 posts small blind 10
_SKR posts big blind 20
Dealt to _SKR [Jh 3d]
*** PRE-FLOP *** 
MECrack71393 raises 270 to 290 and is all-in
_SKR folds
MECrack71393 collected 310 from pot
*** SUMMARY ***
Total pot 310 | No rake
Seat 3: MECrack71393 (small blind) (button) won 310


Winamax Poker - Tournament "Expresso Nitro" buyIn: 0.93€ + 0.07€ level: 2 - HandId: #2692541450565976065-6-1674829760 - Holdem no limit (15/30) - 2023/01/27 14:29:20 UTC
Table: 'Expresso Nitro(626906159)#0' 3-max (real money) Seat #1 is the button
Seat 1: _SKR (590)
Seat 3: MECrack71393 (310)
*** ANTE/BLINDS ***
_SKR posts small blind 15
MECrack71393 posts big blind 30
Dealt to _SKR [4d 7d]
*** PRE-FLOP *** 
_SKR folds
MECrack71393 collected 45 from pot
*** SUMMARY ***
Total pot 45 | No rake
Seat 3: MECrack71393 (big blind) won 45


Winamax Poker - Tournament "Expresso Nitro" buyIn: 0.93€ + 0.07€ level: 2 - HandId: #2692541450565976065-7-1674829766 - Holdem no limit (15/30) - 2023/01/27 14:29:26 UTC
Table: 'Expresso Nitro(626906159)#0' 3-max (real money) Seat #3 is the button
Seat 1: _SKR (575)
Seat 3: MECrack71393 (325)
*** ANTE/BLINDS ***
MECrack71393 posts small blind 15
_SKR posts big blind 30
Dealt to _SKR [7d 9d]
*** PRE-FLOP *** 
MECrack71393 folds
_SKR collected 45 from pot
*** SUMMARY ***
Total pot 45 | No rake
Seat 1: _SKR (big blind) won 45


Winamax Poker - Tournament "Expresso Nitro" buyIn: 0.93€ + 0.07€ level: 2 - HandId: #2692541450565976065-8-1674829771 - Holdem no limit (15/30) - 2023/01/27 14:29:31 UTC
Table: 'Expresso Nitro(626906159)#0' 3-max (real money) Seat #1 is the button
Seat 1: _SKR (590)
Seat 3: MECrack71393 (310)
*** ANTE/BLINDS ***
_SKR posts small blind 15
MECrack71393 posts big blind 30
Dealt to _SKR [8h Kc]
*** PRE-FLOP *** 
_SKR raises 560 to 590 and is all-in
MECrack71393 folds
_SKR collected 620 from pot
*** SUMMARY ***
Total pot 620 | No rake
Seat 1: _SKR (small blind) (button) won 620


Winamax Poker - Tournament "Expresso Nitro" buyIn: 0.93€ + 0.07€ level: 2 - HandId: #2692541450565976065-9-1674829789 - Holdem no limit (15/30) - 2023/01/27 14:29:49 UTC
Table: 'Expresso Nitro(626906159)#0' 3-max (real money) Seat #3 is the button
Seat 1: _SKR (620)
Seat 3: MECrack71393 (280)
*** ANTE/BLINDS ***
MECrack71393 posts small blind 15
_SKR posts big blind 30
Dealt to _SKR [7s Qh]
*** PRE-FLOP *** 
MECrack71393 folds
_SKR collected 45 from pot
*** SUMMARY ***
Total pot 45 | No rake
Seat 1: _SKR (big blind) won 45


Winamax Poker - Tournament "Expresso Nitro" buyIn: 0.93€ + 0.07€ level: 2 - HandId: #2692541450565976065-10-1674829795 - Holdem no limit (15/30) - 2023/01/27 14:29:55 UTC
Table: 'Expresso Nitro(626906159)#0' 3-max (real money) Seat #1 is the button
Seat 1: _SKR (635)
Seat 3: MECrack71393 (265)
*** ANTE/BLINDS ***
_SKR posts small blind 15
MECrack71393 posts big blind 30
Dealt to _SKR [Ac Ad]
*** PRE-FLOP *** 
_SKR calls 15
MECrack71393 checks
*** FLOP *** [Qh 8d 6d]
MECrack71393 bets 60
_SKR raises 545 to 605 and is all-in
MECrack71393 folds
_SKR collected 725 from pot
*** SUMMARY ***
Total pot 725 | No rake
Board: [Qh 8d 6d]
Seat 1: _SKR (small blind) (button) won 725


Winamax Poker - Tournament "Expresso Nitro" buyIn: 0.93€ + 0.07€ level: 2 - HandId: #2692541450565976065-11-1674829814 - Holdem no limit (15/30) - 2023/01/27 14:30:14 UTC
Table: 'Expresso Nitro(626906159)#0' 3-max (real money) Seat #3 is the button
Seat 1: _SKR (725)
Seat 3: MECrack71393 (175)
*** ANTE/BLINDS ***
MECrack71393 posts small blind 15
_SKR posts big blind 30
Dealt to _SKR [3h Th]
*** PRE-FLOP *** 
MECrack71393 raises 60 to 90
_SKR folds
MECrack71393 collected 120 from pot
*** SUMMARY ***
Total pot 120 | No rake
Seat 3: MECrack71393 (small blind) (button) won 120


Winamax Poker - Tournament "Expresso Nitro" buyIn: 0.93€ + 0.07€ level: 3 - HandId: #2692541450565976065-12-1674829819 - Holdem no limit (20/40) - 2023/01/27 14:30:19 UTC
Table: 'Expresso Nitro(626906159)#0' 3-max (real money) Seat #1 is the button
Seat 1: _SKR (695)
Seat 3: MECrack71393 (205)
*** ANTE/BLINDS ***
_SKR posts small blind 20
MECrack71393 posts big blind 40
Dealt to _SKR [2s 9d]
*** PRE-FLOP *** 
_SKR folds
MECrack71393 collected 60 from pot
*** SUMMARY ***
Total pot 60 | No rake
Seat 3: MECrack71393 (big blind) won 60


Winamax Poker - Tournament "Expresso Nitro" buyIn: 0.93€ + 0.07€ level: 3 - HandId: #2692541450565976065-13-1674829823 - Holdem no limit (20/40) - 2023/01/27 14:30:23 UTC
Table: 'Expresso Nitro(626906159)#0' 3-max (real money) Seat #3 is the button
Seat 1: _SKR (675)
Seat 3: MECrack71393 (225)
*** ANTE/BLINDS ***
MECrack71393 posts small blind 20
_SKR posts big blind 40
Dealt to _SKR [3c 6c]
*** PRE-FLOP *** 
MECrack71393 folds
_SKR collected 60 from pot
*** SUMMARY ***
Total pot 60 | No rake
Seat 1: _SKR (big blind) won 60


Winamax Poker - Tournament "Expresso Nitro" buyIn: 0.93€ + 0.07€ level: 3 - HandId: #2692541450565976065-14-1674829827 - Holdem no limit (20/40) - 2023/01/27 14:30:27 UTC
Table: 'Expresso Nitro(626906159)#0' 3-max (real money) Seat #1 is the button
Seat 1: _SKR (695)
Seat 3: MECrack71393 (205)
*** ANTE/BLINDS ***
_SKR posts small blind 20
MECrack71393 posts big blind 40
Dealt to _SKR [Qc As]
*** PRE-FLOP *** 
_SKR raises 655 to 695 and is all-in
MECrack71393 folds
_SKR collected 735 from pot
*** SUMMARY ***
Total pot 735 | No rake
Seat 1: _SKR (small blind) (button) won 735


Winamax Poker - Tournament "Expresso Nitro" buyIn: 0.93€ + 0.07€ level: 3 - HandId: #2692541450565976065-15-1674829835 - Holdem no limit (20/40) - 2023/01/27 14:30:35 UTC
Table: 'Expresso Nitro(626906159)#0' 3-max (real money) Seat #3 is the button
Seat 1: _SKR (735)
Seat 3: MECrack71393 (165)
*** ANTE/BLINDS ***
MECrack71393 posts small blind 20
_SKR posts big blind 40
Dealt to _SKR [3h Qs]
*** PRE-FLOP *** 
MECrack71393 raises 125 to 165 and is all-in
_SKR folds
MECrack71393 collected 205 from pot
*** SUMMARY ***
Total pot 205 | No rake
Seat 3: MECrack71393 (small blind) (button) won 205


Winamax Poker - Tournament "Expresso Nitro" buyIn: 0.93€ + 0.07€ level: 3 - HandId: #2692541450565976065-16-1674829842 - Holdem no limit (20/40) - 2023/01/27 14:30:42 UTC
Table: 'Expresso Nitro(626906159)#0' 3-max (real money) Seat #1 is the button
Seat 1: _SKR (695)
Seat 3: MECrack71393 (205)
*** ANTE/BLINDS ***
_SKR posts small blind 20
MECrack71393 posts big blind 40
Dealt to _SKR [4d 8d]
*** PRE-FLOP *** 
_SKR folds
MECrack71393 collected 60 from pot
*** SUMMARY ***
Total pot 60 | No rake
Seat 3: MECrack71393 (big blind) won 60


Winamax Poker - Tournament "Expresso Nitro" buyIn: 0.93€ + 0.07€ level: 3 - HandId: #2692541450565976065-17-1674829846 - Holdem no limit (20/40) - 2023/01/27 14:30:46 UTC
Table: 'Expresso Nitro(626906159)#0' 3-max (real money) Seat #3 is the button
Seat 1: _SKR (675)
Seat 3: MECrack71393 (225)
*** ANTE/BLINDS ***
MECrack71393 posts small blind 20
_SKR posts big blind 40
Dealt to _SKR [4d 4h]
*** PRE-FLOP *** 
MECrack71393 folds
_SKR collected 60 from pot
*** SUMMARY ***
Total pot 60 | No rake
Seat 1: _SKR (big blind) won 60


Winamax Poker - Tournament "Expresso Nitro" buyIn: 0.93€ + 0.07€ level: 3 - HandId: #2692541450565976065-18-1674829851 - Holdem no limit (20/40) - 2023/01/27 14:30:51 UTC
Table: 'Expresso Nitro(626906159)#0' 3-max (real money) Seat #1 is the button
Seat 1: _SKR (695)
Seat 3: MECrack71393 (205)
*** ANTE/BLINDS ***
_SKR posts small blind 20
MECrack71393 posts big blind 40
Dealt to _SKR [2s Qh]
*** PRE-FLOP *** 
_SKR folds
MECrack71393 collected 60 from pot
*** SUMMARY ***
Total pot 60 | No rake
Seat 3: MECrack71393 (big blind) won 60


Winamax Poker - Tournament "Expresso Nitro" buyIn: 0.93€ + 0.07€ level: 3 - HandId: #2692541450565976065-19-1674829855 - Holdem no limit (20/40) - 2023/01/27 14:30:55 UTC
Table: 'Expresso Nitro(626906159)#0' 3-max (real money) Seat #3 is the button
Seat 1: _SKR (675)
Seat 3: MECrack71393 (225)
*** ANTE/BLINDS ***
MECrack71393 posts small blind 20
_SKR posts big blind 40
Dealt to _SKR [4c 9c]
*** PRE-FLOP *** 
MECrack71393 folds
_SKR collected 60 from pot
*** SUMMARY ***
Total pot 60 | No rake
Seat 1: _SKR (big blind) won 60


Winamax Poker - Tournament "Expresso Nitro" buyIn: 0.93€ + 0.07€ level: 3 - HandId: #2692541450565976065-20-1674829861 - Holdem no limit (20/40) - 2023/01/27 14:31:01 UTC
Table: 'Expresso Nitro(626906159)#0' 3-max (real money) Seat #1 is the button
Seat 1: _SKR (695)
Seat 3: MECrack71393 (205)
*** ANTE/BLINDS ***
_SKR posts small blind 20
MECrack71393 posts big blind 40
Dealt to _SKR [Kh Td]
*** PRE-FLOP *** 
_SKR raises 655 to 695 and is all-in
MECrack71393 folds
_SKR collected 735 from pot
*** SUMMARY ***
Total pot 735 | No rake
Seat 1: _SKR (small blind) (button) won 735


Winamax Poker - Tournament "Expresso Nitro" buyIn: 0.93€ + 0.07€ level: 3 - HandId: #2692541450565976065-21-1674829867 - Holdem no limit (20/40) - 2023/01/27 14:31:07 UTC
Table: 'Expresso Nitro(626906159)#0' 3-max (real money) Seat #3 is the button
Seat 1: _SKR (735)
Seat 3: MECrack71393 (165)
*** ANTE/BLINDS ***
MECrack71393 posts small blind 20
_SKR posts big blind 40
Dealt to _SKR [Qd Kh]
*** PRE-FLOP *** 
MECrack71393 raises 125 to 165 and is all-in
_SKR calls 125
*** FLOP *** [4c As Jh]
*** TURN *** [4c As Jh][Kd]
*** RIVER *** [4c As Jh Kd][7d]
*** SHOW DOWN ***
MECrack71393 shows [8c Ks] (One pair : Kings)
_SKR shows [Qd Kh] (One pair : Kings)
_SKR collected 330 from pot
*** SUMMARY ***
Total pot 330 | No rake
Board: [4c As Jh Kd 7d]
Seat 1: _SKR (big blind) showed [Qd Kh] and won 330 with One pair : Kings
Seat 3: MECrack71393 (small blind) (button) showed [8c Ks] and lost with One pair : Kings


