Winamax Poker - Tournament "Expresso Nitro" buyIn: 1.86€ + 0.14€ level: 1 - HandId: #2694774399768199169-1-1674956149 - Holdem no limit (10/20) - 2023/01/29 01:35:49 UTC
Table: 'Expresso Nitro(627426058)#0' 3-max (real money) Seat #3 is the button
Seat 1: Trinita35 (300)
Seat 2: Ray69 (300)
Seat 3: _SKR (300)
*** ANTE/BLINDS ***
Trinita35 posts small blind 10
Ray69 posts big blind 20
Dealt to _SKR [Js Qs]
*** PRE-FLOP *** 
_SKR raises 20 to 40
Trinita35 calls 30
Ray69 calls 20
*** FLOP *** [3h Qd 9d]
Trinita35 checks
Ray69 checks
_SKR bets 60
Trinita35 raises 200 to 260 and is all-in
Ray69 folds
_SKR calls 200 and is all-in
*** TURN *** [3h Qd 9d][4c]
*** RIVER *** [3h Qd 9d 4c][Kc]
*** SHOW DOWN ***
Trinita35 shows [5d 4d] (One pair : 4)
_SKR shows [Js Qs] (One pair : Queens)
_SKR collected 640 from pot
*** SUMMARY ***
Total pot 640 | No rake
Board: [3h Qd 9d 4c Kc]
Seat 1: Trinita35 (small blind) showed [5d 4d] and lost with One pair : 4
Seat 3: _SKR (button) showed [Js Qs] and won 640 with One pair : Queens


Winamax Poker - Tournament "Expresso Nitro" buyIn: 1.86€ + 0.14€ level: 1 - HandId: #2694774399768199169-2-1674956188 - Holdem no limit (10/20) - 2023/01/29 01:36:28 UTC
Table: 'Expresso Nitro(627426058)#0' 3-max (real money) Seat #2 is the button
Seat 2: Ray69 (260)
Seat 3: _SKR (640)
*** ANTE/BLINDS ***
Ray69 posts small blind 10
_SKR posts big blind 20
Dealt to _SKR [4h 4d]
*** PRE-FLOP *** 
Ray69 raises 240 to 260 and is all-in
_SKR calls 240
*** FLOP *** [3c 7s Ad]
*** TURN *** [3c 7s Ad][6c]
*** RIVER *** [3c 7s Ad 6c][Tc]
*** SHOW DOWN ***
_SKR shows [4h 4d] (One pair : 4)
Ray69 shows [Jd Ah] (One pair : Aces)
Ray69 collected 520 from pot
*** SUMMARY ***
Total pot 520 | No rake
Board: [3c 7s Ad 6c Tc]
Seat 2: Ray69 (small blind) (button) showed [Jd Ah] and won 520 with One pair : Aces
Seat 3: _SKR (big blind) showed [4h 4d] and lost with One pair : 4


Winamax Poker - Tournament "Expresso Nitro" buyIn: 1.86€ + 0.14€ level: 2 - HandId: #2694774399768199169-3-1674956205 - Holdem no limit (15/30) - 2023/01/29 01:36:45 UTC
Table: 'Expresso Nitro(627426058)#0' 3-max (real money) Seat #3 is the button
Seat 2: Ray69 (520)
Seat 3: _SKR (380)
*** ANTE/BLINDS ***
_SKR posts small blind 15
Ray69 posts big blind 30
Dealt to _SKR [7s 5c]
*** PRE-FLOP *** 
_SKR folds
Ray69 collected 45 from pot
*** SUMMARY ***
Total pot 45 | No rake
Seat 2: Ray69 (big blind) won 45


Winamax Poker - Tournament "Expresso Nitro" buyIn: 1.86€ + 0.14€ level: 2 - HandId: #2694774399768199169-4-1674956210 - Holdem no limit (15/30) - 2023/01/29 01:36:50 UTC
Table: 'Expresso Nitro(627426058)#0' 3-max (real money) Seat #2 is the button
Seat 2: Ray69 (535)
Seat 3: _SKR (365)
*** ANTE/BLINDS ***
Ray69 posts small blind 15
_SKR posts big blind 30
Dealt to _SKR [2c 3d]
*** PRE-FLOP *** 
Ray69 raises 505 to 535 and is all-in
_SKR folds
Ray69 collected 565 from pot
*** SUMMARY ***
Total pot 565 | No rake
Seat 2: Ray69 (small blind) (button) won 565


Winamax Poker - Tournament "Expresso Nitro" buyIn: 1.86€ + 0.14€ level: 2 - HandId: #2694774399768199169-5-1674956218 - Holdem no limit (15/30) - 2023/01/29 01:36:58 UTC
Table: 'Expresso Nitro(627426058)#0' 3-max (real money) Seat #3 is the button
Seat 2: Ray69 (565)
Seat 3: _SKR (335)
*** ANTE/BLINDS ***
_SKR posts small blind 15
Ray69 posts big blind 30
Dealt to _SKR [4c Ah]
*** PRE-FLOP *** 
_SKR raises 305 to 335 and is all-in
Ray69 folds
_SKR collected 365 from pot
*** SUMMARY ***
Total pot 365 | No rake
Seat 3: _SKR (small blind) (button) won 365


Winamax Poker - Tournament "Expresso Nitro" buyIn: 1.86€ + 0.14€ level: 2 - HandId: #2694774399768199169-6-1674956223 - Holdem no limit (15/30) - 2023/01/29 01:37:03 UTC
Table: 'Expresso Nitro(627426058)#0' 3-max (real money) Seat #2 is the button
Seat 2: Ray69 (535)
Seat 3: _SKR (365)
*** ANTE/BLINDS ***
Ray69 posts small blind 15
_SKR posts big blind 30
Dealt to _SKR [Ac 5d]
*** PRE-FLOP *** 
Ray69 calls 15
_SKR raises 335 to 365 and is all-in
Ray69 folds
_SKR collected 395 from pot
*** SUMMARY ***
Total pot 395 | No rake
Seat 3: _SKR (big blind) won 395


Winamax Poker - Tournament "Expresso Nitro" buyIn: 1.86€ + 0.14€ level: 2 - HandId: #2694774399768199169-7-1674956233 - Holdem no limit (15/30) - 2023/01/29 01:37:13 UTC
Table: 'Expresso Nitro(627426058)#0' 3-max (real money) Seat #3 is the button
Seat 2: Ray69 (505)
Seat 3: _SKR (395)
*** ANTE/BLINDS ***
_SKR posts small blind 15
Ray69 posts big blind 30
Dealt to _SKR [Jc 2c]
*** PRE-FLOP *** 
_SKR folds
Ray69 collected 45 from pot
*** SUMMARY ***
Total pot 45 | No rake
Seat 2: Ray69 (big blind) won 45


Winamax Poker - Tournament "Expresso Nitro" buyIn: 1.86€ + 0.14€ level: 2 - HandId: #2694774399768199169-8-1674956237 - Holdem no limit (15/30) - 2023/01/29 01:37:17 UTC
Table: 'Expresso Nitro(627426058)#0' 3-max (real money) Seat #2 is the button
Seat 2: Ray69 (520)
Seat 3: _SKR (380)
*** ANTE/BLINDS ***
Ray69 posts small blind 15
_SKR posts big blind 30
Dealt to _SKR [Tc Js]
*** PRE-FLOP *** 
Ray69 raises 490 to 520 and is all-in
_SKR folds
Ray69 collected 550 from pot
*** SUMMARY ***
Total pot 550 | No rake
Seat 2: Ray69 (small blind) (button) won 550


Winamax Poker - Tournament "Expresso Nitro" buyIn: 1.86€ + 0.14€ level: 2 - HandId: #2694774399768199169-9-1674956247 - Holdem no limit (15/30) - 2023/01/29 01:37:27 UTC
Table: 'Expresso Nitro(627426058)#0' 3-max (real money) Seat #3 is the button
Seat 2: Ray69 (550)
Seat 3: _SKR (350)
*** ANTE/BLINDS ***
_SKR posts small blind 15
Ray69 posts big blind 30
Dealt to _SKR [2s Kh]
*** PRE-FLOP *** 
_SKR calls 15
Ray69 checks
*** FLOP *** [3c 4c Js]
Ray69 bets 30
_SKR folds
Ray69 collected 90 from pot
*** SUMMARY ***
Total pot 90 | No rake
Board: [3c 4c Js]
Seat 2: Ray69 (big blind) won 90


Winamax Poker - Tournament "Expresso Nitro" buyIn: 1.86€ + 0.14€ level: 2 - HandId: #2694774399768199169-10-1674956260 - Holdem no limit (15/30) - 2023/01/29 01:37:40 UTC
Table: 'Expresso Nitro(627426058)#0' 3-max (real money) Seat #2 is the button
Seat 2: Ray69 (580)
Seat 3: _SKR (320)
*** ANTE/BLINDS ***
Ray69 posts small blind 15
_SKR posts big blind 30
Dealt to _SKR [Ts Jh]
*** PRE-FLOP *** 
Ray69 folds
_SKR collected 45 from pot
*** SUMMARY ***
Total pot 45 | No rake
Seat 3: _SKR (big blind) won 45


Winamax Poker - Tournament "Expresso Nitro" buyIn: 1.86€ + 0.14€ level: 2 - HandId: #2694774399768199169-11-1674956264 - Holdem no limit (15/30) - 2023/01/29 01:37:44 UTC
Table: 'Expresso Nitro(627426058)#0' 3-max (real money) Seat #3 is the button
Seat 2: Ray69 (565)
Seat 3: _SKR (335)
*** ANTE/BLINDS ***
_SKR posts small blind 15
Ray69 posts big blind 30
Dealt to _SKR [Qd Jc]
*** PRE-FLOP *** 
_SKR raises 305 to 335 and is all-in
Ray69 folds
_SKR collected 365 from pot
*** SUMMARY ***
Total pot 365 | No rake
Seat 3: _SKR (small blind) (button) won 365


Winamax Poker - Tournament "Expresso Nitro" buyIn: 1.86€ + 0.14€ level: 3 - HandId: #2694774399768199169-12-1674956270 - Holdem no limit (20/40) - 2023/01/29 01:37:50 UTC
Table: 'Expresso Nitro(627426058)#0' 3-max (real money) Seat #2 is the button
Seat 2: Ray69 (535)
Seat 3: _SKR (365)
*** ANTE/BLINDS ***
Ray69 posts small blind 20
_SKR posts big blind 40
Dealt to _SKR [Qh Th]
*** PRE-FLOP *** 
Ray69 folds
_SKR collected 60 from pot
*** SUMMARY ***
Total pot 60 | No rake
Seat 3: _SKR (big blind) won 60


Winamax Poker - Tournament "Expresso Nitro" buyIn: 1.86€ + 0.14€ level: 3 - HandId: #2694774399768199169-13-1674956274 - Holdem no limit (20/40) - 2023/01/29 01:37:54 UTC
Table: 'Expresso Nitro(627426058)#0' 3-max (real money) Seat #3 is the button
Seat 2: Ray69 (515)
Seat 3: _SKR (385)
*** ANTE/BLINDS ***
_SKR posts small blind 20
Ray69 posts big blind 40
Dealt to _SKR [4s 9d]
*** PRE-FLOP *** 
_SKR folds
Ray69 collected 60 from pot
*** SUMMARY ***
Total pot 60 | No rake
Seat 2: Ray69 (big blind) won 60


Winamax Poker - Tournament "Expresso Nitro" buyIn: 1.86€ + 0.14€ level: 3 - HandId: #2694774399768199169-14-1674956278 - Holdem no limit (20/40) - 2023/01/29 01:37:58 UTC
Table: 'Expresso Nitro(627426058)#0' 3-max (real money) Seat #2 is the button
Seat 2: Ray69 (535)
Seat 3: _SKR (365)
*** ANTE/BLINDS ***
Ray69 posts small blind 20
_SKR posts big blind 40
Dealt to _SKR [7h 4h]
*** PRE-FLOP *** 
Ray69 raises 495 to 535 and is all-in
_SKR folds
Ray69 collected 575 from pot
*** SUMMARY ***
Total pot 575 | No rake
Seat 2: Ray69 (small blind) (button) won 575


Winamax Poker - Tournament "Expresso Nitro" buyIn: 1.86€ + 0.14€ level: 3 - HandId: #2694774399768199169-15-1674956286 - Holdem no limit (20/40) - 2023/01/29 01:38:06 UTC
Table: 'Expresso Nitro(627426058)#0' 3-max (real money) Seat #3 is the button
Seat 2: Ray69 (575)
Seat 3: _SKR (325)
*** ANTE/BLINDS ***
_SKR posts small blind 20
Ray69 posts big blind 40
Dealt to _SKR [6s Th]
*** PRE-FLOP *** 
_SKR folds
Ray69 collected 60 from pot
*** SUMMARY ***
Total pot 60 | No rake
Seat 2: Ray69 (big blind) won 60


Winamax Poker - Tournament "Expresso Nitro" buyIn: 1.86€ + 0.14€ level: 3 - HandId: #2694774399768199169-16-1674956291 - Holdem no limit (20/40) - 2023/01/29 01:38:11 UTC
Table: 'Expresso Nitro(627426058)#0' 3-max (real money) Seat #2 is the button
Seat 2: Ray69 (595)
Seat 3: _SKR (305)
*** ANTE/BLINDS ***
Ray69 posts small blind 20
_SKR posts big blind 40
Dealt to _SKR [2d Jc]
*** PRE-FLOP *** 
Ray69 raises 555 to 595 and is all-in
_SKR folds
Ray69 collected 635 from pot
*** SUMMARY ***
Total pot 635 | No rake
Seat 2: Ray69 (small blind) (button) won 635


Winamax Poker - Tournament "Expresso Nitro" buyIn: 1.86€ + 0.14€ level: 3 - HandId: #2694774399768199169-17-1674956297 - Holdem no limit (20/40) - 2023/01/29 01:38:17 UTC
Table: 'Expresso Nitro(627426058)#0' 3-max (real money) Seat #3 is the button
Seat 2: Ray69 (635)
Seat 3: _SKR (265)
*** ANTE/BLINDS ***
_SKR posts small blind 20
Ray69 posts big blind 40
Dealt to _SKR [8d 8s]
*** PRE-FLOP *** 
_SKR raises 225 to 265 and is all-in
Ray69 calls 225
*** FLOP *** [6s 7s 3d]
*** TURN *** [6s 7s 3d][Qh]
*** RIVER *** [6s 7s 3d Qh][8h]
*** SHOW DOWN ***
Ray69 shows [7d Kh] (One pair : 7)
_SKR shows [8d 8s] (Trips of 8)
_SKR collected 530 from pot
*** SUMMARY ***
Total pot 530 | No rake
Board: [6s 7s 3d Qh 8h]
Seat 2: Ray69 (big blind) showed [7d Kh] and lost with One pair : 7
Seat 3: _SKR (small blind) (button) showed [8d 8s] and won 530 with Trips of 8


Winamax Poker - Tournament "Expresso Nitro" buyIn: 1.86€ + 0.14€ level: 3 - HandId: #2694774399768199169-18-1674956311 - Holdem no limit (20/40) - 2023/01/29 01:38:31 UTC
Table: 'Expresso Nitro(627426058)#0' 3-max (real money) Seat #2 is the button
Seat 2: Ray69 (370)
Seat 3: _SKR (530)
*** ANTE/BLINDS ***
Ray69 posts small blind 20
_SKR posts big blind 40
Dealt to _SKR [Qs 5c]
*** PRE-FLOP *** 
Ray69 raises 330 to 370 and is all-in
_SKR folds
Ray69 collected 410 from pot
*** SUMMARY ***
Total pot 410 | No rake
Seat 2: Ray69 (small blind) (button) won 410


Winamax Poker - Tournament "Expresso Nitro" buyIn: 1.86€ + 0.14€ level: 3 - HandId: #2694774399768199169-19-1674956316 - Holdem no limit (20/40) - 2023/01/29 01:38:36 UTC
Table: 'Expresso Nitro(627426058)#0' 3-max (real money) Seat #3 is the button
Seat 2: Ray69 (410)
Seat 3: _SKR (490)
*** ANTE/BLINDS ***
_SKR posts small blind 20
Ray69 posts big blind 40
Dealt to _SKR [7h 3s]
*** PRE-FLOP *** 
_SKR folds
Ray69 collected 60 from pot
*** SUMMARY ***
Total pot 60 | No rake
Seat 2: Ray69 (big blind) won 60


Winamax Poker - Tournament "Expresso Nitro" buyIn: 1.86€ + 0.14€ level: 3 - HandId: #2694774399768199169-20-1674956321 - Holdem no limit (20/40) - 2023/01/29 01:38:41 UTC
Table: 'Expresso Nitro(627426058)#0' 3-max (real money) Seat #2 is the button
Seat 2: Ray69 (430)
Seat 3: _SKR (470)
*** ANTE/BLINDS ***
Ray69 posts small blind 20
_SKR posts big blind 40
Dealt to _SKR [4c Js]
*** PRE-FLOP *** 
Ray69 folds
_SKR collected 60 from pot
*** SUMMARY ***
Total pot 60 | No rake
Seat 3: _SKR (big blind) won 60


Winamax Poker - Tournament "Expresso Nitro" buyIn: 1.86€ + 0.14€ level: 3 - HandId: #2694774399768199169-21-1674956324 - Holdem no limit (20/40) - 2023/01/29 01:38:44 UTC
Table: 'Expresso Nitro(627426058)#0' 3-max (real money) Seat #3 is the button
Seat 2: Ray69 (410)
Seat 3: _SKR (490)
*** ANTE/BLINDS ***
_SKR posts small blind 20
Ray69 posts big blind 40
Dealt to _SKR [6h 5c]
*** PRE-FLOP *** 
_SKR folds
Ray69 collected 60 from pot
*** SUMMARY ***
Total pot 60 | No rake
Seat 2: Ray69 (big blind) won 60


Winamax Poker - Tournament "Expresso Nitro" buyIn: 1.86€ + 0.14€ level: 4 - HandId: #2694774399768199169-22-1674956331 - Holdem no limit (30/60) - 2023/01/29 01:38:51 UTC
Table: 'Expresso Nitro(627426058)#0' 3-max (real money) Seat #2 is the button
Seat 2: Ray69 (430)
Seat 3: _SKR (470)
*** ANTE/BLINDS ***
Ray69 posts small blind 30
_SKR posts big blind 60
Dealt to _SKR [3c 6d]
*** PRE-FLOP *** 
Ray69 raises 370 to 430 and is all-in
_SKR folds
Ray69 collected 490 from pot
*** SUMMARY ***
Total pot 490 | No rake
Seat 2: Ray69 (small blind) (button) won 490


Winamax Poker - Tournament "Expresso Nitro" buyIn: 1.86€ + 0.14€ level: 4 - HandId: #2694774399768199169-23-1674956337 - Holdem no limit (30/60) - 2023/01/29 01:38:57 UTC
Table: 'Expresso Nitro(627426058)#0' 3-max (real money) Seat #3 is the button
Seat 2: Ray69 (490)
Seat 3: _SKR (410)
*** ANTE/BLINDS ***
_SKR posts small blind 30
Ray69 posts big blind 60
Dealt to _SKR [3d Ah]
*** PRE-FLOP *** 
_SKR raises 350 to 410 and is all-in
Ray69 calls 350
*** FLOP *** [4h 5c 5h]
*** TURN *** [4h 5c 5h][Ac]
*** RIVER *** [4h 5c 5h Ac][9d]
*** SHOW DOWN ***
Ray69 shows [Jh Td] (One pair : 5)
_SKR shows [3d Ah] (Two pairs : Aces and 5)
_SKR collected 820 from pot
*** SUMMARY ***
Total pot 820 | No rake
Board: [4h 5c 5h Ac 9d]
Seat 2: Ray69 (big blind) showed [Jh Td] and lost with One pair : 5
Seat 3: _SKR (small blind) (button) showed [3d Ah] and won 820 with Two pairs : Aces and 5


Winamax Poker - Tournament "Expresso Nitro" buyIn: 1.86€ + 0.14€ level: 4 - HandId: #2694774399768199169-24-1674956354 - Holdem no limit (30/60) - 2023/01/29 01:39:14 UTC
Table: 'Expresso Nitro(627426058)#0' 3-max (real money) Seat #2 is the button
Seat 2: Ray69 (80)
Seat 3: _SKR (820)
*** ANTE/BLINDS ***
Ray69 posts small blind 30
_SKR posts big blind 60
Dealt to _SKR [4c 6d]
*** PRE-FLOP *** 
Ray69 raises 20 to 80 and is all-in
_SKR calls 20
*** FLOP *** [2h 5c Th]
*** TURN *** [2h 5c Th][Ks]
*** RIVER *** [2h 5c Th Ks][Ah]
*** SHOW DOWN ***
_SKR shows [4c 6d] (High card : Ace)
Ray69 shows [5h 3h] (Flush Ace high)
Ray69 collected 160 from pot
*** SUMMARY ***
Total pot 160 | No rake
Board: [2h 5c Th Ks Ah]
Seat 2: Ray69 (small blind) (button) showed [5h 3h] and won 160 with Flush Ace high
Seat 3: _SKR (big blind) showed [4c 6d] and lost with High card : Ace


Winamax Poker - Tournament "Expresso Nitro" buyIn: 1.86€ + 0.14€ level: 4 - HandId: #2694774399768199169-25-1674956366 - Holdem no limit (30/60) - 2023/01/29 01:39:26 UTC
Table: 'Expresso Nitro(627426058)#0' 3-max (real money) Seat #3 is the button
Seat 2: Ray69 (160)
Seat 3: _SKR (740)
*** ANTE/BLINDS ***
_SKR posts small blind 30
Ray69 posts big blind 60
Dealt to _SKR [7h 2h]
*** PRE-FLOP *** 
_SKR folds
Ray69 collected 90 from pot
*** SUMMARY ***
Total pot 90 | No rake
Seat 2: Ray69 (big blind) won 90


Winamax Poker - Tournament "Expresso Nitro" buyIn: 1.86€ + 0.14€ level: 4 - HandId: #2694774399768199169-26-1674956370 - Holdem no limit (30/60) - 2023/01/29 01:39:30 UTC
Table: 'Expresso Nitro(627426058)#0' 3-max (real money) Seat #2 is the button
Seat 2: Ray69 (190)
Seat 3: _SKR (710)
*** ANTE/BLINDS ***
Ray69 posts small blind 30
_SKR posts big blind 60
Dealt to _SKR [4h Td]
*** PRE-FLOP *** 
Ray69 raises 130 to 190 and is all-in
_SKR folds
Ray69 collected 250 from pot
*** SUMMARY ***
Total pot 250 | No rake
Seat 2: Ray69 (small blind) (button) won 250


Winamax Poker - Tournament "Expresso Nitro" buyIn: 1.86€ + 0.14€ level: 4 - HandId: #2694774399768199169-27-1674956379 - Holdem no limit (30/60) - 2023/01/29 01:39:39 UTC
Table: 'Expresso Nitro(627426058)#0' 3-max (real money) Seat #3 is the button
Seat 2: Ray69 (250)
Seat 3: _SKR (650)
*** ANTE/BLINDS ***
_SKR posts small blind 30
Ray69 posts big blind 60
Dealt to _SKR [6c 6s]
*** PRE-FLOP *** 
_SKR raises 590 to 650 and is all-in
Ray69 folds
_SKR collected 710 from pot
*** SUMMARY ***
Total pot 710 | No rake
Seat 3: _SKR (small blind) (button) won 710


Winamax Poker - Tournament "Expresso Nitro" buyIn: 1.86€ + 0.14€ level: 5 - HandId: #2694774399768199169-28-1674956391 - Holdem no limit (40/80) - 2023/01/29 01:39:51 UTC
Table: 'Expresso Nitro(627426058)#0' 3-max (real money) Seat #2 is the button
Seat 2: Ray69 (190)
Seat 3: _SKR (710)
*** ANTE/BLINDS ***
Ray69 posts small blind 40
_SKR posts big blind 80
Dealt to _SKR [8c 3d]
*** PRE-FLOP *** 
Ray69 raises 110 to 190 and is all-in
_SKR calls 110
*** FLOP *** [Qh 2c 6h]
*** TURN *** [Qh 2c 6h][Ad]
*** RIVER *** [Qh 2c 6h Ad][7s]
*** SHOW DOWN ***
_SKR shows [8c 3d] (High card : Ace)
Ray69 shows [Jh Qs] (One pair : Queens)
Ray69 collected 380 from pot
*** SUMMARY ***
Total pot 380 | No rake
Board: [Qh 2c 6h Ad 7s]
Seat 2: Ray69 (small blind) (button) showed [Jh Qs] and won 380 with One pair : Queens
Seat 3: _SKR (big blind) showed [8c 3d] and lost with High card : Ace


Winamax Poker - Tournament "Expresso Nitro" buyIn: 1.86€ + 0.14€ level: 5 - HandId: #2694774399768199169-29-1674956410 - Holdem no limit (40/80) - 2023/01/29 01:40:10 UTC
Table: 'Expresso Nitro(627426058)#0' 3-max (real money) Seat #3 is the button
Seat 2: Ray69 (380)
Seat 3: _SKR (520)
*** ANTE/BLINDS ***
_SKR posts small blind 40
Ray69 posts big blind 80
Dealt to _SKR [3c 9h]
*** PRE-FLOP *** 
_SKR folds
Ray69 collected 120 from pot
*** SUMMARY ***
Total pot 120 | No rake
Seat 2: Ray69 (big blind) won 120


Winamax Poker - Tournament "Expresso Nitro" buyIn: 1.86€ + 0.14€ level: 5 - HandId: #2694774399768199169-30-1674956415 - Holdem no limit (40/80) - 2023/01/29 01:40:15 UTC
Table: 'Expresso Nitro(627426058)#0' 3-max (real money) Seat #2 is the button
Seat 2: Ray69 (420)
Seat 3: _SKR (480)
*** ANTE/BLINDS ***
Ray69 posts small blind 40
_SKR posts big blind 80
Dealt to _SKR [4d 9h]
*** PRE-FLOP *** 
Ray69 raises 340 to 420 and is all-in
_SKR folds
Ray69 collected 500 from pot
*** SUMMARY ***
Total pot 500 | No rake
Seat 2: Ray69 (small blind) (button) won 500


Winamax Poker - Tournament "Expresso Nitro" buyIn: 1.86€ + 0.14€ level: 5 - HandId: #2694774399768199169-31-1674956420 - Holdem no limit (40/80) - 2023/01/29 01:40:20 UTC
Table: 'Expresso Nitro(627426058)#0' 3-max (real money) Seat #3 is the button
Seat 2: Ray69 (500)
Seat 3: _SKR (400)
*** ANTE/BLINDS ***
_SKR posts small blind 40
Ray69 posts big blind 80
Dealt to _SKR [Ad 8s]
*** PRE-FLOP *** 
_SKR raises 320 to 400 and is all-in
Ray69 folds
_SKR collected 480 from pot
*** SUMMARY ***
Total pot 480 | No rake
Seat 3: _SKR (small blind) (button) won 480


Winamax Poker - Tournament "Expresso Nitro" buyIn: 1.86€ + 0.14€ level: 5 - HandId: #2694774399768199169-32-1674956427 - Holdem no limit (40/80) - 2023/01/29 01:40:27 UTC
Table: 'Expresso Nitro(627426058)#0' 3-max (real money) Seat #2 is the button
Seat 2: Ray69 (420)
Seat 3: _SKR (480)
*** ANTE/BLINDS ***
Ray69 posts small blind 40
_SKR posts big blind 80
Dealt to _SKR [Qc Jd]
*** PRE-FLOP *** 
Ray69 raises 340 to 420 and is all-in
_SKR calls 340
*** FLOP *** [4s 5h 2h]
*** TURN *** [4s 5h 2h][8s]
*** RIVER *** [4s 5h 2h 8s][As]
*** SHOW DOWN ***
_SKR shows [Qc Jd] (High card : Ace)
Ray69 shows [Kc 7h] (High card : Ace)
Ray69 collected 840 from pot
*** SUMMARY ***
Total pot 840 | No rake
Board: [4s 5h 2h 8s As]
Seat 2: Ray69 (small blind) (button) showed [Kc 7h] and won 840 with High card : Ace
Seat 3: _SKR (big blind) showed [Qc Jd] and lost with High card : Ace


Winamax Poker - Tournament "Expresso Nitro" buyIn: 1.86€ + 0.14€ level: 5 - HandId: #2694774399768199169-33-1674956439 - Holdem no limit (40/80) - 2023/01/29 01:40:39 UTC
Table: 'Expresso Nitro(627426058)#0' 3-max (real money) Seat #3 is the button
Seat 2: Ray69 (840)
Seat 3: _SKR (60)
*** ANTE/BLINDS ***
_SKR posts small blind 40
Ray69 posts big blind 80
Dealt to _SKR [7c 5c]
*** PRE-FLOP *** 
_SKR calls 20 and is all-in
*** FLOP *** [9c Ac Qh]
*** TURN *** [9c Ac Qh][Qd]
*** RIVER *** [9c Ac Qh Qd][5d]
*** SHOW DOWN ***
Ray69 shows [7s 3d] (One pair : Queens)
_SKR shows [7c 5c] (Two pairs : Queens and 5)
_SKR collected 120 from main pot
Ray69 collected 20 from side pot 1
*** SUMMARY ***
Total pot 140 | No rake
Board: [9c Ac Qh Qd 5d]
Seat 2: Ray69 (big blind) showed [7s 3d] and won 20 with One pair : Queens
Seat 3: _SKR (small blind) (button) showed [7c 5c] and won 120 with Two pairs : Queens and 5


Winamax Poker - Tournament "Expresso Nitro" buyIn: 1.86€ + 0.14€ level: 6 - HandId: #2694774399768199169-34-1674956449 - Holdem no limit (50/100) - 2023/01/29 01:40:49 UTC
Table: 'Expresso Nitro(627426058)#0' 3-max (real money) Seat #2 is the button
Seat 2: Ray69 (780)
Seat 3: _SKR (120)
*** ANTE/BLINDS ***
Ray69 posts small blind 50
_SKR posts big blind 100
Dealt to _SKR [Kh 5d]
*** PRE-FLOP *** 
Ray69 raises 680 to 780 and is all-in
_SKR calls 20 and is all-in
*** FLOP *** [9h Ah 4h]
*** TURN *** [9h Ah 4h][7c]
*** RIVER *** [9h Ah 4h 7c][Jc]
*** SHOW DOWN ***
_SKR shows [Kh 5d] (High card : Ace)
Ray69 shows [Ad 9d] (Two pairs : Aces and 9)
Ray69 collected 900 from pot
*** SUMMARY ***
Total pot 900 | No rake
Board: [9h Ah 4h 7c Jc]
Seat 2: Ray69 (small blind) (button) showed [Ad 9d] and won 900 with Two pairs : Aces and 9
Seat 3: _SKR (big blind) showed [Kh 5d] and lost with High card : Ace


