Winamax Poker - Tournament "Expresso Nitro" buyIn: 1.86€ + 0.14€ level: 1 - HandId: #2698181296676405249-1-1675184400 - Holdem no limit (10/20) - 2023/01/31 17:00:00 UTC
Table: 'Expresso Nitro(628219288)#0' 3-max (real money) Seat #2 is the button
Seat 1: LioBer (300)
Seat 2: Parieur 1624 (300)
Seat 3: _SKR (300)
*** ANTE/BLINDS ***
_SKR posts small blind 10
LioBer posts big blind 20
Dealt to _SKR [Qc 8h]
*** PRE-FLOP *** 
Parieur 1624 calls 20
_SKR raises 280 to 300 and is all-in
LioBer folds
Parieur 1624 folds
_SKR collected 340 from pot
*** SUMMARY ***
Total pot 340 | No rake
Seat 3: _SKR (small blind) won 340


Winamax Poker - Tournament "Expresso Nitro" buyIn: 1.86€ + 0.14€ level: 1 - HandId: #2698181296676405249-2-1675184417 - Holdem no limit (10/20) - 2023/01/31 17:00:17 UTC
Table: 'Expresso Nitro(628219288)#0' 3-max (real money) Seat #3 is the button
Seat 1: LioBer (280)
Seat 2: Parieur 1624 (280)
Seat 3: _SKR (340)
*** ANTE/BLINDS ***
LioBer posts small blind 10
Parieur 1624 posts big blind 20
Dealt to _SKR [8d 5c]
*** PRE-FLOP *** 
_SKR folds
LioBer raises 30 to 50
Parieur 1624 calls 30
*** FLOP *** [Kc Qc 9s]
LioBer bets 30
Parieur 1624 calls 30
*** TURN *** [Kc Qc 9s][3d]
LioBer checks
Parieur 1624 checks
*** RIVER *** [Kc Qc 9s 3d][As]
LioBer checks
Parieur 1624 checks
*** SHOW DOWN ***
Parieur 1624 shows [Jh 4c] (High card : Ace)
LioBer shows [Jd Qd] (One pair : Queens)
LioBer collected 160 from pot
*** SUMMARY ***
Total pot 160 | No rake
Board: [Kc Qc 9s 3d As]
Seat 1: LioBer (small blind) showed [Jd Qd] and won 160 with One pair : Queens
Seat 2: Parieur 1624 (big blind) showed [Jh 4c] and lost with High card : Ace


Winamax Poker - Tournament "Expresso Nitro" buyIn: 1.86€ + 0.14€ level: 1 - HandId: #2698181296676405249-3-1675184449 - Holdem no limit (10/20) - 2023/01/31 17:00:49 UTC
Table: 'Expresso Nitro(628219288)#0' 3-max (real money) Seat #1 is the button
Seat 1: LioBer (360)
Seat 2: Parieur 1624 (200)
Seat 3: _SKR (340)
*** ANTE/BLINDS ***
Parieur 1624 posts small blind 10
_SKR posts big blind 20
Dealt to _SKR [Ks 6h]
*** PRE-FLOP *** 
LioBer raises 340 to 360 and is all-in
Parieur 1624 calls 190 and is all-in
_SKR folds
*** FLOP *** [5c 9s Jd]
*** TURN *** [5c 9s Jd][6s]
*** RIVER *** [5c 9s Jd 6s][3d]
*** SHOW DOWN ***
Parieur 1624 shows [Ac 4d] (High card : Ace)
LioBer shows [4h 4c] (One pair : 4)
LioBer collected 580 from pot
*** SUMMARY ***
Total pot 580 | No rake
Board: [5c 9s Jd 6s 3d]
Seat 1: LioBer (button) showed [4h 4c] and won 580 with One pair : 4
Seat 2: Parieur 1624 (small blind) showed [Ac 4d] and lost with High card : Ace


Winamax Poker - Tournament "Expresso Nitro" buyIn: 1.86€ + 0.14€ level: 2 - HandId: #2698181296676405249-4-1675184468 - Holdem no limit (15/30) - 2023/01/31 17:01:08 UTC
Table: 'Expresso Nitro(628219288)#0' 3-max (real money) Seat #3 is the button
Seat 1: LioBer (580)
Seat 3: _SKR (320)
*** ANTE/BLINDS ***
_SKR posts small blind 15
LioBer posts big blind 30
Dealt to _SKR [Qs 9h]
*** PRE-FLOP *** 
_SKR calls 15
LioBer checks
*** FLOP *** [2d 4h 6c]
LioBer bets 30
_SKR folds
LioBer collected 90 from pot
*** SUMMARY ***
Total pot 90 | No rake
Board: [2d 4h 6c]
Seat 1: LioBer (big blind) won 90


Winamax Poker - Tournament "Expresso Nitro" buyIn: 1.86€ + 0.14€ level: 2 - HandId: #2698181296676405249-5-1675184483 - Holdem no limit (15/30) - 2023/01/31 17:01:23 UTC
Table: 'Expresso Nitro(628219288)#0' 3-max (real money) Seat #1 is the button
Seat 1: LioBer (610)
Seat 3: _SKR (290)
*** ANTE/BLINDS ***
LioBer posts small blind 15
_SKR posts big blind 30
Dealt to _SKR [3s Ac]
*** PRE-FLOP *** 
LioBer calls 15
_SKR raises 260 to 290 and is all-in
LioBer folds
_SKR collected 320 from pot
*** SUMMARY ***
Total pot 320 | No rake
Seat 3: _SKR (big blind) won 320


Winamax Poker - Tournament "Expresso Nitro" buyIn: 1.86€ + 0.14€ level: 2 - HandId: #2698181296676405249-6-1675184492 - Holdem no limit (15/30) - 2023/01/31 17:01:32 UTC
Table: 'Expresso Nitro(628219288)#0' 3-max (real money) Seat #3 is the button
Seat 1: LioBer (580)
Seat 3: _SKR (320)
*** ANTE/BLINDS ***
_SKR posts small blind 15
LioBer posts big blind 30
Dealt to _SKR [8d Kc]
*** PRE-FLOP *** 
_SKR raises 290 to 320 and is all-in
LioBer folds
_SKR collected 350 from pot
*** SUMMARY ***
Total pot 350 | No rake
Seat 3: _SKR (small blind) (button) won 350


Winamax Poker - Tournament "Expresso Nitro" buyIn: 1.86€ + 0.14€ level: 2 - HandId: #2698181296676405249-7-1675184498 - Holdem no limit (15/30) - 2023/01/31 17:01:38 UTC
Table: 'Expresso Nitro(628219288)#0' 3-max (real money) Seat #1 is the button
Seat 1: LioBer (550)
Seat 3: _SKR (350)
*** ANTE/BLINDS ***
LioBer posts small blind 15
_SKR posts big blind 30
Dealt to _SKR [8s 8h]
*** PRE-FLOP *** 
LioBer calls 15
_SKR raises 320 to 350 and is all-in
LioBer folds
_SKR collected 380 from pot
*** SUMMARY ***
Total pot 380 | No rake
Seat 3: _SKR (big blind) won 380


Winamax Poker - Tournament "Expresso Nitro" buyIn: 1.86€ + 0.14€ level: 2 - HandId: #2698181296676405249-8-1675184506 - Holdem no limit (15/30) - 2023/01/31 17:01:46 UTC
Table: 'Expresso Nitro(628219288)#0' 3-max (real money) Seat #3 is the button
Seat 1: LioBer (520)
Seat 3: _SKR (380)
*** ANTE/BLINDS ***
_SKR posts small blind 15
LioBer posts big blind 30
Dealt to _SKR [Th 2d]
*** PRE-FLOP *** 
_SKR folds
LioBer collected 45 from pot
*** SUMMARY ***
Total pot 45 | No rake
Seat 1: LioBer (big blind) won 45


Winamax Poker - Tournament "Expresso Nitro" buyIn: 1.86€ + 0.14€ level: 2 - HandId: #2698181296676405249-9-1675184511 - Holdem no limit (15/30) - 2023/01/31 17:01:51 UTC
Table: 'Expresso Nitro(628219288)#0' 3-max (real money) Seat #1 is the button
Seat 1: LioBer (535)
Seat 3: _SKR (365)
*** ANTE/BLINDS ***
LioBer posts small blind 15
_SKR posts big blind 30
Dealt to _SKR [5h 3s]
*** PRE-FLOP *** 
LioBer calls 15
_SKR checks
*** FLOP *** [Jc 5d Qc]
_SKR checks
LioBer bets 30
_SKR folds
LioBer collected 90 from pot
*** SUMMARY ***
Total pot 90 | No rake
Board: [Jc 5d Qc]
Seat 1: LioBer (small blind) (button) won 90


Winamax Poker - Tournament "Expresso Nitro" buyIn: 1.86€ + 0.14€ level: 3 - HandId: #2698181296676405249-10-1675184530 - Holdem no limit (20/40) - 2023/01/31 17:02:10 UTC
Table: 'Expresso Nitro(628219288)#0' 3-max (real money) Seat #3 is the button
Seat 1: LioBer (565)
Seat 3: _SKR (335)
*** ANTE/BLINDS ***
_SKR posts small blind 20
LioBer posts big blind 40
Dealt to _SKR [6c 4h]
*** PRE-FLOP *** 
_SKR folds
LioBer collected 60 from pot
*** SUMMARY ***
Total pot 60 | No rake
Seat 1: LioBer (big blind) won 60


Winamax Poker - Tournament "Expresso Nitro" buyIn: 1.86€ + 0.14€ level: 3 - HandId: #2698181296676405249-11-1675184535 - Holdem no limit (20/40) - 2023/01/31 17:02:15 UTC
Table: 'Expresso Nitro(628219288)#0' 3-max (real money) Seat #1 is the button
Seat 1: LioBer (585)
Seat 3: _SKR (315)
*** ANTE/BLINDS ***
LioBer posts small blind 20
_SKR posts big blind 40
Dealt to _SKR [Js Qd]
*** PRE-FLOP *** 
LioBer calls 20
_SKR raises 275 to 315 and is all-in
LioBer folds
_SKR collected 355 from pot
*** SUMMARY ***
Total pot 355 | No rake
Seat 3: _SKR (big blind) won 355


Winamax Poker - Tournament "Expresso Nitro" buyIn: 1.86€ + 0.14€ level: 3 - HandId: #2698181296676405249-12-1675184543 - Holdem no limit (20/40) - 2023/01/31 17:02:23 UTC
Table: 'Expresso Nitro(628219288)#0' 3-max (real money) Seat #3 is the button
Seat 1: LioBer (545)
Seat 3: _SKR (355)
*** ANTE/BLINDS ***
_SKR posts small blind 20
LioBer posts big blind 40
Dealt to _SKR [8d Ah]
*** PRE-FLOP *** 
_SKR raises 315 to 355 and is all-in
LioBer calls 315
*** FLOP *** [6h 8h 6s]
*** TURN *** [6h 8h 6s][4d]
*** RIVER *** [6h 8h 6s 4d][Td]
*** SHOW DOWN ***
LioBer shows [Ks Ad] (One pair : 6)
_SKR shows [8d Ah] (Two pairs : 8 and 6)
_SKR collected 710 from pot
*** SUMMARY ***
Total pot 710 | No rake
Board: [6h 8h 6s 4d Td]
Seat 1: LioBer (big blind) showed [Ks Ad] and lost with One pair : 6
Seat 3: _SKR (small blind) (button) showed [8d Ah] and won 710 with Two pairs : 8 and 6


Winamax Poker - Tournament "Expresso Nitro" buyIn: 1.86€ + 0.14€ level: 3 - HandId: #2698181296676405249-13-1675184557 - Holdem no limit (20/40) - 2023/01/31 17:02:37 UTC
Table: 'Expresso Nitro(628219288)#0' 3-max (real money) Seat #1 is the button
Seat 1: LioBer (190)
Seat 3: _SKR (710)
*** ANTE/BLINDS ***
LioBer posts small blind 20
_SKR posts big blind 40
Dealt to _SKR [Qc 8c]
*** PRE-FLOP *** 
LioBer calls 20
_SKR raises 670 to 710 and is all-in
LioBer calls 150 and is all-in
*** FLOP *** [Qd 2d 2s]
*** TURN *** [Qd 2d 2s][5d]
*** RIVER *** [Qd 2d 2s 5d][4c]
*** SHOW DOWN ***
LioBer shows [9s 7c] (One pair : 2)
_SKR shows [Qc 8c] (Two pairs : Queens and 2)
_SKR collected 900 from pot
*** SUMMARY ***
Total pot 900 | No rake
Board: [Qd 2d 2s 5d 4c]
Seat 1: LioBer (small blind) (button) showed [9s 7c] and lost with One pair : 2
Seat 3: _SKR (big blind) showed [Qc 8c] and won 900 with Two pairs : Queens and 2


