Winamax Poker - Tournament "Expresso Nitro" buyIn: 1.86€ + 0.14€ level: 1 - HandId: #2696886097748688897-1-1675102011 - Holdem no limit (10/20) - 2023/01/30 18:06:51 UTC
Table: 'Expresso Nitro(627917726)#0' 3-max (real money) Seat #2 is the button
Seat 1: LeDepaneur67 (300)
Seat 2: Sebzo2a (300)
Seat 3: _SKR (300)
*** ANTE/BLINDS ***
_SKR posts small blind 10
LeDepaneur67 posts big blind 20
Dealt to _SKR [Ts 2d]
*** PRE-FLOP *** 
Sebzo2a calls 20
_SKR folds
LeDepaneur67 checks
*** FLOP *** [4d 9s 2s]
LeDepaneur67 bets 33
Sebzo2a folds
LeDepaneur67 collected 83 from pot
*** SUMMARY ***
Total pot 83 | No rake
Board: [4d 9s 2s]
Seat 1: LeDepaneur67 (big blind) won 83


Winamax Poker - Tournament "Expresso Nitro" buyIn: 1.86€ + 0.14€ level: 1 - HandId: #2696886097748688897-2-1675102023 - Holdem no limit (10/20) - 2023/01/30 18:07:03 UTC
Table: 'Expresso Nitro(627917726)#0' 3-max (real money) Seat #3 is the button
Seat 1: LeDepaneur67 (330)
Seat 2: Sebzo2a (280)
Seat 3: _SKR (290)
*** ANTE/BLINDS ***
LeDepaneur67 posts small blind 10
Sebzo2a posts big blind 20
Dealt to _SKR [5s Kd]
*** PRE-FLOP *** 
_SKR folds
LeDepaneur67 calls 10
Sebzo2a raises 40 to 60
LeDepaneur67 calls 40
*** FLOP *** [8s Qs As]
LeDepaneur67 bets 120
Sebzo2a folds
LeDepaneur67 collected 240 from pot
*** SUMMARY ***
Total pot 240 | No rake
Board: [8s Qs As]
Seat 1: LeDepaneur67 (small blind) won 240


Winamax Poker - Tournament "Expresso Nitro" buyIn: 1.86€ + 0.14€ level: 1 - HandId: #2696886097748688897-3-1675102036 - Holdem no limit (10/20) - 2023/01/30 18:07:16 UTC
Table: 'Expresso Nitro(627917726)#0' 3-max (real money) Seat #1 is the button
Seat 1: LeDepaneur67 (390)
Seat 2: Sebzo2a (220)
Seat 3: _SKR (290)
*** ANTE/BLINDS ***
Sebzo2a posts small blind 10
_SKR posts big blind 20
Dealt to _SKR [3c 6s]
*** PRE-FLOP *** 
LeDepaneur67 calls 20
Sebzo2a raises 40 to 60
_SKR folds
LeDepaneur67 calls 40
*** FLOP *** [2s Jd 4s]
Sebzo2a bets 140
LeDepaneur67 folds
Sebzo2a collected 280 from pot
*** SUMMARY ***
Total pot 280 | No rake
Board: [2s Jd 4s]
Seat 2: Sebzo2a (small blind) won 280


Winamax Poker - Tournament "Expresso Nitro" buyIn: 1.86€ + 0.14€ level: 1 - HandId: #2696886097748688897-4-1675102051 - Holdem no limit (10/20) - 2023/01/30 18:07:31 UTC
Table: 'Expresso Nitro(627917726)#0' 3-max (real money) Seat #2 is the button
Seat 1: LeDepaneur67 (330)
Seat 2: Sebzo2a (300)
Seat 3: _SKR (270)
*** ANTE/BLINDS ***
_SKR posts small blind 10
LeDepaneur67 posts big blind 20
Dealt to _SKR [5d 7s]
*** PRE-FLOP *** 
Sebzo2a folds
_SKR folds
LeDepaneur67 collected 30 from pot
*** SUMMARY ***
Total pot 30 | No rake
Seat 1: LeDepaneur67 (big blind) won 30


Winamax Poker - Tournament "Expresso Nitro" buyIn: 1.86€ + 0.14€ level: 1 - HandId: #2696886097748688897-5-1675102061 - Holdem no limit (10/20) - 2023/01/30 18:07:41 UTC
Table: 'Expresso Nitro(627917726)#0' 3-max (real money) Seat #3 is the button
Seat 1: LeDepaneur67 (340)
Seat 2: Sebzo2a (300)
Seat 3: _SKR (260)
*** ANTE/BLINDS ***
LeDepaneur67 posts small blind 10
Sebzo2a posts big blind 20
Dealt to _SKR [Ks Qc]
*** PRE-FLOP *** 
_SKR raises 20 to 40
LeDepaneur67 calls 30
Sebzo2a calls 20
*** FLOP *** [4d 2s Ac]
LeDepaneur67 bets 20
Sebzo2a calls 20
_SKR folds
*** TURN *** [4d 2s Ac][Jd]
LeDepaneur67 bets 20
Sebzo2a calls 20
*** RIVER *** [4d 2s Ac Jd][2h]
LeDepaneur67 checks
Sebzo2a checks
*** SHOW DOWN ***
LeDepaneur67 shows [7d 8d] (One pair : 2)
Sebzo2a shows [8c Jc] (Two pairs : Jacks and 2)
Sebzo2a collected 200 from pot
*** SUMMARY ***
Total pot 200 | No rake
Board: [4d 2s Ac Jd 2h]
Seat 1: LeDepaneur67 (small blind) showed [7d 8d] and lost with One pair : 2
Seat 2: Sebzo2a (big blind) showed [8c Jc] and won 200 with Two pairs : Jacks and 2


Winamax Poker - Tournament "Expresso Nitro" buyIn: 1.86€ + 0.14€ level: 2 - HandId: #2696886097748688897-6-1675102096 - Holdem no limit (15/30) - 2023/01/30 18:08:16 UTC
Table: 'Expresso Nitro(627917726)#0' 3-max (real money) Seat #1 is the button
Seat 1: LeDepaneur67 (260)
Seat 2: Sebzo2a (420)
Seat 3: _SKR (220)
*** ANTE/BLINDS ***
Sebzo2a posts small blind 15
_SKR posts big blind 30
Dealt to _SKR [Qd Jh]
*** PRE-FLOP *** 
LeDepaneur67 calls 30
Sebzo2a calls 15
_SKR raises 190 to 220 and is all-in
LeDepaneur67 calls 190
Sebzo2a folds
*** FLOP *** [8c 2s 3d]
*** TURN *** [8c 2s 3d][Ad]
*** RIVER *** [8c 2s 3d Ad][Kc]
*** SHOW DOWN ***
LeDepaneur67 shows [7d 9d] (High card : Ace)
_SKR shows [Qd Jh] (High card : Ace)
_SKR collected 470 from pot
*** SUMMARY ***
Total pot 470 | No rake
Board: [8c 2s 3d Ad Kc]
Seat 1: LeDepaneur67 (button) showed [7d 9d] and lost with High card : Ace
Seat 3: _SKR (big blind) showed [Qd Jh] and won 470 with High card : Ace


Winamax Poker - Tournament "Expresso Nitro" buyIn: 1.86€ + 0.14€ level: 2 - HandId: #2696886097748688897-7-1675102119 - Holdem no limit (15/30) - 2023/01/30 18:08:39 UTC
Table: 'Expresso Nitro(627917726)#0' 3-max (real money) Seat #2 is the button
Seat 1: LeDepaneur67 (40)
Seat 2: Sebzo2a (390)
Seat 3: _SKR (470)
*** ANTE/BLINDS ***
_SKR posts small blind 15
LeDepaneur67 posts big blind 30
Dealt to _SKR [2c 6d]
*** PRE-FLOP *** 
Sebzo2a folds
_SKR folds
LeDepaneur67 collected 45 from pot
*** SUMMARY ***
Total pot 45 | No rake
Seat 1: LeDepaneur67 (big blind) won 45


Winamax Poker - Tournament "Expresso Nitro" buyIn: 1.86€ + 0.14€ level: 3 - HandId: #2696886097748688897-8-1675102127 - Holdem no limit (20/40) - 2023/01/30 18:08:47 UTC
Table: 'Expresso Nitro(627917726)#0' 3-max (real money) Seat #3 is the button
Seat 1: LeDepaneur67 (55)
Seat 2: Sebzo2a (390)
Seat 3: _SKR (455)
*** ANTE/BLINDS ***
LeDepaneur67 posts small blind 20
Sebzo2a posts big blind 40
Dealt to _SKR [Ts Ad]
*** PRE-FLOP *** 
_SKR raises 415 to 455 and is all-in
LeDepaneur67 calls 35 and is all-in
Sebzo2a folds
*** FLOP *** [Qc 8s 8h]
*** TURN *** [Qc 8s 8h][7d]
*** RIVER *** [Qc 8s 8h 7d][Kd]
*** SHOW DOWN ***
LeDepaneur67 shows [As 4c] (One pair : 8)
_SKR shows [Ts Ad] (One pair : 8)
_SKR collected 475 from side pot 1
LeDepaneur67 collected 75 from main pot
*** SUMMARY ***
Total pot 550 | No rake
Board: [Qc 8s 8h 7d Kd]
Seat 1: LeDepaneur67 (small blind) showed [As 4c] and won 75 with One pair : 8
Seat 3: _SKR (button) showed [Ts Ad] and won 475 with One pair : 8


Winamax Poker - Tournament "Expresso Nitro" buyIn: 1.86€ + 0.14€ level: 3 - HandId: #2696886097748688897-9-1675102143 - Holdem no limit (20/40) - 2023/01/30 18:09:03 UTC
Table: 'Expresso Nitro(627917726)#0' 3-max (real money) Seat #1 is the button
Seat 1: LeDepaneur67 (75)
Seat 2: Sebzo2a (350)
Seat 3: _SKR (475)
*** ANTE/BLINDS ***
Sebzo2a posts small blind 20
_SKR posts big blind 40
Dealt to _SKR [4h 5c]
*** PRE-FLOP *** 
LeDepaneur67 calls 40
Sebzo2a folds
_SKR checks
*** FLOP *** [3c 4s 3s]
_SKR checks
LeDepaneur67 checks
*** TURN *** [3c 4s 3s][Th]
_SKR checks
LeDepaneur67 checks
*** RIVER *** [3c 4s 3s Th][Qc]
_SKR checks
LeDepaneur67 checks
*** SHOW DOWN ***
LeDepaneur67 shows [8c 7h] (One pair : 3)
_SKR shows [4h 5c] (Two pairs : 4 and 3)
_SKR collected 100 from pot
*** SUMMARY ***
Total pot 100 | No rake
Board: [3c 4s 3s Th Qc]
Seat 1: LeDepaneur67 (button) showed [8c 7h] and lost with One pair : 3
Seat 3: _SKR (big blind) showed [4h 5c] and won 100 with Two pairs : 4 and 3


Winamax Poker - Tournament "Expresso Nitro" buyIn: 1.86€ + 0.14€ level: 3 - HandId: #2696886097748688897-10-1675102176 - Holdem no limit (20/40) - 2023/01/30 18:09:36 UTC
Table: 'Expresso Nitro(627917726)#0' 3-max (real money) Seat #2 is the button
Seat 1: LeDepaneur67 (35)
Seat 2: Sebzo2a (330)
Seat 3: _SKR (535)
*** ANTE/BLINDS ***
_SKR posts small blind 20
LeDepaneur67 posts big blind 35 and is all-in
Dealt to _SKR [2c 9s]
*** PRE-FLOP *** 
Sebzo2a raises 45 to 80
_SKR folds
*** FLOP *** [3h 5c 6s]
*** TURN *** [3h 5c 6s][Kd]
*** RIVER *** [3h 5c 6s Kd][Ks]
*** SHOW DOWN ***
LeDepaneur67 shows [Th Kh] (Trips of Kings)
Sebzo2a shows [Jc Qd] (One pair : Kings)
Sebzo2a collected 45 from side pot 1
LeDepaneur67 collected 90 from main pot
*** SUMMARY ***
Total pot 135 | No rake
Board: [3h 5c 6s Kd Ks]
Seat 1: LeDepaneur67 (big blind) showed [Th Kh] and won 90 with Trips of Kings
Seat 2: Sebzo2a (button) showed [Jc Qd] and won 45 with One pair : Kings


Winamax Poker - Tournament "Expresso Nitro" buyIn: 1.86€ + 0.14€ level: 4 - HandId: #2696886097748688897-11-1675102191 - Holdem no limit (30/60) - 2023/01/30 18:09:51 UTC
Table: 'Expresso Nitro(627917726)#0' 3-max (real money) Seat #3 is the button
Seat 1: LeDepaneur67 (90)
Seat 2: Sebzo2a (295)
Seat 3: _SKR (515)
*** ANTE/BLINDS ***
LeDepaneur67 posts small blind 30
Sebzo2a posts big blind 60
Dealt to _SKR [Ks Tc]
*** PRE-FLOP *** 
_SKR raises 455 to 515 and is all-in
LeDepaneur67 folds
Sebzo2a folds
_SKR collected 605 from pot
*** SUMMARY ***
Total pot 605 | No rake
Seat 3: _SKR (button) won 605


Winamax Poker - Tournament "Expresso Nitro" buyIn: 1.86€ + 0.14€ level: 4 - HandId: #2696886097748688897-12-1675102199 - Holdem no limit (30/60) - 2023/01/30 18:09:59 UTC
Table: 'Expresso Nitro(627917726)#0' 3-max (real money) Seat #1 is the button
Seat 1: LeDepaneur67 (60)
Seat 2: Sebzo2a (235)
Seat 3: _SKR (605)
*** ANTE/BLINDS ***
Sebzo2a posts small blind 30
_SKR posts big blind 60
Dealt to _SKR [5s Qd]
*** PRE-FLOP *** 
LeDepaneur67 calls 60 and is all-in
Sebzo2a calls 30
_SKR checks
*** FLOP *** [3s 6h 6s]
Sebzo2a checks
_SKR checks
*** TURN *** [3s 6h 6s][5h]
Sebzo2a bets 60
_SKR folds
*** RIVER *** [3s 6h 6s 5h][Ks]
*** SHOW DOWN ***
LeDepaneur67 shows [9s Qc] (One pair : 6)
Sebzo2a shows [7s 6d] (Trips of 6)
Sebzo2a collected 240 from pot
*** SUMMARY ***
Total pot 240 | No rake
Board: [3s 6h 6s 5h Ks]
Seat 1: LeDepaneur67 (button) showed [9s Qc] and lost with One pair : 6
Seat 2: Sebzo2a (small blind) showed [7s 6d] and won 240 with Trips of 6


Winamax Poker - Tournament "Expresso Nitro" buyIn: 1.86€ + 0.14€ level: 4 - HandId: #2696886097748688897-13-1675102226 - Holdem no limit (30/60) - 2023/01/30 18:10:26 UTC
Table: 'Expresso Nitro(627917726)#0' 3-max (real money) Seat #3 is the button
Seat 2: Sebzo2a (355)
Seat 3: _SKR (545)
*** ANTE/BLINDS ***
_SKR posts small blind 30
Sebzo2a posts big blind 60
Dealt to _SKR [3d As]
*** PRE-FLOP *** 
_SKR raises 485 to 545 and is all-in
Sebzo2a folds
_SKR collected 605 from pot
*** SUMMARY ***
Total pot 605 | No rake
Seat 3: _SKR (small blind) (button) won 605


Winamax Poker - Tournament "Expresso Nitro" buyIn: 1.86€ + 0.14€ level: 4 - HandId: #2696886097748688897-14-1675102231 - Holdem no limit (30/60) - 2023/01/30 18:10:31 UTC
Table: 'Expresso Nitro(627917726)#0' 3-max (real money) Seat #2 is the button
Seat 2: Sebzo2a (295)
Seat 3: _SKR (605)
*** ANTE/BLINDS ***
Sebzo2a posts small blind 30
_SKR posts big blind 60
Dealt to _SKR [6c Ts]
*** PRE-FLOP *** 
Sebzo2a calls 30
_SKR checks
*** FLOP *** [Th Qs 3c]
_SKR checks
Sebzo2a checks
*** TURN *** [Th Qs 3c][5d]
_SKR checks
Sebzo2a checks
*** RIVER *** [Th Qs 3c 5d][3d]
_SKR checks
Sebzo2a checks
*** SHOW DOWN ***
Sebzo2a shows [Kh Ad] (One pair : 3)
_SKR shows [6c Ts] (Two pairs : Tens and 3)
_SKR collected 120 from pot
*** SUMMARY ***
Total pot 120 | No rake
Board: [Th Qs 3c 5d 3d]
Seat 2: Sebzo2a (small blind) (button) showed [Kh Ad] and lost with One pair : 3
Seat 3: _SKR (big blind) showed [6c Ts] and won 120 with Two pairs : Tens and 3


Winamax Poker - Tournament "Expresso Nitro" buyIn: 1.86€ + 0.14€ level: 5 - HandId: #2696886097748688897-15-1675102254 - Holdem no limit (40/80) - 2023/01/30 18:10:54 UTC
Table: 'Expresso Nitro(627917726)#0' 3-max (real money) Seat #3 is the button
Seat 2: Sebzo2a (235)
Seat 3: _SKR (665)
*** ANTE/BLINDS ***
_SKR posts small blind 40
Sebzo2a posts big blind 80
Dealt to _SKR [3c Qc]
*** PRE-FLOP *** 
_SKR raises 585 to 665 and is all-in
Sebzo2a calls 155 and is all-in
*** FLOP *** [Jd 7d 5h]
*** TURN *** [Jd 7d 5h][Td]
*** RIVER *** [Jd 7d 5h Td][4c]
*** SHOW DOWN ***
Sebzo2a shows [Qh Qs] (One pair : Queens)
_SKR shows [3c Qc] (High card : Queen)
_SKR collected 430 from side pot 1
Sebzo2a collected 470 from main pot
*** SUMMARY ***
Total pot 900 | No rake
Board: [Jd 7d 5h Td 4c]
Seat 2: Sebzo2a (big blind) showed [Qh Qs] and won 470 with One pair : Queens
Seat 3: _SKR (small blind) (button) showed [3c Qc] and won 430 with High card : Queen


Winamax Poker - Tournament "Expresso Nitro" buyIn: 1.86€ + 0.14€ level: 5 - HandId: #2696886097748688897-16-1675102266 - Holdem no limit (40/80) - 2023/01/30 18:11:06 UTC
Table: 'Expresso Nitro(627917726)#0' 3-max (real money) Seat #2 is the button
Seat 2: Sebzo2a (470)
Seat 3: _SKR (430)
*** ANTE/BLINDS ***
Sebzo2a posts small blind 40
_SKR posts big blind 80
Dealt to _SKR [6d 4s]
*** PRE-FLOP *** 
Sebzo2a folds
_SKR collected 120 from pot
*** SUMMARY ***
Total pot 120 | No rake
Seat 3: _SKR (big blind) won 120


Winamax Poker - Tournament "Expresso Nitro" buyIn: 1.86€ + 0.14€ level: 5 - HandId: #2696886097748688897-17-1675102271 - Holdem no limit (40/80) - 2023/01/30 18:11:11 UTC
Table: 'Expresso Nitro(627917726)#0' 3-max (real money) Seat #3 is the button
Seat 2: Sebzo2a (430)
Seat 3: _SKR (470)
*** ANTE/BLINDS ***
_SKR posts small blind 40
Sebzo2a posts big blind 80
Dealt to _SKR [9d 5c]
*** PRE-FLOP *** 
_SKR folds
Sebzo2a collected 120 from pot
*** SUMMARY ***
Total pot 120 | No rake
Seat 2: Sebzo2a (big blind) won 120


Winamax Poker - Tournament "Expresso Nitro" buyIn: 1.86€ + 0.14€ level: 5 - HandId: #2696886097748688897-18-1675102274 - Holdem no limit (40/80) - 2023/01/30 18:11:14 UTC
Table: 'Expresso Nitro(627917726)#0' 3-max (real money) Seat #2 is the button
Seat 2: Sebzo2a (470)
Seat 3: _SKR (430)
*** ANTE/BLINDS ***
Sebzo2a posts small blind 40
_SKR posts big blind 80
Dealt to _SKR [3d 2s]
*** PRE-FLOP *** 
Sebzo2a calls 40
_SKR checks
*** FLOP *** [2h 7c Td]
_SKR checks
Sebzo2a checks
*** TURN *** [2h 7c Td][3s]
_SKR checks
Sebzo2a checks
*** RIVER *** [2h 7c Td 3s][8d]
_SKR checks
Sebzo2a bets 80
_SKR folds
Sebzo2a collected 240 from pot
*** SUMMARY ***
Total pot 240 | No rake
Board: [2h 7c Td 3s 8d]
Seat 2: Sebzo2a (small blind) (button) won 240


Winamax Poker - Tournament "Expresso Nitro" buyIn: 1.86€ + 0.14€ level: 5 - HandId: #2696886097748688897-19-1675102301 - Holdem no limit (40/80) - 2023/01/30 18:11:41 UTC
Table: 'Expresso Nitro(627917726)#0' 3-max (real money) Seat #3 is the button
Seat 2: Sebzo2a (550)
Seat 3: _SKR (350)
*** ANTE/BLINDS ***
_SKR posts small blind 40
Sebzo2a posts big blind 80
Dealt to _SKR [2s Kd]
*** PRE-FLOP *** 
_SKR raises 270 to 350 and is all-in
Sebzo2a folds
_SKR collected 430 from pot
*** SUMMARY ***
Total pot 430 | No rake
Seat 3: _SKR (small blind) (button) won 430


Winamax Poker - Tournament "Expresso Nitro" buyIn: 1.86€ + 0.14€ level: 5 - HandId: #2696886097748688897-20-1675102307 - Holdem no limit (40/80) - 2023/01/30 18:11:47 UTC
Table: 'Expresso Nitro(627917726)#0' 3-max (real money) Seat #2 is the button
Seat 2: Sebzo2a (470)
Seat 3: _SKR (430)
*** ANTE/BLINDS ***
Sebzo2a posts small blind 40
_SKR posts big blind 80
Dealt to _SKR [6c 8d]
*** PRE-FLOP *** 
Sebzo2a folds
_SKR collected 120 from pot
*** SUMMARY ***
Total pot 120 | No rake
Seat 3: _SKR (big blind) won 120


Winamax Poker - Tournament "Expresso Nitro" buyIn: 1.86€ + 0.14€ level: 6 - HandId: #2696886097748688897-21-1675102310 - Holdem no limit (50/100) - 2023/01/30 18:11:50 UTC
Table: 'Expresso Nitro(627917726)#0' 3-max (real money) Seat #3 is the button
Seat 2: Sebzo2a (430)
Seat 3: _SKR (470)
*** ANTE/BLINDS ***
_SKR posts small blind 50
Sebzo2a posts big blind 100
Dealt to _SKR [9d 6h]
*** PRE-FLOP *** 
_SKR folds
Sebzo2a collected 150 from pot
*** SUMMARY ***
Total pot 150 | No rake
Seat 2: Sebzo2a (big blind) won 150


Winamax Poker - Tournament "Expresso Nitro" buyIn: 1.86€ + 0.14€ level: 6 - HandId: #2696886097748688897-22-1675102314 - Holdem no limit (50/100) - 2023/01/30 18:11:54 UTC
Table: 'Expresso Nitro(627917726)#0' 3-max (real money) Seat #2 is the button
Seat 2: Sebzo2a (480)
Seat 3: _SKR (420)
*** ANTE/BLINDS ***
Sebzo2a posts small blind 50
_SKR posts big blind 100
Dealt to _SKR [9h Kc]
*** PRE-FLOP *** 
Sebzo2a folds
_SKR collected 150 from pot
*** SUMMARY ***
Total pot 150 | No rake
Seat 3: _SKR (big blind) won 150


Winamax Poker - Tournament "Expresso Nitro" buyIn: 1.86€ + 0.14€ level: 6 - HandId: #2696886097748688897-23-1675102318 - Holdem no limit (50/100) - 2023/01/30 18:11:58 UTC
Table: 'Expresso Nitro(627917726)#0' 3-max (real money) Seat #3 is the button
Seat 2: Sebzo2a (430)
Seat 3: _SKR (470)
*** ANTE/BLINDS ***
_SKR posts small blind 50
Sebzo2a posts big blind 100
Dealt to _SKR [6h 8d]
*** PRE-FLOP *** 
_SKR folds
Sebzo2a collected 150 from pot
*** SUMMARY ***
Total pot 150 | No rake
Seat 2: Sebzo2a (big blind) won 150


Winamax Poker - Tournament "Expresso Nitro" buyIn: 1.86€ + 0.14€ level: 6 - HandId: #2696886097748688897-24-1675102322 - Holdem no limit (50/100) - 2023/01/30 18:12:02 UTC
Table: 'Expresso Nitro(627917726)#0' 3-max (real money) Seat #2 is the button
Seat 2: Sebzo2a (480)
Seat 3: _SKR (420)
*** ANTE/BLINDS ***
Sebzo2a posts small blind 50
_SKR posts big blind 100
Dealt to _SKR [Jd 2c]
*** PRE-FLOP *** 
Sebzo2a raises 100 to 200
_SKR folds
Sebzo2a collected 300 from pot
*** SUMMARY ***
Total pot 300 | No rake
Seat 2: Sebzo2a (small blind) (button) won 300


Winamax Poker - Tournament "Expresso Nitro" buyIn: 1.86€ + 0.14€ level: 6 - HandId: #2696886097748688897-25-1675102330 - Holdem no limit (50/100) - 2023/01/30 18:12:10 UTC
Table: 'Expresso Nitro(627917726)#0' 3-max (real money) Seat #3 is the button
Seat 2: Sebzo2a (580)
Seat 3: _SKR (320)
*** ANTE/BLINDS ***
_SKR posts small blind 50
Sebzo2a posts big blind 100
Dealt to _SKR [Ts 7d]
*** PRE-FLOP *** 
_SKR raises 220 to 320 and is all-in
Sebzo2a calls 220
*** FLOP *** [Ad 2c 9s]
*** TURN *** [Ad 2c 9s][8h]
*** RIVER *** [Ad 2c 9s 8h][Ac]
*** SHOW DOWN ***
_SKR shows [Ts 7d] (One pair : Aces)
Sebzo2a shows [2h Kh] (Two pairs : Aces and 2)
Sebzo2a collected 640 from pot
*** SUMMARY ***
Total pot 640 | No rake
Board: [Ad 2c 9s 8h Ac]
Seat 2: Sebzo2a (big blind) showed [2h Kh] and won 640 with Two pairs : Aces and 2
Seat 3: _SKR (small blind) (button) showed [Ts 7d] and lost with One pair : Aces


