Winamax Poker - Tournament "Expresso Nitro" buyIn: 1.86€ + 0.14€ level: 1 - HandId: #2696937800564998145-1-1675104127 - Holdem no limit (10/20) - 2023/01/30 18:42:07 UTC
Table: 'Expresso Nitro(627929764)#0' 3-max (real money) Seat #1 is the button
Seat 1: TheWiti13 (300)
Seat 2: .Alex76. (300)
Seat 3: _SKR (300)
*** ANTE/BLINDS ***
.Alex76. posts small blind 10
_SKR posts big blind 20
Dealt to _SKR [9s Jd]
*** PRE-FLOP *** 
TheWiti13 raises 20 to 40
.Alex76. folds
_SKR folds
TheWiti13 collected 70 from pot
*** SUMMARY ***
Total pot 70 | No rake
Seat 1: TheWiti13 (button) won 70


Winamax Poker - Tournament "Expresso Nitro" buyIn: 1.86€ + 0.14€ level: 1 - HandId: #2696937800564998145-2-1675104141 - Holdem no limit (10/20) - 2023/01/30 18:42:21 UTC
Table: 'Expresso Nitro(627929764)#0' 3-max (real money) Seat #2 is the button
Seat 1: TheWiti13 (330)
Seat 2: .Alex76. (290)
Seat 3: _SKR (280)
*** ANTE/BLINDS ***
_SKR posts small blind 10
TheWiti13 posts big blind 20
Dealt to _SKR [Jh 7h]
*** PRE-FLOP *** 
.Alex76. folds
_SKR calls 10
TheWiti13 checks
*** FLOP *** [3d 9d 4c]
_SKR checks
TheWiti13 bets 26
_SKR folds
TheWiti13 collected 66 from pot
*** SUMMARY ***
Total pot 66 | No rake
Board: [3d 9d 4c]
Seat 1: TheWiti13 (big blind) won 66


Winamax Poker - Tournament "Expresso Nitro" buyIn: 1.86€ + 0.14€ level: 1 - HandId: #2696937800564998145-3-1675104159 - Holdem no limit (10/20) - 2023/01/30 18:42:39 UTC
Table: 'Expresso Nitro(627929764)#0' 3-max (real money) Seat #3 is the button
Seat 1: TheWiti13 (350)
Seat 2: .Alex76. (290)
Seat 3: _SKR (260)
*** ANTE/BLINDS ***
TheWiti13 posts small blind 10
.Alex76. posts big blind 20
Dealt to _SKR [9d 7h]
*** PRE-FLOP *** 
_SKR folds
TheWiti13 calls 10
.Alex76. checks
*** FLOP *** [Ks 7d Qs]
TheWiti13 checks
.Alex76. checks
*** TURN *** [Ks 7d Qs][Td]
TheWiti13 checks
.Alex76. checks
*** RIVER *** [Ks 7d Qs Td][2s]
TheWiti13 checks
.Alex76. checks
*** SHOW DOWN ***
TheWiti13 shows [3c 8d] (High card : King)
.Alex76. shows [Ad 4c] (High card : Ace)
.Alex76. collected 40 from pot
*** SUMMARY ***
Total pot 40 | No rake
Board: [Ks 7d Qs Td 2s]
Seat 1: TheWiti13 (small blind) showed [3c 8d] and lost with High card : King
Seat 2: .Alex76. (big blind) showed [Ad 4c] and won 40 with High card : Ace


Winamax Poker - Tournament "Expresso Nitro" buyIn: 1.86€ + 0.14€ level: 2 - HandId: #2696937800564998145-4-1675104196 - Holdem no limit (15/30) - 2023/01/30 18:43:16 UTC
Table: 'Expresso Nitro(627929764)#0' 3-max (real money) Seat #1 is the button
Seat 1: TheWiti13 (330)
Seat 2: .Alex76. (310)
Seat 3: _SKR (260)
*** ANTE/BLINDS ***
.Alex76. posts small blind 15
_SKR posts big blind 30
Dealt to _SKR [6h 9d]
*** PRE-FLOP *** 
TheWiti13 folds
.Alex76. calls 15
_SKR checks
*** FLOP *** [9h 3h Kd]
.Alex76. checks
_SKR checks
*** TURN *** [9h 3h Kd][Jd]
.Alex76. checks
_SKR checks
*** RIVER *** [9h 3h Kd Jd][2s]
.Alex76. checks
_SKR checks
*** SHOW DOWN ***
.Alex76. shows [4c Ac] (High card : Ace)
_SKR shows [6h 9d] (One pair : 9)
_SKR collected 60 from pot
*** SUMMARY ***
Total pot 60 | No rake
Board: [9h 3h Kd Jd 2s]
Seat 2: .Alex76. (small blind) showed [4c Ac] and lost with High card : Ace
Seat 3: _SKR (big blind) showed [6h 9d] and won 60 with One pair : 9


Winamax Poker - Tournament "Expresso Nitro" buyIn: 1.86€ + 0.14€ level: 3 - HandId: #2696937800564998145-5-1675104247 - Holdem no limit (20/40) - 2023/01/30 18:44:07 UTC
Table: 'Expresso Nitro(627929764)#0' 3-max (real money) Seat #2 is the button
Seat 1: TheWiti13 (330)
Seat 2: .Alex76. (280)
Seat 3: _SKR (290)
*** ANTE/BLINDS ***
_SKR posts small blind 20
TheWiti13 posts big blind 40
Dealt to _SKR [Th 8h]
*** PRE-FLOP *** 
.Alex76. folds
_SKR raises 250 to 290 and is all-in
TheWiti13 folds
_SKR collected 330 from pot
*** SUMMARY ***
Total pot 330 | No rake
Seat 3: _SKR (small blind) won 330


Winamax Poker - Tournament "Expresso Nitro" buyIn: 1.86€ + 0.14€ level: 3 - HandId: #2696937800564998145-6-1675104264 - Holdem no limit (20/40) - 2023/01/30 18:44:24 UTC
Table: 'Expresso Nitro(627929764)#0' 3-max (real money) Seat #3 is the button
Seat 1: TheWiti13 (290)
Seat 2: .Alex76. (280)
Seat 3: _SKR (330)
*** ANTE/BLINDS ***
TheWiti13 posts small blind 20
.Alex76. posts big blind 40
Dealt to _SKR [3s Ac]
*** PRE-FLOP *** 
_SKR raises 290 to 330 and is all-in
TheWiti13 calls 270 and is all-in
.Alex76. folds
*** FLOP *** [3c 9s 7c]
*** TURN *** [3c 9s 7c][6d]
*** RIVER *** [3c 9s 7c 6d][Tc]
*** SHOW DOWN ***
TheWiti13 shows [2h 2c] (One pair : 2)
_SKR shows [3s Ac] (One pair : 3)
_SKR collected 660 from pot
*** SUMMARY ***
Total pot 660 | No rake
Board: [3c 9s 7c 6d Tc]
Seat 1: TheWiti13 (small blind) showed [2h 2c] and lost with One pair : 2
Seat 3: _SKR (button) showed [3s Ac] and won 660 with One pair : 3


Winamax Poker - Tournament "Expresso Nitro" buyIn: 1.86€ + 0.14€ level: 3 - HandId: #2696937800564998145-7-1675104284 - Holdem no limit (20/40) - 2023/01/30 18:44:44 UTC
Table: 'Expresso Nitro(627929764)#0' 3-max (real money) Seat #2 is the button
Seat 2: .Alex76. (240)
Seat 3: _SKR (660)
*** ANTE/BLINDS ***
.Alex76. posts small blind 20
_SKR posts big blind 40
Dealt to _SKR [5h Qs]
*** PRE-FLOP *** 
.Alex76. folds
_SKR collected 60 from pot
*** SUMMARY ***
Total pot 60 | No rake
Seat 3: _SKR (big blind) won 60


Winamax Poker - Tournament "Expresso Nitro" buyIn: 1.86€ + 0.14€ level: 3 - HandId: #2696937800564998145-8-1675104291 - Holdem no limit (20/40) - 2023/01/30 18:44:51 UTC
Table: 'Expresso Nitro(627929764)#0' 3-max (real money) Seat #3 is the button
Seat 2: .Alex76. (220)
Seat 3: _SKR (680)
*** ANTE/BLINDS ***
_SKR posts small blind 20
.Alex76. posts big blind 40
Dealt to _SKR [8c Qs]
*** PRE-FLOP *** 
_SKR raises 640 to 680 and is all-in
.Alex76. folds
_SKR collected 720 from pot
*** SUMMARY ***
Total pot 720 | No rake
Seat 3: _SKR (small blind) (button) won 720


Winamax Poker - Tournament "Expresso Nitro" buyIn: 1.86€ + 0.14€ level: 4 - HandId: #2696937800564998145-9-1675104305 - Holdem no limit (30/60) - 2023/01/30 18:45:05 UTC
Table: 'Expresso Nitro(627929764)#0' 3-max (real money) Seat #2 is the button
Seat 2: .Alex76. (180)
Seat 3: _SKR (720)
*** ANTE/BLINDS ***
.Alex76. posts small blind 30
_SKR posts big blind 60
Dealt to _SKR [Qd 3h]
*** PRE-FLOP *** 
.Alex76. folds
_SKR collected 90 from pot
*** SUMMARY ***
Total pot 90 | No rake
Seat 3: _SKR (big blind) won 90


Winamax Poker - Tournament "Expresso Nitro" buyIn: 1.86€ + 0.14€ level: 4 - HandId: #2696937800564998145-10-1675104311 - Holdem no limit (30/60) - 2023/01/30 18:45:11 UTC
Table: 'Expresso Nitro(627929764)#0' 3-max (real money) Seat #3 is the button
Seat 2: .Alex76. (150)
Seat 3: _SKR (750)
*** ANTE/BLINDS ***
_SKR posts small blind 30
.Alex76. posts big blind 60
Dealt to _SKR [2h 4d]
*** PRE-FLOP *** 
_SKR folds
.Alex76. collected 90 from pot
*** SUMMARY ***
Total pot 90 | No rake
Seat 2: .Alex76. (big blind) won 90


Winamax Poker - Tournament "Expresso Nitro" buyIn: 1.86€ + 0.14€ level: 4 - HandId: #2696937800564998145-11-1675104314 - Holdem no limit (30/60) - 2023/01/30 18:45:14 UTC
Table: 'Expresso Nitro(627929764)#0' 3-max (real money) Seat #2 is the button
Seat 2: .Alex76. (180)
Seat 3: _SKR (720)
*** ANTE/BLINDS ***
.Alex76. posts small blind 30
_SKR posts big blind 60
Dealt to _SKR [Kh 4s]
*** PRE-FLOP *** 
.Alex76. folds
_SKR collected 90 from pot
*** SUMMARY ***
Total pot 90 | No rake
Seat 3: _SKR (big blind) won 90


Winamax Poker - Tournament "Expresso Nitro" buyIn: 1.86€ + 0.14€ level: 4 - HandId: #2696937800564998145-12-1675104318 - Holdem no limit (30/60) - 2023/01/30 18:45:18 UTC
Table: 'Expresso Nitro(627929764)#0' 3-max (real money) Seat #3 is the button
Seat 2: .Alex76. (150)
Seat 3: _SKR (750)
*** ANTE/BLINDS ***
_SKR posts small blind 30
.Alex76. posts big blind 60
Dealt to _SKR [5h 8s]
*** PRE-FLOP *** 
_SKR folds
.Alex76. collected 90 from pot
*** SUMMARY ***
Total pot 90 | No rake
Seat 2: .Alex76. (big blind) won 90


Winamax Poker - Tournament "Expresso Nitro" buyIn: 1.86€ + 0.14€ level: 4 - HandId: #2696937800564998145-13-1675104323 - Holdem no limit (30/60) - 2023/01/30 18:45:23 UTC
Table: 'Expresso Nitro(627929764)#0' 3-max (real money) Seat #2 is the button
Seat 2: .Alex76. (180)
Seat 3: _SKR (720)
*** ANTE/BLINDS ***
.Alex76. posts small blind 30
_SKR posts big blind 60
Dealt to _SKR [2d 5h]
*** PRE-FLOP *** 
.Alex76. folds
_SKR collected 90 from pot
*** SUMMARY ***
Total pot 90 | No rake
Seat 3: _SKR (big blind) won 90


Winamax Poker - Tournament "Expresso Nitro" buyIn: 1.86€ + 0.14€ level: 4 - HandId: #2696937800564998145-14-1675104328 - Holdem no limit (30/60) - 2023/01/30 18:45:28 UTC
Table: 'Expresso Nitro(627929764)#0' 3-max (real money) Seat #3 is the button
Seat 2: .Alex76. (150)
Seat 3: _SKR (750)
*** ANTE/BLINDS ***
_SKR posts small blind 30
.Alex76. posts big blind 60
Dealt to _SKR [Jc 6s]
*** PRE-FLOP *** 
_SKR folds
.Alex76. collected 90 from pot
*** SUMMARY ***
Total pot 90 | No rake
Seat 2: .Alex76. (big blind) won 90


Winamax Poker - Tournament "Expresso Nitro" buyIn: 1.86€ + 0.14€ level: 4 - HandId: #2696937800564998145-15-1675104332 - Holdem no limit (30/60) - 2023/01/30 18:45:32 UTC
Table: 'Expresso Nitro(627929764)#0' 3-max (real money) Seat #2 is the button
Seat 2: .Alex76. (180)
Seat 3: _SKR (720)
*** ANTE/BLINDS ***
.Alex76. posts small blind 30
_SKR posts big blind 60
Dealt to _SKR [Qc 7c]
*** PRE-FLOP *** 
.Alex76. folds
_SKR collected 90 from pot
*** SUMMARY ***
Total pot 90 | No rake
Seat 3: _SKR (big blind) won 90


Winamax Poker - Tournament "Expresso Nitro" buyIn: 1.86€ + 0.14€ level: 4 - HandId: #2696937800564998145-16-1675104336 - Holdem no limit (30/60) - 2023/01/30 18:45:36 UTC
Table: 'Expresso Nitro(627929764)#0' 3-max (real money) Seat #3 is the button
Seat 2: .Alex76. (150)
Seat 3: _SKR (750)
*** ANTE/BLINDS ***
_SKR posts small blind 30
.Alex76. posts big blind 60
Dealt to _SKR [9h 5h]
*** PRE-FLOP *** 
_SKR folds
.Alex76. collected 90 from pot
*** SUMMARY ***
Total pot 90 | No rake
Seat 2: .Alex76. (big blind) won 90


Winamax Poker - Tournament "Expresso Nitro" buyIn: 1.86€ + 0.14€ level: 4 - HandId: #2696937800564998145-17-1675104345 - Holdem no limit (30/60) - 2023/01/30 18:45:45 UTC
Table: 'Expresso Nitro(627929764)#0' 3-max (real money) Seat #2 is the button
Seat 2: .Alex76. (180)
Seat 3: _SKR (720)
*** ANTE/BLINDS ***
.Alex76. posts small blind 30
_SKR posts big blind 60
Dealt to _SKR [2s As]
*** PRE-FLOP *** 
.Alex76. raises 60 to 120
_SKR raises 600 to 720 and is all-in
.Alex76. calls 60 and is all-in
*** FLOP *** [6h 4c Ks]
*** TURN *** [6h 4c Ks][9d]
*** RIVER *** [6h 4c Ks 9d][6c]
*** SHOW DOWN ***
.Alex76. shows [5s 7s] (One pair : 6)
_SKR shows [2s As] (One pair : 6)
_SKR collected 900 from pot
*** SUMMARY ***
Total pot 900 | No rake
Board: [6h 4c Ks 9d 6c]
Seat 2: .Alex76. (small blind) (button) showed [5s 7s] and lost with One pair : 6
Seat 3: _SKR (big blind) showed [2s As] and won 900 with One pair : 6


