Winamax Poker - Tournament "Expresso Nitro" buyIn: 0.93€ + 0.07€ level: 1 - HandId: #2674147260983410689-1-1673703408 - Holdem no limit (10/20) - 2023/01/14 13:36:48 UTC
Table: 'Expresso Nitro(622623428)#0' 3-max (real money) Seat #3 is the button
Seat 1: mamapaname (300)
Seat 2: Lunacle (300)
Seat 3: _SKR (300)
*** ANTE/BLINDS ***
mamapaname posts small blind 10
Lunacle posts big blind 20
Dealt to _SKR [Jh 5s]
*** PRE-FLOP *** 
_SKR folds
mamapaname folds
Lunacle collected 30 from pot
*** SUMMARY ***
Total pot 30 | No rake
Seat 2: Lunacle (big blind) won 30


Winamax Poker - Tournament "Expresso Nitro" buyIn: 0.93€ + 0.07€ level: 1 - HandId: #2674147260983410689-2-1673703423 - Holdem no limit (10/20) - 2023/01/14 13:37:03 UTC
Table: 'Expresso Nitro(622623428)#0' 3-max (real money) Seat #1 is the button
Seat 1: mamapaname (290)
Seat 2: Lunacle (310)
Seat 3: _SKR (300)
*** ANTE/BLINDS ***
Lunacle posts small blind 10
_SKR posts big blind 20
Dealt to _SKR [Qd Ah]
*** PRE-FLOP *** 
mamapaname folds
Lunacle folds
_SKR collected 30 from pot
*** SUMMARY ***
Total pot 30 | No rake
Seat 3: _SKR (big blind) won 30


Winamax Poker - Tournament "Expresso Nitro" buyIn: 0.93€ + 0.07€ level: 1 - HandId: #2674147260983410689-3-1673703437 - Holdem no limit (10/20) - 2023/01/14 13:37:17 UTC
Table: 'Expresso Nitro(622623428)#0' 3-max (real money) Seat #2 is the button
Seat 1: mamapaname (290)
Seat 2: Lunacle (300)
Seat 3: _SKR (310)
*** ANTE/BLINDS ***
_SKR posts small blind 10
mamapaname posts big blind 20
Dealt to _SKR [3s 7c]
*** PRE-FLOP *** 
Lunacle folds
_SKR folds
mamapaname collected 30 from pot
*** SUMMARY ***
Total pot 30 | No rake
Seat 1: mamapaname (big blind) won 30


Winamax Poker - Tournament "Expresso Nitro" buyIn: 0.93€ + 0.07€ level: 1 - HandId: #2674147260983410689-4-1673703444 - Holdem no limit (10/20) - 2023/01/14 13:37:24 UTC
Table: 'Expresso Nitro(622623428)#0' 3-max (real money) Seat #3 is the button
Seat 1: mamapaname (300)
Seat 2: Lunacle (300)
Seat 3: _SKR (300)
*** ANTE/BLINDS ***
mamapaname posts small blind 10
Lunacle posts big blind 20
Dealt to _SKR [5h 3h]
*** PRE-FLOP *** 
_SKR folds
mamapaname calls 10
Lunacle checks
*** FLOP *** [5c 4d 8c]
mamapaname checks
Lunacle checks
*** TURN *** [5c 4d 8c][Qc]
mamapaname checks
Lunacle checks
*** RIVER *** [5c 4d 8c Qc][9d]
mamapaname checks
Lunacle checks
*** SHOW DOWN ***
mamapaname shows [Kd 7c] (High card : King)
Lunacle shows [Tc 8h] (One pair : 8)
Lunacle collected 40 from pot
*** SUMMARY ***
Total pot 40 | No rake
Board: [5c 4d 8c Qc 9d]
Seat 1: mamapaname (small blind) showed [Kd 7c] and lost with High card : King
Seat 2: Lunacle (big blind) showed [Tc 8h] and won 40 with One pair : 8


Winamax Poker - Tournament "Expresso Nitro" buyIn: 0.93€ + 0.07€ level: 2 - HandId: #2674147260983410689-5-1673703486 - Holdem no limit (15/30) - 2023/01/14 13:38:06 UTC
Table: 'Expresso Nitro(622623428)#0' 3-max (real money) Seat #1 is the button
Seat 1: mamapaname (280)
Seat 2: Lunacle (320)
Seat 3: _SKR (300)
*** ANTE/BLINDS ***
Lunacle posts small blind 15
_SKR posts big blind 30
Dealt to _SKR [3c 7d]
*** PRE-FLOP *** 
mamapaname folds
Lunacle folds
_SKR collected 45 from pot
*** SUMMARY ***
Total pot 45 | No rake
Seat 3: _SKR (big blind) won 45


Winamax Poker - Tournament "Expresso Nitro" buyIn: 0.93€ + 0.07€ level: 2 - HandId: #2674147260983410689-6-1673703490 - Holdem no limit (15/30) - 2023/01/14 13:38:10 UTC
Table: 'Expresso Nitro(622623428)#0' 3-max (real money) Seat #2 is the button
Seat 1: mamapaname (280)
Seat 2: Lunacle (305)
Seat 3: _SKR (315)
*** ANTE/BLINDS ***
_SKR posts small blind 15
mamapaname posts big blind 30
Dealt to _SKR [8h 3s]
*** PRE-FLOP *** 
Lunacle folds
_SKR folds
mamapaname collected 45 from pot
*** SUMMARY ***
Total pot 45 | No rake
Seat 1: mamapaname (big blind) won 45


Winamax Poker - Tournament "Expresso Nitro" buyIn: 0.93€ + 0.07€ level: 2 - HandId: #2674147260983410689-7-1673703500 - Holdem no limit (15/30) - 2023/01/14 13:38:20 UTC
Table: 'Expresso Nitro(622623428)#0' 3-max (real money) Seat #3 is the button
Seat 1: mamapaname (295)
Seat 2: Lunacle (305)
Seat 3: _SKR (300)
*** ANTE/BLINDS ***
mamapaname posts small blind 15
Lunacle posts big blind 30
Dealt to _SKR [4h 9d]
*** PRE-FLOP *** 
_SKR folds
mamapaname folds
Lunacle collected 45 from pot
*** SUMMARY ***
Total pot 45 | No rake
Seat 2: Lunacle (big blind) won 45


Winamax Poker - Tournament "Expresso Nitro" buyIn: 0.93€ + 0.07€ level: 2 - HandId: #2674147260983410689-8-1673703507 - Holdem no limit (15/30) - 2023/01/14 13:38:27 UTC
Table: 'Expresso Nitro(622623428)#0' 3-max (real money) Seat #1 is the button
Seat 1: mamapaname (280)
Seat 2: Lunacle (320)
Seat 3: _SKR (300)
*** ANTE/BLINDS ***
Lunacle posts small blind 15
_SKR posts big blind 30
Dealt to _SKR [4s 2c]
*** PRE-FLOP *** 
mamapaname raises 250 to 280 and is all-in
Lunacle folds
_SKR folds
mamapaname collected 325 from pot
*** SUMMARY ***
Total pot 325 | No rake
Seat 1: mamapaname (button) won 325


Winamax Poker - Tournament "Expresso Nitro" buyIn: 0.93€ + 0.07€ level: 2 - HandId: #2674147260983410689-9-1673703516 - Holdem no limit (15/30) - 2023/01/14 13:38:36 UTC
Table: 'Expresso Nitro(622623428)#0' 3-max (real money) Seat #2 is the button
Seat 1: mamapaname (325)
Seat 2: Lunacle (305)
Seat 3: _SKR (270)
*** ANTE/BLINDS ***
_SKR posts small blind 15
mamapaname posts big blind 30
Dealt to _SKR [Kh 7d]
*** PRE-FLOP *** 
Lunacle raises 75 to 105
_SKR raises 165 to 270 and is all-in
mamapaname folds
Lunacle calls 165
*** FLOP *** [Qd 5d 5h]
*** TURN *** [Qd 5d 5h][2s]
*** RIVER *** [Qd 5d 5h 2s][6c]
*** SHOW DOWN ***
_SKR shows [Kh 7d] (One pair : 5)
Lunacle shows [Ah Kc] (One pair : 5)
Lunacle collected 570 from pot
*** SUMMARY ***
Total pot 570 | No rake
Board: [Qd 5d 5h 2s 6c]
Seat 2: Lunacle (button) showed [Ah Kc] and won 570 with One pair : 5
Seat 3: _SKR (small blind) showed [Kh 7d] and lost with One pair : 5


