Winamax Poker - Tournament "Expresso Nitro" buyIn: 1.86€ + 0.14€ level: 1 - HandId: #2697316586615734273-1-1675117391 - Holdem no limit (10/20) - 2023/01/30 22:23:11 UTC
Table: 'Expresso Nitro(628017957)#0' 3-max (real money) Seat #2 is the button
Seat 1: JAQK ChirAK (300)
Seat 2: _SKR (300)
Seat 3: megalo.Ibis3 (300)
*** ANTE/BLINDS ***
megalo.Ibis3 posts small blind 10
JAQK ChirAK posts big blind 20
Dealt to _SKR [4c 7h]
*** PRE-FLOP *** 
_SKR folds
megalo.Ibis3 raises 280 to 300 and is all-in
JAQK ChirAK folds
megalo.Ibis3 collected 320 from pot
*** SUMMARY ***
Total pot 320 | No rake
Seat 3: megalo.Ibis3 (small blind) won 320


Winamax Poker - Tournament "Expresso Nitro" buyIn: 1.86€ + 0.14€ level: 1 - HandId: #2697316586615734273-2-1675117397 - Holdem no limit (10/20) - 2023/01/30 22:23:17 UTC
Table: 'Expresso Nitro(628017957)#0' 3-max (real money) Seat #3 is the button
Seat 1: JAQK ChirAK (280)
Seat 2: _SKR (300)
Seat 3: megalo.Ibis3 (320)
*** ANTE/BLINDS ***
JAQK ChirAK posts small blind 10
_SKR posts big blind 20
Dealt to _SKR [9s Th]
*** PRE-FLOP *** 
megalo.Ibis3 calls 20
JAQK ChirAK raises 260 to 280 and is all-in
_SKR folds
megalo.Ibis3 folds
JAQK ChirAK collected 320 from pot
*** SUMMARY ***
Total pot 320 | No rake
Seat 1: JAQK ChirAK (small blind) won 320


Winamax Poker - Tournament "Expresso Nitro" buyIn: 1.86€ + 0.14€ level: 1 - HandId: #2697316586615734273-3-1675117410 - Holdem no limit (10/20) - 2023/01/30 22:23:30 UTC
Table: 'Expresso Nitro(628017957)#0' 3-max (real money) Seat #1 is the button
Seat 1: JAQK ChirAK (320)
Seat 2: _SKR (280)
Seat 3: megalo.Ibis3 (300)
*** ANTE/BLINDS ***
_SKR posts small blind 10
megalo.Ibis3 posts big blind 20
Dealt to _SKR [8h Jd]
*** PRE-FLOP *** 
JAQK ChirAK folds
_SKR folds
megalo.Ibis3 collected 30 from pot
*** SUMMARY ***
Total pot 30 | No rake
Seat 3: megalo.Ibis3 (big blind) won 30


Winamax Poker - Tournament "Expresso Nitro" buyIn: 1.86€ + 0.14€ level: 1 - HandId: #2697316586615734273-4-1675117415 - Holdem no limit (10/20) - 2023/01/30 22:23:35 UTC
Table: 'Expresso Nitro(628017957)#0' 3-max (real money) Seat #2 is the button
Seat 1: JAQK ChirAK (320)
Seat 2: _SKR (270)
Seat 3: megalo.Ibis3 (310)
*** ANTE/BLINDS ***
megalo.Ibis3 posts small blind 10
JAQK ChirAK posts big blind 20
Dealt to _SKR [4s Jc]
*** PRE-FLOP *** 
_SKR folds
megalo.Ibis3 calls 10
JAQK ChirAK checks
*** FLOP *** [5d 4c Jh]
megalo.Ibis3 checks
JAQK ChirAK bets 20
megalo.Ibis3 calls 20
*** TURN *** [5d 4c Jh][7h]
megalo.Ibis3 checks
JAQK ChirAK checks
*** RIVER *** [5d 4c Jh 7h][8c]
megalo.Ibis3 checks
JAQK ChirAK checks
*** SHOW DOWN ***
JAQK ChirAK shows [Td 2d] (High card : Jack)
megalo.Ibis3 shows [Qh Jd] (One pair : Jacks)
megalo.Ibis3 collected 80 from pot
*** SUMMARY ***
Total pot 80 | No rake
Board: [5d 4c Jh 7h 8c]
Seat 1: JAQK ChirAK (big blind) showed [Td 2d] and lost with High card : Jack
Seat 3: megalo.Ibis3 (small blind) showed [Qh Jd] and won 80 with One pair : Jacks


Winamax Poker - Tournament "Expresso Nitro" buyIn: 1.86€ + 0.14€ level: 2 - HandId: #2697316586615734273-5-1675117449 - Holdem no limit (15/30) - 2023/01/30 22:24:09 UTC
Table: 'Expresso Nitro(628017957)#0' 3-max (real money) Seat #3 is the button
Seat 1: JAQK ChirAK (280)
Seat 2: _SKR (270)
Seat 3: megalo.Ibis3 (350)
*** ANTE/BLINDS ***
JAQK ChirAK posts small blind 15
_SKR posts big blind 30
Dealt to _SKR [9c 4d]
*** PRE-FLOP *** 
megalo.Ibis3 folds
JAQK ChirAK calls 15
_SKR checks
*** FLOP *** [4h 6d 6h]
JAQK ChirAK checks
_SKR checks
*** TURN *** [4h 6d 6h][Jh]
JAQK ChirAK checks
_SKR checks
*** RIVER *** [4h 6d 6h Jh][7c]
JAQK ChirAK checks
_SKR checks
*** SHOW DOWN ***
_SKR shows [9c 4d] (Two pairs : 6 and 4)
JAQK ChirAK shows [2s Js] (Two pairs : Jacks and 6)
JAQK ChirAK collected 60 from pot
*** SUMMARY ***
Total pot 60 | No rake
Board: [4h 6d 6h Jh 7c]
Seat 1: JAQK ChirAK (small blind) showed [2s Js] and won 60 with Two pairs : Jacks and 6
Seat 2: _SKR (big blind) showed [9c 4d] and lost with Two pairs : 6 and 4


Winamax Poker - Tournament "Expresso Nitro" buyIn: 1.86€ + 0.14€ level: 2 - HandId: #2697316586615734273-6-1675117479 - Holdem no limit (15/30) - 2023/01/30 22:24:39 UTC
Table: 'Expresso Nitro(628017957)#0' 3-max (real money) Seat #1 is the button
Seat 1: JAQK ChirAK (310)
Seat 2: _SKR (240)
Seat 3: megalo.Ibis3 (350)
*** ANTE/BLINDS ***
_SKR posts small blind 15
megalo.Ibis3 posts big blind 30
Dealt to _SKR [7h 6h]
*** PRE-FLOP *** 
JAQK ChirAK folds
_SKR raises 210 to 240 and is all-in
megalo.Ibis3 folds
_SKR collected 270 from pot
*** SUMMARY ***
Total pot 270 | No rake
Seat 2: _SKR (small blind) won 270


Winamax Poker - Tournament "Expresso Nitro" buyIn: 1.86€ + 0.14€ level: 2 - HandId: #2697316586615734273-7-1675117489 - Holdem no limit (15/30) - 2023/01/30 22:24:49 UTC
Table: 'Expresso Nitro(628017957)#0' 3-max (real money) Seat #2 is the button
Seat 1: JAQK ChirAK (310)
Seat 2: _SKR (270)
Seat 3: megalo.Ibis3 (320)
*** ANTE/BLINDS ***
megalo.Ibis3 posts small blind 15
JAQK ChirAK posts big blind 30
Dealt to _SKR [5d 9c]
*** PRE-FLOP *** 
_SKR folds
megalo.Ibis3 calls 15
JAQK ChirAK raises 280 to 310 and is all-in
megalo.Ibis3 folds
JAQK ChirAK collected 340 from pot
*** SUMMARY ***
Total pot 340 | No rake
Seat 1: JAQK ChirAK (big blind) won 340


Winamax Poker - Tournament "Expresso Nitro" buyIn: 1.86€ + 0.14€ level: 2 - HandId: #2697316586615734273-8-1675117498 - Holdem no limit (15/30) - 2023/01/30 22:24:58 UTC
Table: 'Expresso Nitro(628017957)#0' 3-max (real money) Seat #3 is the button
Seat 1: JAQK ChirAK (340)
Seat 2: _SKR (270)
Seat 3: megalo.Ibis3 (290)
*** ANTE/BLINDS ***
JAQK ChirAK posts small blind 15
_SKR posts big blind 30
Dealt to _SKR [7s 8d]
*** PRE-FLOP *** 
megalo.Ibis3 folds
JAQK ChirAK raises 30 to 60
_SKR folds
JAQK ChirAK collected 90 from pot
*** SUMMARY ***
Total pot 90 | No rake
Seat 1: JAQK ChirAK (small blind) won 90


Winamax Poker - Tournament "Expresso Nitro" buyIn: 1.86€ + 0.14€ level: 3 - HandId: #2697316586615734273-9-1675117513 - Holdem no limit (20/40) - 2023/01/30 22:25:13 UTC
Table: 'Expresso Nitro(628017957)#0' 3-max (real money) Seat #1 is the button
Seat 1: JAQK ChirAK (370)
Seat 2: _SKR (240)
Seat 3: megalo.Ibis3 (290)
*** ANTE/BLINDS ***
_SKR posts small blind 20
megalo.Ibis3 posts big blind 40
Dealt to _SKR [8d Tc]
*** PRE-FLOP *** 
JAQK ChirAK folds
_SKR raises 200 to 240 and is all-in
megalo.Ibis3 folds
_SKR collected 280 from pot
*** SUMMARY ***
Total pot 280 | No rake
Seat 2: _SKR (small blind) won 280


Winamax Poker - Tournament "Expresso Nitro" buyIn: 1.86€ + 0.14€ level: 3 - HandId: #2697316586615734273-10-1675117524 - Holdem no limit (20/40) - 2023/01/30 22:25:24 UTC
Table: 'Expresso Nitro(628017957)#0' 3-max (real money) Seat #2 is the button
Seat 1: JAQK ChirAK (370)
Seat 2: _SKR (280)
Seat 3: megalo.Ibis3 (250)
*** ANTE/BLINDS ***
megalo.Ibis3 posts small blind 20
JAQK ChirAK posts big blind 40
Dealt to _SKR [5s 8s]
*** PRE-FLOP *** 
_SKR folds
megalo.Ibis3 calls 20
JAQK ChirAK checks
*** FLOP *** [9d Kh 4c]
megalo.Ibis3 checks
JAQK ChirAK bets 40
megalo.Ibis3 calls 40
*** TURN *** [9d Kh 4c][7h]
megalo.Ibis3 checks
JAQK ChirAK checks
*** RIVER *** [9d Kh 4c 7h][Ac]
megalo.Ibis3 checks
JAQK ChirAK checks
*** SHOW DOWN ***
JAQK ChirAK shows [6h 2c] (High card : Ace)
megalo.Ibis3 shows [Js Kc] (One pair : Kings)
megalo.Ibis3 collected 160 from pot
*** SUMMARY ***
Total pot 160 | No rake
Board: [9d Kh 4c 7h Ac]
Seat 1: JAQK ChirAK (big blind) showed [6h 2c] and lost with High card : Ace
Seat 3: megalo.Ibis3 (small blind) showed [Js Kc] and won 160 with One pair : Kings


Winamax Poker - Tournament "Expresso Nitro" buyIn: 1.86€ + 0.14€ level: 3 - HandId: #2697316586615734273-11-1675117548 - Holdem no limit (20/40) - 2023/01/30 22:25:48 UTC
Table: 'Expresso Nitro(628017957)#0' 3-max (real money) Seat #3 is the button
Seat 1: JAQK ChirAK (290)
Seat 2: _SKR (280)
Seat 3: megalo.Ibis3 (330)
*** ANTE/BLINDS ***
JAQK ChirAK posts small blind 20
_SKR posts big blind 40
Dealt to _SKR [2d 4d]
*** PRE-FLOP *** 
megalo.Ibis3 folds
JAQK ChirAK raises 250 to 290 and is all-in
_SKR folds
JAQK ChirAK collected 330 from pot
*** SUMMARY ***
Total pot 330 | No rake
Seat 1: JAQK ChirAK (small blind) won 330


Winamax Poker - Tournament "Expresso Nitro" buyIn: 1.86€ + 0.14€ level: 3 - HandId: #2697316586615734273-12-1675117556 - Holdem no limit (20/40) - 2023/01/30 22:25:56 UTC
Table: 'Expresso Nitro(628017957)#0' 3-max (real money) Seat #1 is the button
Seat 1: JAQK ChirAK (330)
Seat 2: _SKR (240)
Seat 3: megalo.Ibis3 (330)
*** ANTE/BLINDS ***
_SKR posts small blind 20
megalo.Ibis3 posts big blind 40
Dealt to _SKR [2d Js]
*** PRE-FLOP *** 
JAQK ChirAK raises 290 to 330 and is all-in
_SKR folds
megalo.Ibis3 calls 290 and is all-in
*** FLOP *** [5d 2s 2h]
*** TURN *** [5d 2s 2h][4d]
*** RIVER *** [5d 2s 2h 4d][9c]
*** SHOW DOWN ***
megalo.Ibis3 shows [Td Ah] (One pair : 2)
JAQK ChirAK shows [8s 8c] (Two pairs : 8 and 2)
JAQK ChirAK collected 680 from pot
*** SUMMARY ***
Total pot 680 | No rake
Board: [5d 2s 2h 4d 9c]
Seat 1: JAQK ChirAK (button) showed [8s 8c] and won 680 with Two pairs : 8 and 2
Seat 3: megalo.Ibis3 (big blind) showed [Td Ah] and lost with One pair : 2


Winamax Poker - Tournament "Expresso Nitro" buyIn: 1.86€ + 0.14€ level: 4 - HandId: #2697316586615734273-13-1675117575 - Holdem no limit (30/60) - 2023/01/30 22:26:15 UTC
Table: 'Expresso Nitro(628017957)#0' 3-max (real money) Seat #1 is the button
Seat 1: JAQK ChirAK (680)
Seat 2: _SKR (220)
*** ANTE/BLINDS ***
JAQK ChirAK posts small blind 30
_SKR posts big blind 60
Dealt to _SKR [Jc Kc]
*** PRE-FLOP *** 
JAQK ChirAK raises 620 to 680 and is all-in
_SKR calls 160 and is all-in
*** FLOP *** [2c As 5s]
*** TURN *** [2c As 5s][6c]
*** RIVER *** [2c As 5s 6c][3c]
*** SHOW DOWN ***
JAQK ChirAK shows [Qc 9d] (High card : Ace)
_SKR shows [Jc Kc] (Flush King high)
_SKR collected 440 from main pot
JAQK ChirAK collected 460 from side pot 1
*** SUMMARY ***
Total pot 900 | No rake
Board: [2c As 5s 6c 3c]
Seat 1: JAQK ChirAK (small blind) (button) showed [Qc 9d] and won 460 with High card : Ace
Seat 2: _SKR (big blind) showed [Jc Kc] and won 440 with Flush King high


Winamax Poker - Tournament "Expresso Nitro" buyIn: 1.86€ + 0.14€ level: 4 - HandId: #2697316586615734273-14-1675117586 - Holdem no limit (30/60) - 2023/01/30 22:26:26 UTC
Table: 'Expresso Nitro(628017957)#0' 3-max (real money) Seat #2 is the button
Seat 1: JAQK ChirAK (460)
Seat 2: _SKR (440)
*** ANTE/BLINDS ***
_SKR posts small blind 30
JAQK ChirAK posts big blind 60
Dealt to _SKR [6h 4d]
*** PRE-FLOP *** 
_SKR folds
JAQK ChirAK collected 90 from pot
*** SUMMARY ***
Total pot 90 | No rake
Seat 1: JAQK ChirAK (big blind) won 90


Winamax Poker - Tournament "Expresso Nitro" buyIn: 1.86€ + 0.14€ level: 4 - HandId: #2697316586615734273-15-1675117590 - Holdem no limit (30/60) - 2023/01/30 22:26:30 UTC
Table: 'Expresso Nitro(628017957)#0' 3-max (real money) Seat #1 is the button
Seat 1: JAQK ChirAK (490)
Seat 2: _SKR (410)
*** ANTE/BLINDS ***
JAQK ChirAK posts small blind 30
_SKR posts big blind 60
Dealt to _SKR [9d Ts]
*** PRE-FLOP *** 
JAQK ChirAK raises 430 to 490 and is all-in
_SKR folds
JAQK ChirAK collected 550 from pot
*** SUMMARY ***
Total pot 550 | No rake
Seat 1: JAQK ChirAK (small blind) (button) won 550


Winamax Poker - Tournament "Expresso Nitro" buyIn: 1.86€ + 0.14€ level: 4 - HandId: #2697316586615734273-16-1675117601 - Holdem no limit (30/60) - 2023/01/30 22:26:41 UTC
Table: 'Expresso Nitro(628017957)#0' 3-max (real money) Seat #2 is the button
Seat 1: JAQK ChirAK (550)
Seat 2: _SKR (350)
*** ANTE/BLINDS ***
_SKR posts small blind 30
JAQK ChirAK posts big blind 60
Dealt to _SKR [Qs 6s]
*** PRE-FLOP *** 
_SKR raises 290 to 350 and is all-in
JAQK ChirAK folds
_SKR collected 410 from pot
*** SUMMARY ***
Total pot 410 | No rake
Seat 2: _SKR (small blind) (button) won 410


Winamax Poker - Tournament "Expresso Nitro" buyIn: 1.86€ + 0.14€ level: 4 - HandId: #2697316586615734273-17-1675117612 - Holdem no limit (30/60) - 2023/01/30 22:26:52 UTC
Table: 'Expresso Nitro(628017957)#0' 3-max (real money) Seat #1 is the button
Seat 1: JAQK ChirAK (490)
Seat 2: _SKR (410)
*** ANTE/BLINDS ***
JAQK ChirAK posts small blind 30
_SKR posts big blind 60
Dealt to _SKR [Kh 6s]
*** PRE-FLOP *** 
JAQK ChirAK raises 430 to 490 and is all-in
_SKR calls 350 and is all-in
*** FLOP *** [5s Td 4d]
*** TURN *** [5s Td 4d][7c]
*** RIVER *** [5s Td 4d 7c][Qd]
*** SHOW DOWN ***
_SKR shows [Kh 6s] (High card : King)
JAQK ChirAK shows [9d 9h] (One pair : 9)
JAQK ChirAK collected 900 from pot
*** SUMMARY ***
Total pot 900 | No rake
Board: [5s Td 4d 7c Qd]
Seat 1: JAQK ChirAK (small blind) (button) showed [9d 9h] and won 900 with One pair : 9
Seat 2: _SKR (big blind) showed [Kh 6s] and lost with High card : King


