Winamax Poker - Tournament "Expresso Nitro" buyIn: 1.86€ + 0.14€ level: 1 - HandId: #2696535667072040961-1-1675085667 - Holdem no limit (10/20) - 2023/01/30 13:34:27 UTC
Table: 'Expresso Nitro(627836135)#0' 3-max (real money) Seat #2 is the button
Seat 1: _SKR (300)
Seat 2: Gegedu63 (300)
Seat 3: cochoa (300)
*** ANTE/BLINDS ***
cochoa posts small blind 10
_SKR posts big blind 20
Dealt to _SKR [4h Ac]
*** PRE-FLOP *** 
Gegedu63 folds
cochoa folds
_SKR collected 30 from pot
*** SUMMARY ***
Total pot 30 | No rake
Seat 1: _SKR (big blind) won 30


Winamax Poker - Tournament "Expresso Nitro" buyIn: 1.86€ + 0.14€ level: 1 - HandId: #2696535667072040961-2-1675085684 - Holdem no limit (10/20) - 2023/01/30 13:34:44 UTC
Table: 'Expresso Nitro(627836135)#0' 3-max (real money) Seat #3 is the button
Seat 1: _SKR (310)
Seat 2: Gegedu63 (300)
Seat 3: cochoa (290)
*** ANTE/BLINDS ***
_SKR posts small blind 10
Gegedu63 posts big blind 20
Dealt to _SKR [4s Qd]
*** PRE-FLOP *** 
cochoa calls 20
_SKR folds
Gegedu63 raises 280 to 300 and is all-in
cochoa folds
Gegedu63 collected 330 from pot
*** SUMMARY ***
Total pot 330 | No rake
Seat 2: Gegedu63 (big blind) won 330


Winamax Poker - Tournament "Expresso Nitro" buyIn: 1.86€ + 0.14€ level: 1 - HandId: #2696535667072040961-3-1675085702 - Holdem no limit (10/20) - 2023/01/30 13:35:02 UTC
Table: 'Expresso Nitro(627836135)#0' 3-max (real money) Seat #1 is the button
Seat 1: _SKR (300)
Seat 2: Gegedu63 (330)
Seat 3: cochoa (270)
*** ANTE/BLINDS ***
Gegedu63 posts small blind 10
cochoa posts big blind 20
Dealt to _SKR [8h 5h]
*** PRE-FLOP *** 
_SKR folds
Gegedu63 folds
cochoa collected 30 from pot
*** SUMMARY ***
Total pot 30 | No rake
Seat 3: cochoa (big blind) won 30


Winamax Poker - Tournament "Expresso Nitro" buyIn: 1.86€ + 0.14€ level: 1 - HandId: #2696535667072040961-4-1675085709 - Holdem no limit (10/20) - 2023/01/30 13:35:09 UTC
Table: 'Expresso Nitro(627836135)#0' 3-max (real money) Seat #2 is the button
Seat 1: _SKR (300)
Seat 2: Gegedu63 (320)
Seat 3: cochoa (280)
*** ANTE/BLINDS ***
cochoa posts small blind 10
_SKR posts big blind 20
Dealt to _SKR [8h Jh]
*** PRE-FLOP *** 
Gegedu63 folds
cochoa folds
_SKR collected 30 from pot
*** SUMMARY ***
Total pot 30 | No rake
Seat 1: _SKR (big blind) won 30


Winamax Poker - Tournament "Expresso Nitro" buyIn: 1.86€ + 0.14€ level: 1 - HandId: #2696535667072040961-5-1675085713 - Holdem no limit (10/20) - 2023/01/30 13:35:13 UTC
Table: 'Expresso Nitro(627836135)#0' 3-max (real money) Seat #3 is the button
Seat 1: _SKR (310)
Seat 2: Gegedu63 (320)
Seat 3: cochoa (270)
*** ANTE/BLINDS ***
_SKR posts small blind 10
Gegedu63 posts big blind 20
Dealt to _SKR [8c Ad]
*** PRE-FLOP *** 
cochoa folds
_SKR raises 290 to 310 and is all-in
Gegedu63 folds
_SKR collected 330 from pot
*** SUMMARY ***
Total pot 330 | No rake
Seat 1: _SKR (small blind) won 330


Winamax Poker - Tournament "Expresso Nitro" buyIn: 1.86€ + 0.14€ level: 2 - HandId: #2696535667072040961-6-1675085726 - Holdem no limit (15/30) - 2023/01/30 13:35:26 UTC
Table: 'Expresso Nitro(627836135)#0' 3-max (real money) Seat #1 is the button
Seat 1: _SKR (330)
Seat 2: Gegedu63 (300)
Seat 3: cochoa (270)
*** ANTE/BLINDS ***
Gegedu63 posts small blind 15
cochoa posts big blind 30
Dealt to _SKR [Tc As]
*** PRE-FLOP *** 
_SKR raises 300 to 330 and is all-in
Gegedu63 folds
cochoa folds
_SKR collected 375 from pot
*** SUMMARY ***
Total pot 375 | No rake
Seat 1: _SKR (button) won 375


Winamax Poker - Tournament "Expresso Nitro" buyIn: 1.86€ + 0.14€ level: 2 - HandId: #2696535667072040961-7-1675085735 - Holdem no limit (15/30) - 2023/01/30 13:35:35 UTC
Table: 'Expresso Nitro(627836135)#0' 3-max (real money) Seat #2 is the button
Seat 1: _SKR (375)
Seat 2: Gegedu63 (285)
Seat 3: cochoa (240)
*** ANTE/BLINDS ***
cochoa posts small blind 15
_SKR posts big blind 30
Dealt to _SKR [4h 7c]
*** PRE-FLOP *** 
Gegedu63 folds
cochoa folds
_SKR collected 45 from pot
*** SUMMARY ***
Total pot 45 | No rake
Seat 1: _SKR (big blind) won 45


Winamax Poker - Tournament "Expresso Nitro" buyIn: 1.86€ + 0.14€ level: 2 - HandId: #2696535667072040961-8-1675085739 - Holdem no limit (15/30) - 2023/01/30 13:35:39 UTC
Table: 'Expresso Nitro(627836135)#0' 3-max (real money) Seat #3 is the button
Seat 1: _SKR (390)
Seat 2: Gegedu63 (285)
Seat 3: cochoa (225)
*** ANTE/BLINDS ***
_SKR posts small blind 15
Gegedu63 posts big blind 30
Dealt to _SKR [9d 4c]
*** PRE-FLOP *** 
cochoa folds
_SKR folds
Gegedu63 collected 45 from pot
*** SUMMARY ***
Total pot 45 | No rake
Seat 2: Gegedu63 (big blind) won 45


Winamax Poker - Tournament "Expresso Nitro" buyIn: 1.86€ + 0.14€ level: 2 - HandId: #2696535667072040961-9-1675085752 - Holdem no limit (15/30) - 2023/01/30 13:35:52 UTC
Table: 'Expresso Nitro(627836135)#0' 3-max (real money) Seat #1 is the button
Seat 1: _SKR (375)
Seat 2: Gegedu63 (300)
Seat 3: cochoa (225)
*** ANTE/BLINDS ***
Gegedu63 posts small blind 15
cochoa posts big blind 30
Dealt to _SKR [8d 5d]
*** PRE-FLOP *** 
_SKR folds
Gegedu63 calls 15
cochoa checks
*** FLOP *** [3h 5s Js]
Gegedu63 checks
cochoa checks
*** TURN *** [3h 5s Js][Td]
Gegedu63 bets 30
cochoa calls 30
*** RIVER *** [3h 5s Js Td][Kh]
Gegedu63 bets 30
cochoa calls 30
*** SHOW DOWN ***
Gegedu63 shows [4c Qc] (High card : King)
cochoa shows [2c Th] (One pair : Tens)
cochoa collected 180 from pot
*** SUMMARY ***
Total pot 180 | No rake
Board: [3h 5s Js Td Kh]
Seat 2: Gegedu63 (small blind) showed [4c Qc] and lost with High card : King
Seat 3: cochoa (big blind) showed [2c Th] and won 180 with One pair : Tens


Winamax Poker - Tournament "Expresso Nitro" buyIn: 1.86€ + 0.14€ level: 3 - HandId: #2696535667072040961-10-1675085784 - Holdem no limit (20/40) - 2023/01/30 13:36:24 UTC
Table: 'Expresso Nitro(627836135)#0' 3-max (real money) Seat #2 is the button
Seat 1: _SKR (375)
Seat 2: Gegedu63 (210)
Seat 3: cochoa (315)
*** ANTE/BLINDS ***
cochoa posts small blind 20
_SKR posts big blind 40
Dealt to _SKR [Tc 4d]
*** PRE-FLOP *** 
Gegedu63 folds
cochoa folds
_SKR collected 60 from pot
*** SUMMARY ***
Total pot 60 | No rake
Seat 1: _SKR (big blind) won 60


Winamax Poker - Tournament "Expresso Nitro" buyIn: 1.86€ + 0.14€ level: 3 - HandId: #2696535667072040961-11-1675085801 - Holdem no limit (20/40) - 2023/01/30 13:36:41 UTC
Table: 'Expresso Nitro(627836135)#0' 3-max (real money) Seat #3 is the button
Seat 1: _SKR (395)
Seat 2: Gegedu63 (210)
Seat 3: cochoa (295)
*** ANTE/BLINDS ***
_SKR posts small blind 20
Gegedu63 posts big blind 40
Dealt to _SKR [5h 5d]
*** PRE-FLOP *** 
cochoa folds
_SKR raises 355 to 395 and is all-in
Gegedu63 folds
_SKR collected 435 from pot
*** SUMMARY ***
Total pot 435 | No rake
Seat 1: _SKR (small blind) won 435


Winamax Poker - Tournament "Expresso Nitro" buyIn: 1.86€ + 0.14€ level: 3 - HandId: #2696535667072040961-12-1675085829 - Holdem no limit (20/40) - 2023/01/30 13:37:09 UTC
Table: 'Expresso Nitro(627836135)#0' 3-max (real money) Seat #1 is the button
Seat 1: _SKR (435)
Seat 2: Gegedu63 (170)
Seat 3: cochoa (295)
*** ANTE/BLINDS ***
Gegedu63 posts small blind 20
cochoa posts big blind 40
Dealt to _SKR [6d 5d]
*** PRE-FLOP *** 
_SKR folds
Gegedu63 calls 20
cochoa raises 255 to 295 and is all-in
Gegedu63 folds
cochoa collected 335 from pot
*** SUMMARY ***
Total pot 335 | No rake
Seat 3: cochoa (big blind) won 335


Winamax Poker - Tournament "Expresso Nitro" buyIn: 1.86€ + 0.14€ level: 4 - HandId: #2696535667072040961-13-1675085848 - Holdem no limit (30/60) - 2023/01/30 13:37:28 UTC
Table: 'Expresso Nitro(627836135)#0' 3-max (real money) Seat #2 is the button
Seat 1: _SKR (435)
Seat 2: Gegedu63 (130)
Seat 3: cochoa (335)
*** ANTE/BLINDS ***
cochoa posts small blind 30
_SKR posts big blind 60
Dealt to _SKR [Ks 7d]
*** PRE-FLOP *** 
Gegedu63 folds
cochoa folds
_SKR collected 90 from pot
*** SUMMARY ***
Total pot 90 | No rake
Seat 1: _SKR (big blind) won 90


Winamax Poker - Tournament "Expresso Nitro" buyIn: 1.86€ + 0.14€ level: 4 - HandId: #2696535667072040961-14-1675085852 - Holdem no limit (30/60) - 2023/01/30 13:37:32 UTC
Table: 'Expresso Nitro(627836135)#0' 3-max (real money) Seat #3 is the button
Seat 1: _SKR (465)
Seat 2: Gegedu63 (130)
Seat 3: cochoa (305)
*** ANTE/BLINDS ***
_SKR posts small blind 30
Gegedu63 posts big blind 60
Dealt to _SKR [2d 7d]
*** PRE-FLOP *** 
cochoa raises 245 to 305 and is all-in
_SKR folds
Gegedu63 calls 70 and is all-in
*** FLOP *** [4h 3h Ad]
*** TURN *** [4h 3h Ad][Kh]
*** RIVER *** [4h 3h Ad Kh][Qs]
*** SHOW DOWN ***
Gegedu63 shows [6c Jc] (High card : Ace)
cochoa shows [Ah Qc] (Two pairs : Aces and Queens)
cochoa collected 465 from pot
*** SUMMARY ***
Total pot 465 | No rake
Board: [4h 3h Ad Kh Qs]
Seat 2: Gegedu63 (big blind) showed [6c Jc] and lost with High card : Ace
Seat 3: cochoa (button) showed [Ah Qc] and won 465 with Two pairs : Aces and Queens


Winamax Poker - Tournament "Expresso Nitro" buyIn: 1.86€ + 0.14€ level: 4 - HandId: #2696535667072040961-15-1675085873 - Holdem no limit (30/60) - 2023/01/30 13:37:53 UTC
Table: 'Expresso Nitro(627836135)#0' 3-max (real money) Seat #3 is the button
Seat 1: _SKR (435)
Seat 3: cochoa (465)
*** ANTE/BLINDS ***
cochoa posts small blind 30
_SKR posts big blind 60
Dealt to _SKR [8d 3s]
*** PRE-FLOP *** 
cochoa raises 405 to 465 and is all-in
_SKR folds
cochoa collected 525 from pot
*** SUMMARY ***
Total pot 525 | No rake
Seat 3: cochoa (small blind) (button) won 525


Winamax Poker - Tournament "Expresso Nitro" buyIn: 1.86€ + 0.14€ level: 4 - HandId: #2696535667072040961-16-1675085879 - Holdem no limit (30/60) - 2023/01/30 13:37:59 UTC
Table: 'Expresso Nitro(627836135)#0' 3-max (real money) Seat #1 is the button
Seat 1: _SKR (375)
Seat 3: cochoa (525)
*** ANTE/BLINDS ***
_SKR posts small blind 30
cochoa posts big blind 60
Dealt to _SKR [9s Ks]
*** PRE-FLOP *** 
_SKR raises 315 to 375 and is all-in
cochoa folds
_SKR collected 435 from pot
*** SUMMARY ***
Total pot 435 | No rake
Seat 1: _SKR (small blind) (button) won 435


Winamax Poker - Tournament "Expresso Nitro" buyIn: 1.86€ + 0.14€ level: 4 - HandId: #2696535667072040961-17-1675085887 - Holdem no limit (30/60) - 2023/01/30 13:38:07 UTC
Table: 'Expresso Nitro(627836135)#0' 3-max (real money) Seat #3 is the button
Seat 1: _SKR (435)
Seat 3: cochoa (465)
*** ANTE/BLINDS ***
cochoa posts small blind 30
_SKR posts big blind 60
Dealt to _SKR [Qh Ks]
*** PRE-FLOP *** 
cochoa folds
_SKR collected 90 from pot
*** SUMMARY ***
Total pot 90 | No rake
Seat 1: _SKR (big blind) won 90


Winamax Poker - Tournament "Expresso Nitro" buyIn: 1.86€ + 0.14€ level: 4 - HandId: #2696535667072040961-18-1675085892 - Holdem no limit (30/60) - 2023/01/30 13:38:12 UTC
Table: 'Expresso Nitro(627836135)#0' 3-max (real money) Seat #1 is the button
Seat 1: _SKR (465)
Seat 3: cochoa (435)
*** ANTE/BLINDS ***
_SKR posts small blind 30
cochoa posts big blind 60
Dealt to _SKR [Jh Ts]
*** PRE-FLOP *** 
_SKR raises 405 to 465 and is all-in
cochoa folds
_SKR collected 525 from pot
*** SUMMARY ***
Total pot 525 | No rake
Seat 1: _SKR (small blind) (button) won 525


Winamax Poker - Tournament "Expresso Nitro" buyIn: 1.86€ + 0.14€ level: 4 - HandId: #2696535667072040961-19-1675085897 - Holdem no limit (30/60) - 2023/01/30 13:38:17 UTC
Table: 'Expresso Nitro(627836135)#0' 3-max (real money) Seat #3 is the button
Seat 1: _SKR (525)
Seat 3: cochoa (375)
*** ANTE/BLINDS ***
cochoa posts small blind 30
_SKR posts big blind 60
Dealt to _SKR [8s Tc]
*** PRE-FLOP *** 
cochoa folds
_SKR collected 90 from pot
*** SUMMARY ***
Total pot 90 | No rake
Seat 1: _SKR (big blind) won 90


Winamax Poker - Tournament "Expresso Nitro" buyIn: 1.86€ + 0.14€ level: 4 - HandId: #2696535667072040961-20-1675085901 - Holdem no limit (30/60) - 2023/01/30 13:38:21 UTC
Table: 'Expresso Nitro(627836135)#0' 3-max (real money) Seat #1 is the button
Seat 1: _SKR (555)
Seat 3: cochoa (345)
*** ANTE/BLINDS ***
_SKR posts small blind 30
cochoa posts big blind 60
Dealt to _SKR [5d Ad]
*** PRE-FLOP *** 
_SKR raises 495 to 555 and is all-in
cochoa calls 285 and is all-in
*** FLOP *** [Qd 2c Kd]
*** TURN *** [Qd 2c Kd][4c]
*** RIVER *** [Qd 2c Kd 4c][8s]
*** SHOW DOWN ***
cochoa shows [5c Jh] (High card : King)
_SKR shows [5d Ad] (High card : Ace)
_SKR collected 900 from pot
*** SUMMARY ***
Total pot 900 | No rake
Board: [Qd 2c Kd 4c 8s]
Seat 1: _SKR (small blind) (button) showed [5d Ad] and won 900 with High card : Ace
Seat 3: cochoa (big blind) showed [5c Jh] and lost with High card : King


