Winamax Poker - Tournament "Expresso Nitro" buyIn: 0.93€ + 0.07€ level: 1 - HandId: #2717784407883644929-1-1676235263 - Holdem no limit (10/20) - 2023/02/12 20:54:23 UTC
Table: 'Expresso Nitro(632783493)#0' 3-max (real money) Seat #3 is the button
Seat 1: 4D4S4E4L (300)
Seat 2: Point point (300)
Seat 3: _SKR (300)
*** ANTE/BLINDS ***
4D4S4E4L posts small blind 10
Point point posts big blind 20
Dealt to _SKR [9s 6h]
*** PRE-FLOP *** 
_SKR folds
4D4S4E4L folds
Point point collected 30 from pot
*** SUMMARY ***
Total pot 30 | No rake
Seat 2: Point point (big blind) won 30


Winamax Poker - Tournament "Expresso Nitro" buyIn: 0.93€ + 0.07€ level: 1 - HandId: #2717784407883644929-2-1676235270 - Holdem no limit (10/20) - 2023/02/12 20:54:30 UTC
Table: 'Expresso Nitro(632783493)#0' 3-max (real money) Seat #1 is the button
Seat 1: 4D4S4E4L (290)
Seat 2: Point point (310)
Seat 3: _SKR (300)
*** ANTE/BLINDS ***
Point point posts small blind 10
_SKR posts big blind 20
Dealt to _SKR [As 4c]
*** PRE-FLOP *** 
4D4S4E4L folds
Point point calls 10
_SKR raises 280 to 300 and is all-in
Point point folds
_SKR collected 320 from pot
*** SUMMARY ***
Total pot 320 | No rake
Seat 3: _SKR (big blind) won 320


Winamax Poker - Tournament "Expresso Nitro" buyIn: 0.93€ + 0.07€ level: 1 - HandId: #2717784407883644929-3-1676235282 - Holdem no limit (10/20) - 2023/02/12 20:54:42 UTC
Table: 'Expresso Nitro(632783493)#0' 3-max (real money) Seat #2 is the button
Seat 1: 4D4S4E4L (290)
Seat 2: Point point (290)
Seat 3: _SKR (320)
*** ANTE/BLINDS ***
_SKR posts small blind 10
4D4S4E4L posts big blind 20
Dealt to _SKR [4c 9h]
*** PRE-FLOP *** 
Point point raises 20 to 40
_SKR folds
4D4S4E4L folds
Point point collected 70 from pot
*** SUMMARY ***
Total pot 70 | No rake
Seat 2: Point point (button) won 70


Winamax Poker - Tournament "Expresso Nitro" buyIn: 0.93€ + 0.07€ level: 1 - HandId: #2717784407883644929-4-1676235304 - Holdem no limit (10/20) - 2023/02/12 20:55:04 UTC
Table: 'Expresso Nitro(632783493)#0' 3-max (real money) Seat #3 is the button
Seat 1: 4D4S4E4L (270)
Seat 2: Point point (320)
Seat 3: _SKR (310)
*** ANTE/BLINDS ***
4D4S4E4L posts small blind 10
Point point posts big blind 20
Dealt to _SKR [3c Jc]
*** PRE-FLOP *** 
_SKR folds
4D4S4E4L calls 10
Point point checks
*** FLOP *** [8h 4d 6s]
4D4S4E4L checks
Point point bets 20
4D4S4E4L calls 20
*** TURN *** [8h 4d 6s][6d]
4D4S4E4L checks
Point point bets 50
4D4S4E4L folds
Point point collected 130 from pot
*** SUMMARY ***
Total pot 130 | No rake
Board: [8h 4d 6s 6d]
Seat 2: Point point (big blind) won 130


Winamax Poker - Tournament "Expresso Nitro" buyIn: 0.93€ + 0.07€ level: 2 - HandId: #2717784407883644929-5-1676235353 - Holdem no limit (15/30) - 2023/02/12 20:55:53 UTC
Table: 'Expresso Nitro(632783493)#0' 3-max (real money) Seat #1 is the button
Seat 1: 4D4S4E4L (230)
Seat 2: Point point (360)
Seat 3: _SKR (310)
*** ANTE/BLINDS ***
Point point posts small blind 15
_SKR posts big blind 30
Dealt to _SKR [Ac 5c]
*** PRE-FLOP *** 
4D4S4E4L folds
Point point folds
_SKR collected 45 from pot
*** SUMMARY ***
Total pot 45 | No rake
Seat 3: _SKR (big blind) won 45


Winamax Poker - Tournament "Expresso Nitro" buyIn: 0.93€ + 0.07€ level: 2 - HandId: #2717784407883644929-6-1676235359 - Holdem no limit (15/30) - 2023/02/12 20:55:59 UTC
Table: 'Expresso Nitro(632783493)#0' 3-max (real money) Seat #2 is the button
Seat 1: 4D4S4E4L (230)
Seat 2: Point point (345)
Seat 3: _SKR (325)
*** ANTE/BLINDS ***
_SKR posts small blind 15
4D4S4E4L posts big blind 30
Dealt to _SKR [7c 6h]
*** PRE-FLOP *** 
Point point folds
_SKR folds
4D4S4E4L collected 45 from pot
*** SUMMARY ***
Total pot 45 | No rake
Seat 1: 4D4S4E4L (big blind) won 45


Winamax Poker - Tournament "Expresso Nitro" buyIn: 0.93€ + 0.07€ level: 2 - HandId: #2717784407883644929-7-1676235367 - Holdem no limit (15/30) - 2023/02/12 20:56:07 UTC
Table: 'Expresso Nitro(632783493)#0' 3-max (real money) Seat #3 is the button
Seat 1: 4D4S4E4L (245)
Seat 2: Point point (345)
Seat 3: _SKR (310)
*** ANTE/BLINDS ***
4D4S4E4L posts small blind 15
Point point posts big blind 30
Dealt to _SKR [2c 6c]
*** PRE-FLOP *** 
_SKR folds
4D4S4E4L folds
Point point collected 45 from pot
*** SUMMARY ***
Total pot 45 | No rake
Seat 2: Point point (big blind) won 45


Winamax Poker - Tournament "Expresso Nitro" buyIn: 0.93€ + 0.07€ level: 2 - HandId: #2717784407883644929-8-1676235373 - Holdem no limit (15/30) - 2023/02/12 20:56:13 UTC
Table: 'Expresso Nitro(632783493)#0' 3-max (real money) Seat #1 is the button
Seat 1: 4D4S4E4L (230)
Seat 2: Point point (360)
Seat 3: _SKR (310)
*** ANTE/BLINDS ***
Point point posts small blind 15
_SKR posts big blind 30
Dealt to _SKR [As Ah]
*** PRE-FLOP *** 
4D4S4E4L folds
Point point calls 15
_SKR raises 45 to 75
Point point calls 45
*** FLOP *** [Kc 5s 6c]
Point point checks
_SKR bets 53
Point point folds
_SKR collected 203 from pot
*** SUMMARY ***
Total pot 203 | No rake
Board: [Kc 5s 6c]
Seat 3: _SKR (big blind) won 203


Winamax Poker - Tournament "Expresso Nitro" buyIn: 0.93€ + 0.07€ level: 3 - HandId: #2717784407883644929-9-1676235406 - Holdem no limit (20/40) - 2023/02/12 20:56:46 UTC
Table: 'Expresso Nitro(632783493)#0' 3-max (real money) Seat #2 is the button
Seat 1: 4D4S4E4L (230)
Seat 2: Point point (285)
Seat 3: _SKR (385)
*** ANTE/BLINDS ***
_SKR posts small blind 20
4D4S4E4L posts big blind 40
Dealt to _SKR [4s Ad]
*** PRE-FLOP *** 
Point point folds
_SKR raises 345 to 385 and is all-in
4D4S4E4L calls 190 and is all-in
*** FLOP *** [7h 6c Tc]
*** TURN *** [7h 6c Tc][Jh]
*** RIVER *** [7h 6c Tc Jh][Kh]
*** SHOW DOWN ***
4D4S4E4L shows [7d Ac] (One pair : 7)
_SKR shows [4s Ad] (High card : Ace)
_SKR collected 155 from side pot 1
4D4S4E4L collected 460 from main pot
*** SUMMARY ***
Total pot 615 | No rake
Board: [7h 6c Tc Jh Kh]
Seat 1: 4D4S4E4L (big blind) showed [7d Ac] and won 460 with One pair : 7
Seat 3: _SKR (small blind) showed [4s Ad] and won 155 with High card : Ace


Winamax Poker - Tournament "Expresso Nitro" buyIn: 0.93€ + 0.07€ level: 3 - HandId: #2717784407883644929-10-1676235428 - Holdem no limit (20/40) - 2023/02/12 20:57:08 UTC
Table: 'Expresso Nitro(632783493)#0' 3-max (real money) Seat #3 is the button
Seat 1: 4D4S4E4L (460)
Seat 2: Point point (285)
Seat 3: _SKR (155)
*** ANTE/BLINDS ***
4D4S4E4L posts small blind 20
Point point posts big blind 40
Dealt to _SKR [8c Td]
*** PRE-FLOP *** 
_SKR folds
4D4S4E4L calls 20
Point point raises 245 to 285 and is all-in
4D4S4E4L folds
Point point collected 325 from pot
*** SUMMARY ***
Total pot 325 | No rake
Seat 2: Point point (big blind) won 325


Winamax Poker - Tournament "Expresso Nitro" buyIn: 0.93€ + 0.07€ level: 3 - HandId: #2717784407883644929-11-1676235436 - Holdem no limit (20/40) - 2023/02/12 20:57:16 UTC
Table: 'Expresso Nitro(632783493)#0' 3-max (real money) Seat #1 is the button
Seat 1: 4D4S4E4L (420)
Seat 2: Point point (325)
Seat 3: _SKR (155)
*** ANTE/BLINDS ***
Point point posts small blind 20
_SKR posts big blind 40
Dealt to _SKR [9s 3d]
*** PRE-FLOP *** 
4D4S4E4L calls 40
Point point folds
_SKR checks
*** FLOP *** [7h Qd 8s]
_SKR checks
4D4S4E4L bets 65
_SKR folds
4D4S4E4L collected 165 from pot
*** SUMMARY ***
Total pot 165 | No rake
Board: [7h Qd 8s]
Seat 1: 4D4S4E4L (button) won 165


Winamax Poker - Tournament "Expresso Nitro" buyIn: 0.93€ + 0.07€ level: 4 - HandId: #2717784407883644929-12-1676235467 - Holdem no limit (30/60) - 2023/02/12 20:57:47 UTC
Table: 'Expresso Nitro(632783493)#0' 3-max (real money) Seat #2 is the button
Seat 1: 4D4S4E4L (480)
Seat 2: Point point (305)
Seat 3: _SKR (115)
*** ANTE/BLINDS ***
_SKR posts small blind 30
4D4S4E4L posts big blind 60
Dealt to _SKR [7c 2d]
*** PRE-FLOP *** 
Point point raises 245 to 305 and is all-in
_SKR folds
4D4S4E4L raises 175 to 480 and is all-in
*** FLOP *** [Qc 8h As]
*** TURN *** [Qc 8h As][5s]
*** RIVER *** [Qc 8h As 5s][3c]
*** SHOW DOWN ***
4D4S4E4L shows [Kh 8s] (One pair : 8)
Point point shows [Jc Ac] (One pair : Aces)
Point point collected 640 from main pot
4D4S4E4L collected 175 from side pot 1
*** SUMMARY ***
Total pot 815 | No rake
Board: [Qc 8h As 5s 3c]
Seat 1: 4D4S4E4L (big blind) showed [Kh 8s] and won 175 with One pair : 8
Seat 2: Point point (button) showed [Jc Ac] and won 640 with One pair : Aces


Winamax Poker - Tournament "Expresso Nitro" buyIn: 0.93€ + 0.07€ level: 4 - HandId: #2717784407883644929-13-1676235482 - Holdem no limit (30/60) - 2023/02/12 20:58:02 UTC
Table: 'Expresso Nitro(632783493)#0' 3-max (real money) Seat #3 is the button
Seat 1: 4D4S4E4L (175)
Seat 2: Point point (640)
Seat 3: _SKR (85)
*** ANTE/BLINDS ***
4D4S4E4L posts small blind 30
Point point posts big blind 60
Dealt to _SKR [4d 8d]
*** PRE-FLOP *** 
_SKR folds
4D4S4E4L raises 115 to 175 and is all-in
Point point calls 115
*** FLOP *** [9c 6s 9d]
*** TURN *** [9c 6s 9d][4s]
*** RIVER *** [9c 6s 9d 4s][5d]
*** SHOW DOWN ***
4D4S4E4L shows [Kd 8h] (One pair : 9)
Point point shows [9s Kh] (Trips of 9)
Point point collected 350 from pot
*** SUMMARY ***
Total pot 350 | No rake
Board: [9c 6s 9d 4s 5d]
Seat 1: 4D4S4E4L (small blind) showed [Kd 8h] and lost with One pair : 9
Seat 2: Point point (big blind) showed [9s Kh] and won 350 with Trips of 9


Winamax Poker - Tournament "Expresso Nitro" buyIn: 0.93€ + 0.07€ level: 5 - HandId: #2717784407883644929-14-1676235499 - Holdem no limit (40/80) - 2023/02/12 20:58:19 UTC
Table: 'Expresso Nitro(632783493)#0' 3-max (real money) Seat #2 is the button
Seat 2: Point point (815)
Seat 3: _SKR (85)
*** ANTE/BLINDS ***
Point point posts small blind 40
_SKR posts big blind 80
Dealt to _SKR [9c 5c]
*** PRE-FLOP *** 
Point point raises 80 to 160
_SKR calls 5 and is all-in
*** FLOP *** [6h 5h 6d]
*** TURN *** [6h 5h 6d][Kc]
*** RIVER *** [6h 5h 6d Kc][Ad]
*** SHOW DOWN ***
Point point shows [Qd 3d] (One pair : 6)
_SKR shows [9c 5c] (Two pairs : 6 and 5)
_SKR collected 170 from main pot
Point point collected 75 from side pot 1
*** SUMMARY ***
Total pot 245 | No rake
Board: [6h 5h 6d Kc Ad]
Seat 2: Point point (small blind) (button) showed [Qd 3d] and won 75 with One pair : 6
Seat 3: _SKR (big blind) showed [9c 5c] and won 170 with Two pairs : 6 and 5


Winamax Poker - Tournament "Expresso Nitro" buyIn: 0.93€ + 0.07€ level: 5 - HandId: #2717784407883644929-15-1676235511 - Holdem no limit (40/80) - 2023/02/12 20:58:31 UTC
Table: 'Expresso Nitro(632783493)#0' 3-max (real money) Seat #3 is the button
Seat 2: Point point (730)
Seat 3: _SKR (170)
*** ANTE/BLINDS ***
_SKR posts small blind 40
Point point posts big blind 80
Dealt to _SKR [Ac 2h]
*** PRE-FLOP *** 
_SKR raises 90 to 170 and is all-in
Point point folds
_SKR collected 250 from pot
*** SUMMARY ***
Total pot 250 | No rake
Seat 3: _SKR (small blind) (button) won 250


Winamax Poker - Tournament "Expresso Nitro" buyIn: 0.93€ + 0.07€ level: 5 - HandId: #2717784407883644929-16-1676235517 - Holdem no limit (40/80) - 2023/02/12 20:58:37 UTC
Table: 'Expresso Nitro(632783493)#0' 3-max (real money) Seat #2 is the button
Seat 2: Point point (650)
Seat 3: _SKR (250)
*** ANTE/BLINDS ***
Point point posts small blind 40
_SKR posts big blind 80
Dealt to _SKR [Kc 5s]
*** PRE-FLOP *** 
Point point raises 570 to 650 and is all-in
_SKR calls 170 and is all-in
*** FLOP *** [9c 3h Ah]
*** TURN *** [9c 3h Ah][Qd]
*** RIVER *** [9c 3h Ah Qd][4d]
*** SHOW DOWN ***
_SKR shows [Kc 5s] (High card : Ace)
Point point shows [4s 4h] (Trips of 4)
Point point collected 900 from pot
*** SUMMARY ***
Total pot 900 | No rake
Board: [9c 3h Ah Qd 4d]
Seat 2: Point point (small blind) (button) showed [4s 4h] and won 900 with Trips of 4
Seat 3: _SKR (big blind) showed [Kc 5s] and lost with High card : Ace


