Winamax Poker - Tournament "Expresso Nitro" buyIn: 0.93€ + 0.07€ level: 1 - HandId: #2717304432403415041-1-1676216658 - Holdem no limit (10/20) - 2023/02/12 15:44:18 UTC
Table: 'Expresso Nitro(632671740)#0' 3-max (real money) Seat #2 is the button
Seat 1: winstounet (300)
Seat 2: raphb042 (300)
Seat 3: _SKR (300)
*** ANTE/BLINDS ***
_SKR posts small blind 10
winstounet posts big blind 20
Dealt to _SKR [8d 5h]
*** PRE-FLOP *** 
raphb042 folds
_SKR folds
winstounet collected 30 from pot
*** SUMMARY ***
Total pot 30 | No rake
Seat 1: winstounet (big blind) won 30


Winamax Poker - Tournament "Expresso Nitro" buyIn: 0.93€ + 0.07€ level: 1 - HandId: #2717304432403415041-2-1676216665 - Holdem no limit (10/20) - 2023/02/12 15:44:25 UTC
Table: 'Expresso Nitro(632671740)#0' 3-max (real money) Seat #3 is the button
Seat 1: winstounet (310)
Seat 2: raphb042 (300)
Seat 3: _SKR (290)
*** ANTE/BLINDS ***
winstounet posts small blind 10
raphb042 posts big blind 20
Dealt to _SKR [2s Ad]
*** PRE-FLOP *** 
_SKR raises 270 to 290 and is all-in
winstounet folds
raphb042 folds
_SKR collected 320 from pot
*** SUMMARY ***
Total pot 320 | No rake
Seat 3: _SKR (button) won 320


Winamax Poker - Tournament "Expresso Nitro" buyIn: 0.93€ + 0.07€ level: 1 - HandId: #2717304432403415041-3-1676216672 - Holdem no limit (10/20) - 2023/02/12 15:44:32 UTC
Table: 'Expresso Nitro(632671740)#0' 3-max (real money) Seat #1 is the button
Seat 1: winstounet (300)
Seat 2: raphb042 (280)
Seat 3: _SKR (320)
*** ANTE/BLINDS ***
raphb042 posts small blind 10
_SKR posts big blind 20
Dealt to _SKR [2d 6d]
*** PRE-FLOP *** 
winstounet folds
raphb042 raises 20 to 40
_SKR folds
raphb042 collected 60 from pot
*** SUMMARY ***
Total pot 60 | No rake
Seat 2: raphb042 (small blind) won 60


Winamax Poker - Tournament "Expresso Nitro" buyIn: 0.93€ + 0.07€ level: 1 - HandId: #2717304432403415041-4-1676216682 - Holdem no limit (10/20) - 2023/02/12 15:44:42 UTC
Table: 'Expresso Nitro(632671740)#0' 3-max (real money) Seat #2 is the button
Seat 1: winstounet (300)
Seat 2: raphb042 (300)
Seat 3: _SKR (300)
*** ANTE/BLINDS ***
_SKR posts small blind 10
winstounet posts big blind 20
Dealt to _SKR [Qd Tc]
*** PRE-FLOP *** 
raphb042 folds
_SKR raises 20 to 40
winstounet calls 20
*** FLOP *** [Kc 9d 9c]
_SKR bets 28
winstounet raises 28 to 56
_SKR folds
winstounet collected 164 from pot
*** SUMMARY ***
Total pot 164 | No rake
Board: [Kc 9d 9c]
Seat 1: winstounet (big blind) won 164


Winamax Poker - Tournament "Expresso Nitro" buyIn: 0.93€ + 0.07€ level: 2 - HandId: #2717304432403415041-5-1676216717 - Holdem no limit (15/30) - 2023/02/12 15:45:17 UTC
Table: 'Expresso Nitro(632671740)#0' 3-max (real money) Seat #3 is the button
Seat 1: winstounet (368)
Seat 2: raphb042 (300)
Seat 3: _SKR (232)
*** ANTE/BLINDS ***
winstounet posts small blind 15
raphb042 posts big blind 30
Dealt to _SKR [3c As]
*** PRE-FLOP *** 
_SKR raises 202 to 232 and is all-in
winstounet calls 217
raphb042 folds
*** FLOP *** [Kc 5c 4h]
*** TURN *** [Kc 5c 4h][5d]
*** RIVER *** [Kc 5c 4h 5d][Tc]
*** SHOW DOWN ***
winstounet shows [Ad 2d] (One pair : 5)
_SKR shows [3c As] (One pair : 5)
_SKR collected 247 from pot
winstounet collected 247 from pot
*** SUMMARY ***
Total pot 494 | No rake
Board: [Kc 5c 4h 5d Tc]
Seat 1: winstounet (small blind) showed [Ad 2d] and won 247 with One pair : 5
Seat 3: _SKR (button) showed [3c As] and won 247 with One pair : 5


Winamax Poker - Tournament "Expresso Nitro" buyIn: 0.93€ + 0.07€ level: 2 - HandId: #2717304432403415041-6-1676216735 - Holdem no limit (15/30) - 2023/02/12 15:45:35 UTC
Table: 'Expresso Nitro(632671740)#0' 3-max (real money) Seat #1 is the button
Seat 1: winstounet (383)
Seat 2: raphb042 (270)
Seat 3: _SKR (247)
*** ANTE/BLINDS ***
raphb042 posts small blind 15
_SKR posts big blind 30
Dealt to _SKR [4c Th]
*** PRE-FLOP *** 
winstounet raises 30 to 60
raphb042 folds
_SKR folds
winstounet collected 105 from pot
*** SUMMARY ***
Total pot 105 | No rake
Seat 1: winstounet (button) won 105


Winamax Poker - Tournament "Expresso Nitro" buyIn: 0.93€ + 0.07€ level: 2 - HandId: #2717304432403415041-7-1676216747 - Holdem no limit (15/30) - 2023/02/12 15:45:47 UTC
Table: 'Expresso Nitro(632671740)#0' 3-max (real money) Seat #2 is the button
Seat 1: winstounet (428)
Seat 2: raphb042 (255)
Seat 3: _SKR (217)
*** ANTE/BLINDS ***
_SKR posts small blind 15
winstounet posts big blind 30
Dealt to _SKR [4c 3h]
*** PRE-FLOP *** 
raphb042 folds
_SKR folds
winstounet collected 45 from pot
*** SUMMARY ***
Total pot 45 | No rake
Seat 1: winstounet (big blind) won 45


Winamax Poker - Tournament "Expresso Nitro" buyIn: 0.93€ + 0.07€ level: 2 - HandId: #2717304432403415041-8-1676216752 - Holdem no limit (15/30) - 2023/02/12 15:45:52 UTC
Table: 'Expresso Nitro(632671740)#0' 3-max (real money) Seat #3 is the button
Seat 1: winstounet (443)
Seat 2: raphb042 (255)
Seat 3: _SKR (202)
*** ANTE/BLINDS ***
winstounet posts small blind 15
raphb042 posts big blind 30
Dealt to _SKR [3d 2d]
*** PRE-FLOP *** 
_SKR folds
winstounet raises 195 to 225
raphb042 raises 30 to 255 and is all-in
winstounet calls 30
*** FLOP *** [Jc 7s 7h]
*** TURN *** [Jc 7s 7h][Qd]
*** RIVER *** [Jc 7s 7h Qd][Th]
*** SHOW DOWN ***
raphb042 shows [3s 3h] (Two pairs : 7 and 3)
winstounet shows [Ah Qs] (Two pairs : Queens and 7)
winstounet collected 510 from pot
*** SUMMARY ***
Total pot 510 | No rake
Board: [Jc 7s 7h Qd Th]
Seat 1: winstounet (small blind) showed [Ah Qs] and won 510 with Two pairs : Queens and 7
Seat 2: raphb042 (big blind) showed [3s 3h] and lost with Two pairs : 7 and 3


Winamax Poker - Tournament "Expresso Nitro" buyIn: 0.93€ + 0.07€ level: 3 - HandId: #2717304432403415041-9-1676216777 - Holdem no limit (20/40) - 2023/02/12 15:46:17 UTC
Table: 'Expresso Nitro(632671740)#0' 3-max (real money) Seat #3 is the button
Seat 1: winstounet (698)
Seat 3: _SKR (202)
*** ANTE/BLINDS ***
_SKR posts small blind 20
winstounet posts big blind 40
Dealt to _SKR [As 2s]
*** PRE-FLOP *** 
_SKR raises 162 to 202 and is all-in
winstounet calls 162
*** FLOP *** [6s 3h 6c]
*** TURN *** [6s 3h 6c][4s]
*** RIVER *** [6s 3h 6c 4s][Jh]
*** SHOW DOWN ***
_SKR shows [As 2s] (One pair : 6)
winstounet shows [Kd 4d] (Two pairs : 6 and 4)
winstounet collected 404 from pot
*** SUMMARY ***
Total pot 404 | No rake
Board: [6s 3h 6c 4s Jh]
Seat 1: winstounet (big blind) showed [Kd 4d] and won 404 with Two pairs : 6 and 4
Seat 3: _SKR (small blind) (button) showed [As 2s] and lost with One pair : 6


