Winamax Poker - Tournament "Expresso Nitro" buyIn: 1.86€ + 0.14€ level: 1 - HandId: #2696862608572547073-1-1675101086 - Holdem no limit (10/20) - 2023/01/30 17:51:26 UTC
Table: 'Expresso Nitro(627912257)#0' 3-max (real money) Seat #2 is the button
Seat 1: Flamenco82 (300)
Seat 2: _SKR (300)
Seat 3: ThIStheWay (300)
*** ANTE/BLINDS ***
ThIStheWay posts small blind 10
Flamenco82 posts big blind 20
Dealt to _SKR [4h Jd]
*** PRE-FLOP *** 
_SKR folds
ThIStheWay calls 10
Flamenco82 checks
*** FLOP *** [4s Ad Ac]
ThIStheWay checks
Flamenco82 checks
*** TURN *** [4s Ad Ac][8s]
ThIStheWay checks
Flamenco82 checks
*** RIVER *** [4s Ad Ac 8s][5c]
ThIStheWay checks
Flamenco82 checks
*** SHOW DOWN ***
Flamenco82 shows [Qs 9c] (One pair : Aces)
ThIStheWay shows [Ks 4c] (Two pairs : Aces and 4)
ThIStheWay collected 40 from pot
*** SUMMARY ***
Total pot 40 | No rake
Board: [4s Ad Ac 8s 5c]
Seat 1: Flamenco82 (big blind) showed [Qs 9c] and lost with One pair : Aces
Seat 3: ThIStheWay (small blind) showed [Ks 4c] and won 40 with Two pairs : Aces and 4


Winamax Poker - Tournament "Expresso Nitro" buyIn: 1.86€ + 0.14€ level: 1 - HandId: #2696862608572547073-2-1675101129 - Holdem no limit (10/20) - 2023/01/30 17:52:09 UTC
Table: 'Expresso Nitro(627912257)#0' 3-max (real money) Seat #3 is the button
Seat 1: Flamenco82 (280)
Seat 2: _SKR (300)
Seat 3: ThIStheWay (320)
*** ANTE/BLINDS ***
Flamenco82 posts small blind 10
_SKR posts big blind 20
Dealt to _SKR [6h 8s]
*** PRE-FLOP *** 
ThIStheWay folds
Flamenco82 raises 20 to 40
_SKR folds
Flamenco82 collected 60 from pot
*** SUMMARY ***
Total pot 60 | No rake
Seat 1: Flamenco82 (small blind) won 60


Winamax Poker - Tournament "Expresso Nitro" buyIn: 1.86€ + 0.14€ level: 1 - HandId: #2696862608572547073-3-1675101140 - Holdem no limit (10/20) - 2023/01/30 17:52:20 UTC
Table: 'Expresso Nitro(627912257)#0' 3-max (real money) Seat #1 is the button
Seat 1: Flamenco82 (300)
Seat 2: _SKR (280)
Seat 3: ThIStheWay (320)
*** ANTE/BLINDS ***
_SKR posts small blind 10
ThIStheWay posts big blind 20
Dealt to _SKR [8h Ts]
*** PRE-FLOP *** 
Flamenco82 raises 20 to 40
_SKR folds
ThIStheWay calls 20
*** FLOP *** [3c Ks 7h]
ThIStheWay checks
Flamenco82 bets 20
ThIStheWay folds
Flamenco82 collected 110 from pot
*** SUMMARY ***
Total pot 110 | No rake
Board: [3c Ks 7h]
Seat 1: Flamenco82 (button) won 110


Winamax Poker - Tournament "Expresso Nitro" buyIn: 1.86€ + 0.14€ level: 2 - HandId: #2696862608572547073-4-1675101155 - Holdem no limit (15/30) - 2023/01/30 17:52:35 UTC
Table: 'Expresso Nitro(627912257)#0' 3-max (real money) Seat #2 is the button
Seat 1: Flamenco82 (350)
Seat 2: _SKR (270)
Seat 3: ThIStheWay (280)
*** ANTE/BLINDS ***
ThIStheWay posts small blind 15
Flamenco82 posts big blind 30
Dealt to _SKR [7c 8c]
*** PRE-FLOP *** 
_SKR folds
ThIStheWay folds
Flamenco82 collected 45 from pot
*** SUMMARY ***
Total pot 45 | No rake
Seat 1: Flamenco82 (big blind) won 45


Winamax Poker - Tournament "Expresso Nitro" buyIn: 1.86€ + 0.14€ level: 2 - HandId: #2696862608572547073-5-1675101161 - Holdem no limit (15/30) - 2023/01/30 17:52:41 UTC
Table: 'Expresso Nitro(627912257)#0' 3-max (real money) Seat #3 is the button
Seat 1: Flamenco82 (365)
Seat 2: _SKR (270)
Seat 3: ThIStheWay (265)
*** ANTE/BLINDS ***
Flamenco82 posts small blind 15
_SKR posts big blind 30
Dealt to _SKR [Jd 6h]
*** PRE-FLOP *** 
ThIStheWay folds
Flamenco82 folds
_SKR collected 45 from pot
*** SUMMARY ***
Total pot 45 | No rake
Seat 2: _SKR (big blind) won 45


Winamax Poker - Tournament "Expresso Nitro" buyIn: 1.86€ + 0.14€ level: 2 - HandId: #2696862608572547073-6-1675101169 - Holdem no limit (15/30) - 2023/01/30 17:52:49 UTC
Table: 'Expresso Nitro(627912257)#0' 3-max (real money) Seat #1 is the button
Seat 1: Flamenco82 (350)
Seat 2: _SKR (285)
Seat 3: ThIStheWay (265)
*** ANTE/BLINDS ***
_SKR posts small blind 15
ThIStheWay posts big blind 30
Dealt to _SKR [Kd 3h]
*** PRE-FLOP *** 
Flamenco82 raises 30 to 60
_SKR folds
ThIStheWay folds
Flamenco82 collected 105 from pot
*** SUMMARY ***
Total pot 105 | No rake
Seat 1: Flamenco82 (button) won 105


Winamax Poker - Tournament "Expresso Nitro" buyIn: 1.86€ + 0.14€ level: 2 - HandId: #2696862608572547073-7-1675101180 - Holdem no limit (15/30) - 2023/01/30 17:53:00 UTC
Table: 'Expresso Nitro(627912257)#0' 3-max (real money) Seat #2 is the button
Seat 1: Flamenco82 (395)
Seat 2: _SKR (270)
Seat 3: ThIStheWay (235)
*** ANTE/BLINDS ***
ThIStheWay posts small blind 15
Flamenco82 posts big blind 30
Dealt to _SKR [8s 2s]
*** PRE-FLOP *** 
_SKR folds
ThIStheWay folds
Flamenco82 collected 45 from pot
*** SUMMARY ***
Total pot 45 | No rake
Seat 1: Flamenco82 (big blind) won 45


Winamax Poker - Tournament "Expresso Nitro" buyIn: 1.86€ + 0.14€ level: 2 - HandId: #2696862608572547073-8-1675101187 - Holdem no limit (15/30) - 2023/01/30 17:53:07 UTC
Table: 'Expresso Nitro(627912257)#0' 3-max (real money) Seat #3 is the button
Seat 1: Flamenco82 (410)
Seat 2: _SKR (270)
Seat 3: ThIStheWay (220)
*** ANTE/BLINDS ***
Flamenco82 posts small blind 15
_SKR posts big blind 30
Dealt to _SKR [Tc 2d]
*** PRE-FLOP *** 
ThIStheWay raises 190 to 220 and is all-in
Flamenco82 folds
_SKR folds
ThIStheWay collected 265 from pot
*** SUMMARY ***
Total pot 265 | No rake
Seat 3: ThIStheWay (button) won 265


Winamax Poker - Tournament "Expresso Nitro" buyIn: 1.86€ + 0.14€ level: 3 - HandId: #2696862608572547073-9-1675101203 - Holdem no limit (20/40) - 2023/01/30 17:53:23 UTC
Table: 'Expresso Nitro(627912257)#0' 3-max (real money) Seat #1 is the button
Seat 1: Flamenco82 (395)
Seat 2: _SKR (240)
Seat 3: ThIStheWay (265)
*** ANTE/BLINDS ***
_SKR posts small blind 20
ThIStheWay posts big blind 40
Dealt to _SKR [5h 9c]
*** PRE-FLOP *** 
Flamenco82 folds
_SKR folds
ThIStheWay collected 60 from pot
*** SUMMARY ***
Total pot 60 | No rake
Seat 3: ThIStheWay (big blind) won 60


Winamax Poker - Tournament "Expresso Nitro" buyIn: 1.86€ + 0.14€ level: 3 - HandId: #2696862608572547073-10-1675101213 - Holdem no limit (20/40) - 2023/01/30 17:53:33 UTC
Table: 'Expresso Nitro(627912257)#0' 3-max (real money) Seat #2 is the button
Seat 1: Flamenco82 (395)
Seat 2: _SKR (220)
Seat 3: ThIStheWay (285)
*** ANTE/BLINDS ***
ThIStheWay posts small blind 20
Flamenco82 posts big blind 40
Dealt to _SKR [5h Jd]
*** PRE-FLOP *** 
_SKR folds
ThIStheWay raises 245 to 285 and is all-in
Flamenco82 folds
ThIStheWay collected 325 from pot
*** SUMMARY ***
Total pot 325 | No rake
Seat 3: ThIStheWay (small blind) won 325


Winamax Poker - Tournament "Expresso Nitro" buyIn: 1.86€ + 0.14€ level: 3 - HandId: #2696862608572547073-11-1675101227 - Holdem no limit (20/40) - 2023/01/30 17:53:47 UTC
Table: 'Expresso Nitro(627912257)#0' 3-max (real money) Seat #3 is the button
Seat 1: Flamenco82 (355)
Seat 2: _SKR (220)
Seat 3: ThIStheWay (325)
*** ANTE/BLINDS ***
Flamenco82 posts small blind 20
_SKR posts big blind 40
Dealt to _SKR [Ks 7s]
*** PRE-FLOP *** 
ThIStheWay folds
Flamenco82 calls 20
_SKR raises 180 to 220 and is all-in
Flamenco82 folds
_SKR collected 260 from pot
*** SUMMARY ***
Total pot 260 | No rake
Seat 2: _SKR (big blind) won 260


Winamax Poker - Tournament "Expresso Nitro" buyIn: 1.86€ + 0.14€ level: 3 - HandId: #2696862608572547073-12-1675101250 - Holdem no limit (20/40) - 2023/01/30 17:54:10 UTC
Table: 'Expresso Nitro(627912257)#0' 3-max (real money) Seat #1 is the button
Seat 1: Flamenco82 (315)
Seat 2: _SKR (260)
Seat 3: ThIStheWay (325)
*** ANTE/BLINDS ***
_SKR posts small blind 20
ThIStheWay posts big blind 40
Dealt to _SKR [Td 2c]
*** PRE-FLOP *** 
Flamenco82 folds
_SKR folds
ThIStheWay collected 60 from pot
*** SUMMARY ***
Total pot 60 | No rake
Seat 3: ThIStheWay (big blind) won 60


Winamax Poker - Tournament "Expresso Nitro" buyIn: 1.86€ + 0.14€ level: 3 - HandId: #2696862608572547073-13-1675101256 - Holdem no limit (20/40) - 2023/01/30 17:54:16 UTC
Table: 'Expresso Nitro(627912257)#0' 3-max (real money) Seat #2 is the button
Seat 1: Flamenco82 (315)
Seat 2: _SKR (240)
Seat 3: ThIStheWay (345)
*** ANTE/BLINDS ***
ThIStheWay posts small blind 20
Flamenco82 posts big blind 40
Dealt to _SKR [Td 7d]
*** PRE-FLOP *** 
_SKR folds
ThIStheWay folds
Flamenco82 collected 60 from pot
*** SUMMARY ***
Total pot 60 | No rake
Seat 1: Flamenco82 (big blind) won 60


Winamax Poker - Tournament "Expresso Nitro" buyIn: 1.86€ + 0.14€ level: 4 - HandId: #2696862608572547073-14-1675101263 - Holdem no limit (30/60) - 2023/01/30 17:54:23 UTC
Table: 'Expresso Nitro(627912257)#0' 3-max (real money) Seat #3 is the button
Seat 1: Flamenco82 (335)
Seat 2: _SKR (240)
Seat 3: ThIStheWay (325)
*** ANTE/BLINDS ***
Flamenco82 posts small blind 30
_SKR posts big blind 60
Dealt to _SKR [9s Qh]
*** PRE-FLOP *** 
ThIStheWay raises 265 to 325 and is all-in
Flamenco82 folds
_SKR calls 180 and is all-in
*** FLOP *** [Qc 7c 5d]
*** TURN *** [Qc 7c 5d][Ac]
*** RIVER *** [Qc 7c 5d Ac][9d]
*** SHOW DOWN ***
_SKR shows [9s Qh] (Two pairs : Queens and 9)
ThIStheWay shows [Ad Tc] (One pair : Aces)
ThIStheWay collected 85 from side pot 1
_SKR collected 510 from main pot
*** SUMMARY ***
Total pot 595 | No rake
Board: [Qc 7c 5d Ac 9d]
Seat 2: _SKR (big blind) showed [9s Qh] and won 510 with Two pairs : Queens and 9
Seat 3: ThIStheWay (button) showed [Ad Tc] and won 85 with One pair : Aces


Winamax Poker - Tournament "Expresso Nitro" buyIn: 1.86€ + 0.14€ level: 4 - HandId: #2696862608572547073-15-1675101280 - Holdem no limit (30/60) - 2023/01/30 17:54:40 UTC
Table: 'Expresso Nitro(627912257)#0' 3-max (real money) Seat #1 is the button
Seat 1: Flamenco82 (305)
Seat 2: _SKR (510)
Seat 3: ThIStheWay (85)
*** ANTE/BLINDS ***
_SKR posts small blind 30
ThIStheWay posts big blind 60
Dealt to _SKR [7s Qc]
*** PRE-FLOP *** 
Flamenco82 raises 245 to 305 and is all-in
_SKR folds
ThIStheWay calls 25 and is all-in
*** FLOP *** [Ad Qd 3d]
*** TURN *** [Ad Qd 3d][7c]
*** RIVER *** [Ad Qd 3d 7c][Qh]
*** SHOW DOWN ***
Flamenco82 shows [2d Ac] (Two pairs : Aces and Queens)
ThIStheWay shows [Ah 7d] (Two pairs : Aces and Queens)
ThIStheWay collected 100 from main pot
Flamenco82 collected 320 from side pot 1
*** SUMMARY ***
Total pot 420 | No rake
Board: [Ad Qd 3d 7c Qh]
Seat 1: Flamenco82 (button) showed [2d Ac] and won 320 with Two pairs : Aces and Queens
Seat 3: ThIStheWay (big blind) showed [Ah 7d] and won 100 with Two pairs : Aces and Queens


Winamax Poker - Tournament "Expresso Nitro" buyIn: 1.86€ + 0.14€ level: 4 - HandId: #2696862608572547073-16-1675101300 - Holdem no limit (30/60) - 2023/01/30 17:55:00 UTC
Table: 'Expresso Nitro(627912257)#0' 3-max (real money) Seat #2 is the button
Seat 1: Flamenco82 (320)
Seat 2: _SKR (480)
Seat 3: ThIStheWay (100)
*** ANTE/BLINDS ***
ThIStheWay posts small blind 30
Flamenco82 posts big blind 60
Dealt to _SKR [9d Kh]
*** PRE-FLOP *** 
_SKR raises 420 to 480 and is all-in
ThIStheWay calls 70 and is all-in
Flamenco82 calls 260 and is all-in
*** FLOP *** [4s Td 7h]
*** TURN *** [4s Td 7h][Ts]
*** RIVER *** [4s Td 7h Ts][8s]
*** SHOW DOWN ***
ThIStheWay shows [2c Qd] (One pair : Tens)
Flamenco82 shows [Ah 6c] (One pair : Tens)
_SKR shows [9d Kh] (One pair : Tens)
_SKR collected 160 from side pot 1
Flamenco82 collected 740 from main pot
*** SUMMARY ***
Total pot 900 | No rake
Board: [4s Td 7h Ts 8s]
Seat 1: Flamenco82 (big blind) showed [Ah 6c] and won 740 with One pair : Tens
Seat 2: _SKR (button) showed [9d Kh] and won 160 with One pair : Tens
Seat 3: ThIStheWay (small blind) showed [2c Qd] and lost with One pair : Tens


Winamax Poker - Tournament "Expresso Nitro" buyIn: 1.86€ + 0.14€ level: 4 - HandId: #2696862608572547073-17-1675101321 - Holdem no limit (30/60) - 2023/01/30 17:55:21 UTC
Table: 'Expresso Nitro(627912257)#0' 3-max (real money) Seat #1 is the button
Seat 1: Flamenco82 (740)
Seat 2: _SKR (160)
*** ANTE/BLINDS ***
Flamenco82 posts small blind 30
_SKR posts big blind 60
Dealt to _SKR [9h 2c]
*** PRE-FLOP *** 
Flamenco82 raises 680 to 740 and is all-in
_SKR calls 100 and is all-in
*** FLOP *** [7h Jh Ks]
*** TURN *** [7h Jh Ks][5d]
*** RIVER *** [7h Jh Ks 5d][9d]
*** SHOW DOWN ***
Flamenco82 shows [6c 5c] (One pair : 5)
_SKR shows [9h 2c] (One pair : 9)
_SKR collected 320 from main pot
Flamenco82 collected 580 from side pot 1
*** SUMMARY ***
Total pot 900 | No rake
Board: [7h Jh Ks 5d 9d]
Seat 1: Flamenco82 (small blind) (button) showed [6c 5c] and won 580 with One pair : 5
Seat 2: _SKR (big blind) showed [9h 2c] and won 320 with One pair : 9


Winamax Poker - Tournament "Expresso Nitro" buyIn: 1.86€ + 0.14€ level: 5 - HandId: #2696862608572547073-18-1675101336 - Holdem no limit (40/80) - 2023/01/30 17:55:36 UTC
Table: 'Expresso Nitro(627912257)#0' 3-max (real money) Seat #2 is the button
Seat 1: Flamenco82 (580)
Seat 2: _SKR (320)
*** ANTE/BLINDS ***
_SKR posts small blind 40
Flamenco82 posts big blind 80
Dealt to _SKR [7h 6c]
*** PRE-FLOP *** 
_SKR folds
Flamenco82 collected 120 from pot
*** SUMMARY ***
Total pot 120 | No rake
Seat 1: Flamenco82 (big blind) won 120


Winamax Poker - Tournament "Expresso Nitro" buyIn: 1.86€ + 0.14€ level: 5 - HandId: #2696862608572547073-19-1675101339 - Holdem no limit (40/80) - 2023/01/30 17:55:39 UTC
Table: 'Expresso Nitro(627912257)#0' 3-max (real money) Seat #1 is the button
Seat 1: Flamenco82 (620)
Seat 2: _SKR (280)
*** ANTE/BLINDS ***
Flamenco82 posts small blind 40
_SKR posts big blind 80
Dealt to _SKR [Kd Qc]
*** PRE-FLOP *** 
Flamenco82 raises 540 to 620 and is all-in
_SKR calls 200 and is all-in
*** FLOP *** [8c Th Td]
*** TURN *** [8c Th Td][2c]
*** RIVER *** [8c Th Td 2c][9h]
*** SHOW DOWN ***
_SKR shows [Kd Qc] (One pair : Tens)
Flamenco82 shows [5h Ah] (One pair : Tens)
Flamenco82 collected 900 from pot
*** SUMMARY ***
Total pot 900 | No rake
Board: [8c Th Td 2c 9h]
Seat 1: Flamenco82 (small blind) (button) showed [5h Ah] and won 900 with One pair : Tens
Seat 2: _SKR (big blind) showed [Kd Qc] and lost with One pair : Tens


