Winamax Poker - Tournament "Expresso Nitro" buyIn: 0.93€ + 0.07€ level: 1 - HandId: #2689736235626266625-1-1674648859 - Holdem no limit (10/20) - 2023/01/25 12:14:19 UTC
Table: 'Expresso Nitro(626253019)#0' 3-max (real money) Seat #3 is the button
Seat 1: sachaguibsss (300)
Seat 2: _SKR (300)
Seat 3: paco jet (300)
*** ANTE/BLINDS ***
sachaguibsss posts small blind 10
_SKR posts big blind 20
Dealt to _SKR [Jd 2d]
*** PRE-FLOP *** 
paco jet calls 20
sachaguibsss calls 10
_SKR checks
*** FLOP *** [7h 2c Ac]
sachaguibsss bets 21
_SKR folds
paco jet folds
sachaguibsss collected 81 from pot
*** SUMMARY ***
Total pot 81 | No rake
Board: [7h 2c Ac]
Seat 1: sachaguibsss (small blind) won 81


Winamax Poker - Tournament "Expresso Nitro" buyIn: 0.93€ + 0.07€ level: 1 - HandId: #2689736235626266625-2-1674648875 - Holdem no limit (10/20) - 2023/01/25 12:14:35 UTC
Table: 'Expresso Nitro(626253019)#0' 3-max (real money) Seat #1 is the button
Seat 1: sachaguibsss (340)
Seat 2: _SKR (280)
Seat 3: paco jet (280)
*** ANTE/BLINDS ***
_SKR posts small blind 10
paco jet posts big blind 20
Dealt to _SKR [3c Jd]
*** PRE-FLOP *** 
sachaguibsss raises 40 to 60
_SKR folds
paco jet folds
sachaguibsss collected 90 from pot
*** SUMMARY ***
Total pot 90 | No rake
Seat 1: sachaguibsss (button) won 90


Winamax Poker - Tournament "Expresso Nitro" buyIn: 0.93€ + 0.07€ level: 1 - HandId: #2689736235626266625-3-1674648880 - Holdem no limit (10/20) - 2023/01/25 12:14:40 UTC
Table: 'Expresso Nitro(626253019)#0' 3-max (real money) Seat #2 is the button
Seat 1: sachaguibsss (370)
Seat 2: _SKR (270)
Seat 3: paco jet (260)
*** ANTE/BLINDS ***
paco jet posts small blind 10
sachaguibsss posts big blind 20
Dealt to _SKR [Qs 7d]
*** PRE-FLOP *** 
_SKR folds
paco jet folds
sachaguibsss collected 30 from pot
*** SUMMARY ***
Total pot 30 | No rake
Seat 1: sachaguibsss (big blind) won 30


Winamax Poker - Tournament "Expresso Nitro" buyIn: 0.93€ + 0.07€ level: 1 - HandId: #2689736235626266625-4-1674648887 - Holdem no limit (10/20) - 2023/01/25 12:14:47 UTC
Table: 'Expresso Nitro(626253019)#0' 3-max (real money) Seat #3 is the button
Seat 1: sachaguibsss (380)
Seat 2: _SKR (270)
Seat 3: paco jet (250)
*** ANTE/BLINDS ***
sachaguibsss posts small blind 10
_SKR posts big blind 20
Dealt to _SKR [7c Qd]
*** PRE-FLOP *** 
paco jet folds
sachaguibsss folds
_SKR collected 30 from pot
*** SUMMARY ***
Total pot 30 | No rake
Seat 2: _SKR (big blind) won 30


Winamax Poker - Tournament "Expresso Nitro" buyIn: 0.93€ + 0.07€ level: 1 - HandId: #2689736235626266625-5-1674648895 - Holdem no limit (10/20) - 2023/01/25 12:14:55 UTC
Table: 'Expresso Nitro(626253019)#0' 3-max (real money) Seat #1 is the button
Seat 1: sachaguibsss (370)
Seat 2: _SKR (280)
Seat 3: paco jet (250)
*** ANTE/BLINDS ***
_SKR posts small blind 10
paco jet posts big blind 20
Dealt to _SKR [Qd Jc]
*** PRE-FLOP *** 
sachaguibsss folds
_SKR calls 10
paco jet checks
*** FLOP *** [7d 9c As]
_SKR checks
paco jet bets 40
_SKR folds
paco jet collected 80 from pot
*** SUMMARY ***
Total pot 80 | No rake
Board: [7d 9c As]
Seat 3: paco jet (big blind) won 80


Winamax Poker - Tournament "Expresso Nitro" buyIn: 0.93€ + 0.07€ level: 2 - HandId: #2689736235626266625-6-1674648918 - Holdem no limit (15/30) - 2023/01/25 12:15:18 UTC
Table: 'Expresso Nitro(626253019)#0' 3-max (real money) Seat #2 is the button
Seat 1: sachaguibsss (370)
Seat 2: _SKR (260)
Seat 3: paco jet (270)
*** ANTE/BLINDS ***
paco jet posts small blind 15
sachaguibsss posts big blind 30
Dealt to _SKR [9h 5d]
*** PRE-FLOP *** 
_SKR folds
paco jet calls 15
sachaguibsss checks
*** FLOP *** [3d 6s Ah]
paco jet checks
sachaguibsss checks
*** TURN *** [3d 6s Ah][9s]
paco jet bets 30
sachaguibsss folds
paco jet collected 90 from pot
*** SUMMARY ***
Total pot 90 | No rake
Board: [3d 6s Ah 9s]
Seat 3: paco jet (small blind) won 90


Winamax Poker - Tournament "Expresso Nitro" buyIn: 0.93€ + 0.07€ level: 2 - HandId: #2689736235626266625-7-1674648934 - Holdem no limit (15/30) - 2023/01/25 12:15:34 UTC
Table: 'Expresso Nitro(626253019)#0' 3-max (real money) Seat #3 is the button
Seat 1: sachaguibsss (340)
Seat 2: _SKR (260)
Seat 3: paco jet (300)
*** ANTE/BLINDS ***
sachaguibsss posts small blind 15
_SKR posts big blind 30
Dealt to _SKR [Qc 4c]
*** PRE-FLOP *** 
paco jet calls 30
sachaguibsss raises 60 to 90
_SKR folds
paco jet calls 60
*** FLOP *** [8h 5c 5h]
sachaguibsss checks
paco jet bets 210 and is all-in
sachaguibsss folds
paco jet collected 420 from pot
*** SUMMARY ***
Total pot 420 | No rake
Board: [8h 5c 5h]
Seat 3: paco jet (button) won 420


Winamax Poker - Tournament "Expresso Nitro" buyIn: 0.93€ + 0.07€ level: 2 - HandId: #2689736235626266625-8-1674648950 - Holdem no limit (15/30) - 2023/01/25 12:15:50 UTC
Table: 'Expresso Nitro(626253019)#0' 3-max (real money) Seat #1 is the button
Seat 1: sachaguibsss (250)
Seat 2: _SKR (230)
Seat 3: paco jet (420)
*** ANTE/BLINDS ***
_SKR posts small blind 15
paco jet posts big blind 30
Dealt to _SKR [Kd 7h]
*** PRE-FLOP *** 
sachaguibsss calls 30
_SKR raises 200 to 230 and is all-in
paco jet folds
sachaguibsss raises 20 to 250 and is all-in
*** FLOP *** [8c Ad 3d]
*** TURN *** [8c Ad 3d][2d]
*** RIVER *** [8c Ad 3d 2d][8h]
*** SHOW DOWN ***
sachaguibsss shows [9h Jh] (One pair : 8)
_SKR shows [Kd 7h] (One pair : 8)
_SKR collected 490 from main pot
sachaguibsss collected 20 from side pot 1
*** SUMMARY ***
Total pot 510 | No rake
Board: [8c Ad 3d 2d 8h]
Seat 1: sachaguibsss (button) showed [9h Jh] and won 20 with One pair : 8
Seat 2: _SKR (small blind) showed [Kd 7h] and won 490 with One pair : 8


Winamax Poker - Tournament "Expresso Nitro" buyIn: 0.93€ + 0.07€ level: 2 - HandId: #2689736235626266625-9-1674648965 - Holdem no limit (15/30) - 2023/01/25 12:16:05 UTC
Table: 'Expresso Nitro(626253019)#0' 3-max (real money) Seat #2 is the button
Seat 1: sachaguibsss (20)
Seat 2: _SKR (490)
Seat 3: paco jet (390)
*** ANTE/BLINDS ***
paco jet posts small blind 15
sachaguibsss posts big blind 20 and is all-in
Dealt to _SKR [Qd 2s]
*** PRE-FLOP *** 
_SKR folds
paco jet raises 370 to 390 and is all-in
*** FLOP *** [4s Ad 8d]
*** TURN *** [4s Ad 8d][Td]
*** RIVER *** [4s Ad 8d Td][Tc]
*** SHOW DOWN ***
sachaguibsss shows [2h 5c] (One pair : Tens)
paco jet shows [Ac Jd] (Two pairs : Aces and Tens)
paco jet collected 410 from pot
*** SUMMARY ***
Total pot 410 | No rake
Board: [4s Ad 8d Td Tc]
Seat 1: sachaguibsss (big blind) showed [2h 5c] and lost with One pair : Tens
Seat 3: paco jet (small blind) showed [Ac Jd] and won 410 with Two pairs : Aces and Tens


Winamax Poker - Tournament "Expresso Nitro" buyIn: 0.93€ + 0.07€ level: 3 - HandId: #2689736235626266625-10-1674648998 - Holdem no limit (20/40) - 2023/01/25 12:16:38 UTC
Table: 'Expresso Nitro(626253019)#0' 3-max (real money) Seat #2 is the button
Seat 2: _SKR (490)
Seat 3: paco jet (410)
*** ANTE/BLINDS ***
_SKR posts small blind 20
paco jet posts big blind 40
Dealt to _SKR [4h 7h]
*** PRE-FLOP *** 
_SKR folds
paco jet collected 60 from pot
*** SUMMARY ***
Total pot 60 | No rake
Seat 3: paco jet (big blind) won 60


Winamax Poker - Tournament "Expresso Nitro" buyIn: 0.93€ + 0.07€ level: 3 - HandId: #2689736235626266625-11-1674649002 - Holdem no limit (20/40) - 2023/01/25 12:16:42 UTC
Table: 'Expresso Nitro(626253019)#0' 3-max (real money) Seat #3 is the button
Seat 2: _SKR (470)
Seat 3: paco jet (430)
*** ANTE/BLINDS ***
paco jet posts small blind 20
_SKR posts big blind 40
Dealt to _SKR [4s 8c]
*** PRE-FLOP *** 
paco jet calls 20
_SKR checks
*** FLOP *** [8h Ts 7d]
_SKR checks
paco jet checks
*** TURN *** [8h Ts 7d][7h]
_SKR checks
paco jet bets 80
_SKR calls 80
*** RIVER *** [8h Ts 7d 7h][5h]
_SKR checks
paco jet bets 310 and is all-in
_SKR folds
paco jet collected 550 from pot
*** SUMMARY ***
Total pot 550 | No rake
Board: [8h Ts 7d 7h 5h]
Seat 3: paco jet (small blind) (button) won 550


Winamax Poker - Tournament "Expresso Nitro" buyIn: 0.93€ + 0.07€ level: 4 - HandId: #2689736235626266625-12-1674649061 - Holdem no limit (30/60) - 2023/01/25 12:17:41 UTC
Table: 'Expresso Nitro(626253019)#0' 3-max (real money) Seat #2 is the button
Seat 2: _SKR (350)
Seat 3: paco jet (550)
*** ANTE/BLINDS ***
_SKR posts small blind 30
paco jet posts big blind 60
Dealt to _SKR [Ks 8d]
*** PRE-FLOP *** 
_SKR raises 290 to 350 and is all-in
paco jet raises 200 to 550 and is all-in
*** FLOP *** [3c 2d Jh]
*** TURN *** [3c 2d Jh][5h]
*** RIVER *** [3c 2d Jh 5h][Td]
*** SHOW DOWN ***
_SKR shows [Ks 8d] (High card : King)
paco jet shows [Ah 4h] (Straight 5 high)
paco jet collected 900 from pot
*** SUMMARY ***
Total pot 900 | No rake
Board: [3c 2d Jh 5h Td]
Seat 2: _SKR (small blind) (button) showed [Ks 8d] and lost with High card : King
Seat 3: paco jet (big blind) showed [Ah 4h] and won 900 with Straight 5 high


