Winamax Poker - Tournament "Expresso Nitro" buyIn: 0.93€ + 0.07€ level: 1 - HandId: #2676968740964270081-1-1673870805 - Holdem no limit (10/20) - 2023/01/16 12:06:45 UTC
Table: 'Expresso Nitro(623280355)#0' 3-max (real money) Seat #1 is the button
Seat 1: maradona9388 (300)
Seat 2: _SKR (300)
Seat 3: Larnacoeur69 (300)
*** ANTE/BLINDS ***
_SKR posts small blind 10
Larnacoeur69 posts big blind 20
Dealt to _SKR [Qs Ah]
*** PRE-FLOP *** 
maradona9388 calls 20
_SKR raises 280 to 300 and is all-in
Larnacoeur69 folds
maradona9388 calls 280 and is all-in
*** FLOP *** [Ts 9h Qh]
*** TURN *** [Ts 9h Qh][Td]
*** RIVER *** [Ts 9h Qh Td][4h]
*** SHOW DOWN ***
maradona9388 shows [4s Ks] (Two pairs : Tens and 4)
_SKR shows [Qs Ah] (Two pairs : Queens and Tens)
_SKR collected 620 from pot
*** SUMMARY ***
Total pot 620 | No rake
Board: [Ts 9h Qh Td 4h]
Seat 1: maradona9388 (button) showed [4s Ks] and lost with Two pairs : Tens and 4
Seat 2: _SKR (small blind) showed [Qs Ah] and won 620 with Two pairs : Queens and Tens


Winamax Poker - Tournament "Expresso Nitro" buyIn: 0.93€ + 0.07€ level: 1 - HandId: #2676968740964270081-2-1673870820 - Holdem no limit (10/20) - 2023/01/16 12:07:00 UTC
Table: 'Expresso Nitro(623280355)#0' 3-max (real money) Seat #3 is the button
Seat 2: _SKR (620)
Seat 3: Larnacoeur69 (280)
*** ANTE/BLINDS ***
Larnacoeur69 posts small blind 10
_SKR posts big blind 20
Dealt to _SKR [2d As]
*** PRE-FLOP *** 
Larnacoeur69 calls 10
_SKR raises 600 to 620 and is all-in
Larnacoeur69 folds
_SKR collected 640 from pot
*** SUMMARY ***
Total pot 640 | No rake
Seat 2: _SKR (big blind) won 640


Winamax Poker - Tournament "Expresso Nitro" buyIn: 0.93€ + 0.07€ level: 1 - HandId: #2676968740964270081-3-1673870826 - Holdem no limit (10/20) - 2023/01/16 12:07:06 UTC
Table: 'Expresso Nitro(623280355)#0' 3-max (real money) Seat #2 is the button
Seat 2: _SKR (640)
Seat 3: Larnacoeur69 (260)
*** ANTE/BLINDS ***
_SKR posts small blind 10
Larnacoeur69 posts big blind 20
Dealt to _SKR [Ks 4d]
*** PRE-FLOP *** 
_SKR folds
Larnacoeur69 collected 30 from pot
*** SUMMARY ***
Total pot 30 | No rake
Seat 3: Larnacoeur69 (big blind) won 30


Winamax Poker - Tournament "Expresso Nitro" buyIn: 0.93€ + 0.07€ level: 1 - HandId: #2676968740964270081-4-1673870830 - Holdem no limit (10/20) - 2023/01/16 12:07:10 UTC
Table: 'Expresso Nitro(623280355)#0' 3-max (real money) Seat #3 is the button
Seat 2: _SKR (630)
Seat 3: Larnacoeur69 (270)
*** ANTE/BLINDS ***
Larnacoeur69 posts small blind 10
_SKR posts big blind 20
Dealt to _SKR [Kc 3s]
*** PRE-FLOP *** 
Larnacoeur69 calls 10
_SKR checks
*** FLOP *** [9h Jc 6d]
_SKR checks
Larnacoeur69 bets 20
_SKR folds
Larnacoeur69 collected 60 from pot
*** SUMMARY ***
Total pot 60 | No rake
Board: [9h Jc 6d]
Seat 3: Larnacoeur69 (small blind) (button) won 60


Winamax Poker - Tournament "Expresso Nitro" buyIn: 0.93€ + 0.07€ level: 1 - HandId: #2676968740964270081-5-1673870850 - Holdem no limit (10/20) - 2023/01/16 12:07:30 UTC
Table: 'Expresso Nitro(623280355)#0' 3-max (real money) Seat #2 is the button
Seat 2: _SKR (610)
Seat 3: Larnacoeur69 (290)
*** ANTE/BLINDS ***
_SKR posts small blind 10
Larnacoeur69 posts big blind 20
Dealt to _SKR [7d 9d]
*** PRE-FLOP *** 
_SKR raises 20 to 40
Larnacoeur69 raises 60 to 100
_SKR calls 60
*** FLOP *** [6d Ts 3c]
Larnacoeur69 bets 130
_SKR folds
Larnacoeur69 collected 330 from pot
*** SUMMARY ***
Total pot 330 | No rake
Board: [6d Ts 3c]
Seat 3: Larnacoeur69 (big blind) won 330


Winamax Poker - Tournament "Expresso Nitro" buyIn: 0.93€ + 0.07€ level: 2 - HandId: #2676968740964270081-6-1673870882 - Holdem no limit (15/30) - 2023/01/16 12:08:02 UTC
Table: 'Expresso Nitro(623280355)#0' 3-max (real money) Seat #3 is the button
Seat 2: _SKR (510)
Seat 3: Larnacoeur69 (390)
*** ANTE/BLINDS ***
Larnacoeur69 posts small blind 15
_SKR posts big blind 30
Dealt to _SKR [Kd 9h]
*** PRE-FLOP *** 
Larnacoeur69 calls 15
_SKR raises 480 to 510 and is all-in
Larnacoeur69 folds
_SKR collected 540 from pot
*** SUMMARY ***
Total pot 540 | No rake
Seat 2: _SKR (big blind) won 540


Winamax Poker - Tournament "Expresso Nitro" buyIn: 0.93€ + 0.07€ level: 2 - HandId: #2676968740964270081-7-1673870892 - Holdem no limit (15/30) - 2023/01/16 12:08:12 UTC
Table: 'Expresso Nitro(623280355)#0' 3-max (real money) Seat #2 is the button
Seat 2: _SKR (540)
Seat 3: Larnacoeur69 (360)
*** ANTE/BLINDS ***
_SKR posts small blind 15
Larnacoeur69 posts big blind 30
Dealt to _SKR [4c 9c]
*** PRE-FLOP *** 
_SKR folds
Larnacoeur69 collected 45 from pot
*** SUMMARY ***
Total pot 45 | No rake
Seat 3: Larnacoeur69 (big blind) won 45


Winamax Poker - Tournament "Expresso Nitro" buyIn: 0.93€ + 0.07€ level: 2 - HandId: #2676968740964270081-8-1673870896 - Holdem no limit (15/30) - 2023/01/16 12:08:16 UTC
Table: 'Expresso Nitro(623280355)#0' 3-max (real money) Seat #3 is the button
Seat 2: _SKR (525)
Seat 3: Larnacoeur69 (375)
*** ANTE/BLINDS ***
Larnacoeur69 posts small blind 15
_SKR posts big blind 30
Dealt to _SKR [3d 9d]
*** PRE-FLOP *** 
Larnacoeur69 calls 15
_SKR checks
*** FLOP *** [8c 4h 7s]
_SKR checks
Larnacoeur69 bets 60
_SKR folds
Larnacoeur69 collected 120 from pot
*** SUMMARY ***
Total pot 120 | No rake
Board: [8c 4h 7s]
Seat 3: Larnacoeur69 (small blind) (button) won 120


Winamax Poker - Tournament "Expresso Nitro" buyIn: 0.93€ + 0.07€ level: 2 - HandId: #2676968740964270081-9-1673870916 - Holdem no limit (15/30) - 2023/01/16 12:08:36 UTC
Table: 'Expresso Nitro(623280355)#0' 3-max (real money) Seat #2 is the button
Seat 2: _SKR (495)
Seat 3: Larnacoeur69 (405)
*** ANTE/BLINDS ***
_SKR posts small blind 15
Larnacoeur69 posts big blind 30
Dealt to _SKR [5d 8s]
*** PRE-FLOP *** 
_SKR folds
Larnacoeur69 collected 45 from pot
*** SUMMARY ***
Total pot 45 | No rake
Seat 3: Larnacoeur69 (big blind) won 45


Winamax Poker - Tournament "Expresso Nitro" buyIn: 0.93€ + 0.07€ level: 2 - HandId: #2676968740964270081-10-1673870920 - Holdem no limit (15/30) - 2023/01/16 12:08:40 UTC
Table: 'Expresso Nitro(623280355)#0' 3-max (real money) Seat #3 is the button
Seat 2: _SKR (480)
Seat 3: Larnacoeur69 (420)
*** ANTE/BLINDS ***
Larnacoeur69 posts small blind 15
_SKR posts big blind 30
Dealt to _SKR [Qs 9d]
*** PRE-FLOP *** 
Larnacoeur69 folds
_SKR collected 45 from pot
*** SUMMARY ***
Total pot 45 | No rake
Seat 2: _SKR (big blind) won 45


Winamax Poker - Tournament "Expresso Nitro" buyIn: 0.93€ + 0.07€ level: 3 - HandId: #2676968740964270081-11-1673870924 - Holdem no limit (20/40) - 2023/01/16 12:08:44 UTC
Table: 'Expresso Nitro(623280355)#0' 3-max (real money) Seat #2 is the button
Seat 2: _SKR (495)
Seat 3: Larnacoeur69 (405)
*** ANTE/BLINDS ***
_SKR posts small blind 20
Larnacoeur69 posts big blind 40
Dealt to _SKR [8c 5d]
*** PRE-FLOP *** 
_SKR folds
Larnacoeur69 collected 60 from pot
*** SUMMARY ***
Total pot 60 | No rake
Seat 3: Larnacoeur69 (big blind) won 60


Winamax Poker - Tournament "Expresso Nitro" buyIn: 0.93€ + 0.07€ level: 3 - HandId: #2676968740964270081-12-1673870927 - Holdem no limit (20/40) - 2023/01/16 12:08:47 UTC
Table: 'Expresso Nitro(623280355)#0' 3-max (real money) Seat #3 is the button
Seat 2: _SKR (475)
Seat 3: Larnacoeur69 (425)
*** ANTE/BLINDS ***
Larnacoeur69 posts small blind 20
_SKR posts big blind 40
Dealt to _SKR [Ks Jd]
*** PRE-FLOP *** 
Larnacoeur69 calls 20
_SKR raises 435 to 475 and is all-in
Larnacoeur69 folds
_SKR collected 515 from pot
*** SUMMARY ***
Total pot 515 | No rake
Seat 2: _SKR (big blind) won 515


Winamax Poker - Tournament "Expresso Nitro" buyIn: 0.93€ + 0.07€ level: 3 - HandId: #2676968740964270081-13-1673870939 - Holdem no limit (20/40) - 2023/01/16 12:08:59 UTC
Table: 'Expresso Nitro(623280355)#0' 3-max (real money) Seat #2 is the button
Seat 2: _SKR (515)
Seat 3: Larnacoeur69 (385)
*** ANTE/BLINDS ***
_SKR posts small blind 20
Larnacoeur69 posts big blind 40
Dealt to _SKR [5c Qd]
*** PRE-FLOP *** 
_SKR folds
Larnacoeur69 collected 60 from pot
*** SUMMARY ***
Total pot 60 | No rake
Seat 3: Larnacoeur69 (big blind) won 60


Winamax Poker - Tournament "Expresso Nitro" buyIn: 0.93€ + 0.07€ level: 3 - HandId: #2676968740964270081-14-1673870955 - Holdem no limit (20/40) - 2023/01/16 12:09:15 UTC
Table: 'Expresso Nitro(623280355)#0' 3-max (real money) Seat #3 is the button
Seat 2: _SKR (495)
Seat 3: Larnacoeur69 (405)
*** ANTE/BLINDS ***
Larnacoeur69 posts small blind 20
_SKR posts big blind 40
Dealt to _SKR [8s 3s]
*** PRE-FLOP *** 
Larnacoeur69 raises 40 to 80
_SKR folds
Larnacoeur69 collected 120 from pot
*** SUMMARY ***
Total pot 120 | No rake
Seat 3: Larnacoeur69 (small blind) (button) won 120


Winamax Poker - Tournament "Expresso Nitro" buyIn: 0.93€ + 0.07€ level: 3 - HandId: #2676968740964270081-15-1673870961 - Holdem no limit (20/40) - 2023/01/16 12:09:21 UTC
Table: 'Expresso Nitro(623280355)#0' 3-max (real money) Seat #2 is the button
Seat 2: _SKR (455)
Seat 3: Larnacoeur69 (445)
*** ANTE/BLINDS ***
_SKR posts small blind 20
Larnacoeur69 posts big blind 40
Dealt to _SKR [9s Kd]
*** PRE-FLOP *** 
_SKR raises 415 to 455 and is all-in
Larnacoeur69 folds
_SKR collected 495 from pot
*** SUMMARY ***
Total pot 495 | No rake
Seat 2: _SKR (small blind) (button) won 495


Winamax Poker - Tournament "Expresso Nitro" buyIn: 0.93€ + 0.07€ level: 3 - HandId: #2676968740964270081-16-1673870966 - Holdem no limit (20/40) - 2023/01/16 12:09:26 UTC
Table: 'Expresso Nitro(623280355)#0' 3-max (real money) Seat #3 is the button
Seat 2: _SKR (495)
Seat 3: Larnacoeur69 (405)
*** ANTE/BLINDS ***
Larnacoeur69 posts small blind 20
_SKR posts big blind 40
Dealt to _SKR [Th 8d]
*** PRE-FLOP *** 
Larnacoeur69 raises 40 to 80
_SKR calls 40
*** FLOP *** [9s Qd Kh]
_SKR checks
Larnacoeur69 bets 56
_SKR folds
Larnacoeur69 collected 216 from pot
*** SUMMARY ***
Total pot 216 | No rake
Board: [9s Qd Kh]
Seat 3: Larnacoeur69 (small blind) (button) won 216


Winamax Poker - Tournament "Expresso Nitro" buyIn: 0.93€ + 0.07€ level: 4 - HandId: #2676968740964270081-17-1673870992 - Holdem no limit (30/60) - 2023/01/16 12:09:52 UTC
Table: 'Expresso Nitro(623280355)#0' 3-max (real money) Seat #2 is the button
Seat 2: _SKR (415)
Seat 3: Larnacoeur69 (485)
*** ANTE/BLINDS ***
_SKR posts small blind 30
Larnacoeur69 posts big blind 60
Dealt to _SKR [7c 8d]
*** PRE-FLOP *** 
_SKR folds
Larnacoeur69 collected 90 from pot
*** SUMMARY ***
Total pot 90 | No rake
Seat 3: Larnacoeur69 (big blind) won 90


Winamax Poker - Tournament "Expresso Nitro" buyIn: 0.93€ + 0.07€ level: 4 - HandId: #2676968740964270081-18-1673870996 - Holdem no limit (30/60) - 2023/01/16 12:09:56 UTC
Table: 'Expresso Nitro(623280355)#0' 3-max (real money) Seat #3 is the button
Seat 2: _SKR (385)
Seat 3: Larnacoeur69 (515)
*** ANTE/BLINDS ***
Larnacoeur69 posts small blind 30
_SKR posts big blind 60
Dealt to _SKR [2h 7c]
*** PRE-FLOP *** 
Larnacoeur69 folds
_SKR collected 90 from pot
*** SUMMARY ***
Total pot 90 | No rake
Seat 2: _SKR (big blind) won 90


Winamax Poker - Tournament "Expresso Nitro" buyIn: 0.93€ + 0.07€ level: 4 - HandId: #2676968740964270081-19-1673871005 - Holdem no limit (30/60) - 2023/01/16 12:10:05 UTC
Table: 'Expresso Nitro(623280355)#0' 3-max (real money) Seat #2 is the button
Seat 2: _SKR (415)
Seat 3: Larnacoeur69 (485)
*** ANTE/BLINDS ***
_SKR posts small blind 30
Larnacoeur69 posts big blind 60
Dealt to _SKR [Jd Tc]
*** PRE-FLOP *** 
_SKR raises 355 to 415 and is all-in
Larnacoeur69 folds
_SKR collected 475 from pot
*** SUMMARY ***
Total pot 475 | No rake
Seat 2: _SKR (small blind) (button) won 475


Winamax Poker - Tournament "Expresso Nitro" buyIn: 0.93€ + 0.07€ level: 4 - HandId: #2676968740964270081-20-1673871012 - Holdem no limit (30/60) - 2023/01/16 12:10:12 UTC
Table: 'Expresso Nitro(623280355)#0' 3-max (real money) Seat #3 is the button
Seat 2: _SKR (475)
Seat 3: Larnacoeur69 (425)
*** ANTE/BLINDS ***
Larnacoeur69 posts small blind 30
_SKR posts big blind 60
Dealt to _SKR [Qs Ah]
*** PRE-FLOP *** 
Larnacoeur69 folds
_SKR collected 90 from pot
*** SUMMARY ***
Total pot 90 | No rake
Seat 2: _SKR (big blind) won 90


Winamax Poker - Tournament "Expresso Nitro" buyIn: 0.93€ + 0.07€ level: 4 - HandId: #2676968740964270081-21-1673871017 - Holdem no limit (30/60) - 2023/01/16 12:10:17 UTC
Table: 'Expresso Nitro(623280355)#0' 3-max (real money) Seat #2 is the button
Seat 2: _SKR (505)
Seat 3: Larnacoeur69 (395)
*** ANTE/BLINDS ***
_SKR posts small blind 30
Larnacoeur69 posts big blind 60
Dealt to _SKR [Th Qd]
*** PRE-FLOP *** 
_SKR raises 445 to 505 and is all-in
Larnacoeur69 calls 335 and is all-in
*** FLOP *** [Ah 5h 7d]
*** TURN *** [Ah 5h 7d][8d]
*** RIVER *** [Ah 5h 7d 8d][Qh]
*** SHOW DOWN ***
_SKR shows [Th Qd] (One pair : Queens)
Larnacoeur69 shows [Qc 7h] (Two pairs : Queens and 7)
Larnacoeur69 collected 790 from main pot
_SKR collected 110 from side pot 1
*** SUMMARY ***
Total pot 900 | No rake
Board: [Ah 5h 7d 8d Qh]
Seat 2: _SKR (small blind) (button) showed [Th Qd] and won 110 with One pair : Queens
Seat 3: Larnacoeur69 (big blind) showed [Qc 7h] and won 790 with Two pairs : Queens and 7


Winamax Poker - Tournament "Expresso Nitro" buyIn: 0.93€ + 0.07€ level: 4 - HandId: #2676968740964270081-22-1673871034 - Holdem no limit (30/60) - 2023/01/16 12:10:34 UTC
Table: 'Expresso Nitro(623280355)#0' 3-max (real money) Seat #3 is the button
Seat 2: _SKR (110)
Seat 3: Larnacoeur69 (790)
*** ANTE/BLINDS ***
Larnacoeur69 posts small blind 30
_SKR posts big blind 60
Dealt to _SKR [8c Jd]
*** PRE-FLOP *** 
Larnacoeur69 calls 30
_SKR raises 50 to 110 and is all-in
Larnacoeur69 calls 50
*** FLOP *** [2s 3c 5h]
*** TURN *** [2s 3c 5h][5d]
*** RIVER *** [2s 3c 5h 5d][As]
*** SHOW DOWN ***
_SKR shows [8c Jd] (One pair : 5)
Larnacoeur69 shows [5c 6d] (Trips of 5)
Larnacoeur69 collected 220 from pot
*** SUMMARY ***
Total pot 220 | No rake
Board: [2s 3c 5h 5d As]
Seat 2: _SKR (big blind) showed [8c Jd] and lost with One pair : 5
Seat 3: Larnacoeur69 (small blind) (button) showed [5c 6d] and won 220 with Trips of 5


