Winamax Poker - Tournament "Expresso Nitro" buyIn: 0.93€ + 0.07€ level: 1 - HandId: #2689762546595921921-1-1674650344 - Holdem no limit (10/20) - 2023/01/25 12:39:04 UTC
Table: 'Expresso Nitro(626259145)#0' 3-max (real money) Seat #2 is the button
Seat 1: Ikrimoz (300)
Seat 2: _SKR (300)
Seat 3: Donky-Shark (300)
*** ANTE/BLINDS ***
Donky-Shark posts small blind 10
Ikrimoz posts big blind 20
Dealt to _SKR [7h 5s]
*** PRE-FLOP *** 
_SKR folds
Donky-Shark raises 20 to 40
Ikrimoz calls 20
*** FLOP *** [Ah As 9c]
Donky-Shark checks
Ikrimoz checks
*** TURN *** [Ah As 9c][6h]
Donky-Shark bets 52
Ikrimoz raises 58 to 110
Donky-Shark calls 58
*** RIVER *** [Ah As 9c 6h][Th]
Donky-Shark bets 150 and is all-in
Ikrimoz calls 150 and is all-in
*** SHOW DOWN ***
Donky-Shark shows [Td 6d] (Two pairs : Aces and Tens)
Ikrimoz shows [4d Ad] (Trips of Aces)
Ikrimoz collected 600 from pot
*** SUMMARY ***
Total pot 600 | No rake
Board: [Ah As 9c 6h Th]
Seat 1: Ikrimoz (big blind) showed [4d Ad] and won 600 with Trips of Aces
Seat 3: Donky-Shark (small blind) showed [Td 6d] and lost with Two pairs : Aces and Tens


Winamax Poker - Tournament "Expresso Nitro" buyIn: 0.93€ + 0.07€ level: 1 - HandId: #2689762546595921921-2-1674650372 - Holdem no limit (10/20) - 2023/01/25 12:39:32 UTC
Table: 'Expresso Nitro(626259145)#0' 3-max (real money) Seat #1 is the button
Seat 1: Ikrimoz (600)
Seat 2: _SKR (300)
*** ANTE/BLINDS ***
Ikrimoz posts small blind 10
_SKR posts big blind 20
Dealt to _SKR [7h 9c]
*** PRE-FLOP *** 
Ikrimoz calls 10
_SKR checks
*** FLOP *** [7s Kc Jd]
_SKR checks
Ikrimoz checks
*** TURN *** [7s Kc Jd][8c]
_SKR checks
Ikrimoz bets 20
_SKR calls 20
*** RIVER *** [7s Kc Jd 8c][2h]
_SKR checks
Ikrimoz checks
*** SHOW DOWN ***
Ikrimoz shows [3h 7c] (One pair : 7)
_SKR shows [7h 9c] (One pair : 7)
_SKR collected 80 from pot
*** SUMMARY ***
Total pot 80 | No rake
Board: [7s Kc Jd 8c 2h]
Seat 1: Ikrimoz (small blind) (button) showed [3h 7c] and lost with One pair : 7
Seat 2: _SKR (big blind) showed [7h 9c] and won 80 with One pair : 7


Winamax Poker - Tournament "Expresso Nitro" buyIn: 0.93€ + 0.07€ level: 2 - HandId: #2689762546595921921-3-1674650406 - Holdem no limit (15/30) - 2023/01/25 12:40:06 UTC
Table: 'Expresso Nitro(626259145)#0' 3-max (real money) Seat #2 is the button
Seat 1: Ikrimoz (560)
Seat 2: _SKR (340)
*** ANTE/BLINDS ***
_SKR posts small blind 15
Ikrimoz posts big blind 30
Dealt to _SKR [2s 6h]
*** PRE-FLOP *** 
_SKR folds
Ikrimoz collected 45 from pot
*** SUMMARY ***
Total pot 45 | No rake
Seat 1: Ikrimoz (big blind) won 45


Winamax Poker - Tournament "Expresso Nitro" buyIn: 0.93€ + 0.07€ level: 2 - HandId: #2689762546595921921-4-1674650410 - Holdem no limit (15/30) - 2023/01/25 12:40:10 UTC
Table: 'Expresso Nitro(626259145)#0' 3-max (real money) Seat #1 is the button
Seat 1: Ikrimoz (575)
Seat 2: _SKR (325)
*** ANTE/BLINDS ***
Ikrimoz posts small blind 15
_SKR posts big blind 30
Dealt to _SKR [As Kd]
*** PRE-FLOP *** 
Ikrimoz calls 15
_SKR raises 295 to 325 and is all-in
Ikrimoz folds
_SKR collected 355 from pot
*** SUMMARY ***
Total pot 355 | No rake
Seat 2: _SKR (big blind) won 355


Winamax Poker - Tournament "Expresso Nitro" buyIn: 0.93€ + 0.07€ level: 2 - HandId: #2689762546595921921-5-1674650417 - Holdem no limit (15/30) - 2023/01/25 12:40:17 UTC
Table: 'Expresso Nitro(626259145)#0' 3-max (real money) Seat #2 is the button
Seat 1: Ikrimoz (545)
Seat 2: _SKR (355)
*** ANTE/BLINDS ***
_SKR posts small blind 15
Ikrimoz posts big blind 30
Dealt to _SKR [9c Kc]
*** PRE-FLOP *** 
_SKR raises 325 to 355 and is all-in
Ikrimoz folds
_SKR collected 385 from pot
*** SUMMARY ***
Total pot 385 | No rake
Seat 2: _SKR (small blind) (button) won 385


Winamax Poker - Tournament "Expresso Nitro" buyIn: 0.93€ + 0.07€ level: 2 - HandId: #2689762546595921921-6-1674650424 - Holdem no limit (15/30) - 2023/01/25 12:40:24 UTC
Table: 'Expresso Nitro(626259145)#0' 3-max (real money) Seat #1 is the button
Seat 1: Ikrimoz (515)
Seat 2: _SKR (385)
*** ANTE/BLINDS ***
Ikrimoz posts small blind 15
_SKR posts big blind 30
Dealt to _SKR [6s 9h]
*** PRE-FLOP *** 
Ikrimoz calls 15
_SKR checks
*** FLOP *** [Qd 7h 7d]
_SKR checks
Ikrimoz checks
*** TURN *** [Qd 7h 7d][3h]
_SKR checks
Ikrimoz checks
*** RIVER *** [Qd 7h 7d 3h][6h]
_SKR checks
Ikrimoz checks
*** SHOW DOWN ***
Ikrimoz shows [4s Js] (One pair : 7)
_SKR shows [6s 9h] (Two pairs : 7 and 6)
_SKR collected 60 from pot
*** SUMMARY ***
Total pot 60 | No rake
Board: [Qd 7h 7d 3h 6h]
Seat 1: Ikrimoz (small blind) (button) showed [4s Js] and lost with One pair : 7
Seat 2: _SKR (big blind) showed [6s 9h] and won 60 with Two pairs : 7 and 6


Winamax Poker - Tournament "Expresso Nitro" buyIn: 0.93€ + 0.07€ level: 2 - HandId: #2689762546595921921-7-1674650445 - Holdem no limit (15/30) - 2023/01/25 12:40:45 UTC
Table: 'Expresso Nitro(626259145)#0' 3-max (real money) Seat #2 is the button
Seat 1: Ikrimoz (485)
Seat 2: _SKR (415)
*** ANTE/BLINDS ***
_SKR posts small blind 15
Ikrimoz posts big blind 30
Dealt to _SKR [Jd Ks]
*** PRE-FLOP *** 
_SKR raises 385 to 415 and is all-in
Ikrimoz calls 385
*** FLOP *** [2c 7s 7h]
*** TURN *** [2c 7s 7h][6d]
*** RIVER *** [2c 7s 7h 6d][2d]
*** SHOW DOWN ***
_SKR shows [Jd Ks] (Two pairs : 7 and 2)
Ikrimoz shows [Ad Jc] (Two pairs : 7 and 2)
Ikrimoz collected 830 from pot
*** SUMMARY ***
Total pot 830 | No rake
Board: [2c 7s 7h 6d 2d]
Seat 1: Ikrimoz (big blind) showed [Ad Jc] and won 830 with Two pairs : 7 and 2
Seat 2: _SKR (small blind) (button) showed [Jd Ks] and lost with Two pairs : 7 and 2


