Winamax Poker - Tournament "Expresso Nitro" buyIn: 0.93€ + 0.07€ level: 1 - HandId: #2717222523082113025-1-1676212600 - Holdem no limit (10/20) - 2023/02/12 14:36:40 UTC
Table: 'Expresso Nitro(632652669)#0' 3-max (real money) Seat #2 is the button
Seat 1: DeathR0w (300)
Seat 2: _SKR (300)
Seat 3: MoneyCaramba (300)
*** ANTE/BLINDS ***
MoneyCaramba posts small blind 10
DeathR0w posts big blind 20
Dealt to _SKR [6h 5c]
*** PRE-FLOP *** 
_SKR folds
MoneyCaramba calls 10
DeathR0w checks
*** FLOP *** [8c Kd 3s]
MoneyCaramba bets 20
DeathR0w calls 20
*** TURN *** [8c Kd 3s][8h]
MoneyCaramba checks
DeathR0w checks
*** RIVER *** [8c Kd 3s 8h][5s]
MoneyCaramba checks
DeathR0w bets 52
MoneyCaramba folds
DeathR0w collected 132 from pot
*** SUMMARY ***
Total pot 132 | No rake
Board: [8c Kd 3s 8h 5s]
Seat 1: DeathR0w (big blind) won 132


Winamax Poker - Tournament "Expresso Nitro" buyIn: 0.93€ + 0.07€ level: 1 - HandId: #2717222523082113025-2-1676212628 - Holdem no limit (10/20) - 2023/02/12 14:37:08 UTC
Table: 'Expresso Nitro(632652669)#0' 3-max (real money) Seat #3 is the button
Seat 1: DeathR0w (340)
Seat 2: _SKR (300)
Seat 3: MoneyCaramba (260)
*** ANTE/BLINDS ***
DeathR0w posts small blind 10
_SKR posts big blind 20
Dealt to _SKR [4s 9s]
*** PRE-FLOP *** 
MoneyCaramba raises 20 to 40
DeathR0w folds
_SKR folds
MoneyCaramba collected 70 from pot
*** SUMMARY ***
Total pot 70 | No rake
Seat 3: MoneyCaramba (button) won 70


Winamax Poker - Tournament "Expresso Nitro" buyIn: 0.93€ + 0.07€ level: 1 - HandId: #2717222523082113025-3-1676212643 - Holdem no limit (10/20) - 2023/02/12 14:37:23 UTC
Table: 'Expresso Nitro(632652669)#0' 3-max (real money) Seat #1 is the button
Seat 1: DeathR0w (330)
Seat 2: _SKR (280)
Seat 3: MoneyCaramba (290)
*** ANTE/BLINDS ***
_SKR posts small blind 10
MoneyCaramba posts big blind 20
Dealt to _SKR [2h 7c]
*** PRE-FLOP *** 
DeathR0w raises 30 to 50
_SKR folds
MoneyCaramba calls 30
*** FLOP *** [5s 2c Ts]
MoneyCaramba checks
DeathR0w checks
*** TURN *** [5s 2c Ts][Jh]
MoneyCaramba checks
DeathR0w checks
*** RIVER *** [5s 2c Ts Jh][Qc]
MoneyCaramba checks
DeathR0w checks
*** SHOW DOWN ***
DeathR0w shows [8s Ad] (High card : Ace)
MoneyCaramba shows [9c Jd] (One pair : Jacks)
MoneyCaramba collected 110 from pot
*** SUMMARY ***
Total pot 110 | No rake
Board: [5s 2c Ts Jh Qc]
Seat 1: DeathR0w (button) showed [8s Ad] and lost with High card : Ace
Seat 3: MoneyCaramba (big blind) showed [9c Jd] and won 110 with One pair : Jacks


Winamax Poker - Tournament "Expresso Nitro" buyIn: 0.93€ + 0.07€ level: 2 - HandId: #2717222523082113025-4-1676212679 - Holdem no limit (15/30) - 2023/02/12 14:37:59 UTC
Table: 'Expresso Nitro(632652669)#0' 3-max (real money) Seat #2 is the button
Seat 1: DeathR0w (280)
Seat 2: _SKR (270)
Seat 3: MoneyCaramba (350)
*** ANTE/BLINDS ***
MoneyCaramba posts small blind 15
DeathR0w posts big blind 30
Dealt to _SKR [8c Jc]
*** PRE-FLOP *** 
_SKR folds
MoneyCaramba raises 320 to 350 and is all-in
DeathR0w folds
MoneyCaramba collected 380 from pot
*** SUMMARY ***
Total pot 380 | No rake
Seat 3: MoneyCaramba (small blind) won 380


Winamax Poker - Tournament "Expresso Nitro" buyIn: 0.93€ + 0.07€ level: 2 - HandId: #2717222523082113025-5-1676212692 - Holdem no limit (15/30) - 2023/02/12 14:38:12 UTC
Table: 'Expresso Nitro(632652669)#0' 3-max (real money) Seat #3 is the button
Seat 1: DeathR0w (250)
Seat 2: _SKR (270)
Seat 3: MoneyCaramba (380)
*** ANTE/BLINDS ***
DeathR0w posts small blind 15
_SKR posts big blind 30
Dealt to _SKR [Ks Th]
*** PRE-FLOP *** 
MoneyCaramba folds
DeathR0w calls 15
_SKR raises 240 to 270 and is all-in
DeathR0w folds
_SKR collected 300 from pot
*** SUMMARY ***
Total pot 300 | No rake
Seat 2: _SKR (big blind) won 300


Winamax Poker - Tournament "Expresso Nitro" buyIn: 0.93€ + 0.07€ level: 2 - HandId: #2717222523082113025-6-1676212701 - Holdem no limit (15/30) - 2023/02/12 14:38:21 UTC
Table: 'Expresso Nitro(632652669)#0' 3-max (real money) Seat #1 is the button
Seat 1: DeathR0w (220)
Seat 2: _SKR (300)
Seat 3: MoneyCaramba (380)
*** ANTE/BLINDS ***
_SKR posts small blind 15
MoneyCaramba posts big blind 30
Dealt to _SKR [Kh Th]
*** PRE-FLOP *** 
DeathR0w folds
_SKR raises 270 to 300 and is all-in
MoneyCaramba calls 270
*** FLOP *** [7c 4s 5h]
*** TURN *** [7c 4s 5h][6c]
*** RIVER *** [7c 4s 5h 6c][4c]
*** SHOW DOWN ***
_SKR shows [Kh Th] (One pair : 4)
MoneyCaramba shows [Ah 6d] (Two pairs : 6 and 4)
MoneyCaramba collected 600 from pot
*** SUMMARY ***
Total pot 600 | No rake
Board: [7c 4s 5h 6c 4c]
Seat 2: _SKR (small blind) showed [Kh Th] and lost with One pair : 4
Seat 3: MoneyCaramba (big blind) showed [Ah 6d] and won 600 with Two pairs : 6 and 4


