Winamax Poker - Tournament "Expresso Nitro" buyIn: 1.86€ + 0.14€ level: 1 - HandId: #2696520866614738945-1-1675084813 - Holdem no limit (10/20) - 2023/01/30 13:20:13 UTC
Table: 'Expresso Nitro(627832689)#0' 3-max (real money) Seat #1 is the button
Seat 1: Goupsi (300)
Seat 2: _SKR (300)
Seat 3: Daysson25 (300)
*** ANTE/BLINDS ***
_SKR posts small blind 10
Daysson25 posts big blind 20
Dealt to _SKR [9c 4s]
*** PRE-FLOP *** 
Goupsi raises 280 to 300 and is all-in
_SKR folds
Daysson25 folds
Goupsi collected 330 from pot
*** SUMMARY ***
Total pot 330 | No rake
Seat 1: Goupsi (button) won 330


Winamax Poker - Tournament "Expresso Nitro" buyIn: 1.86€ + 0.14€ level: 1 - HandId: #2696520866614738945-2-1675084820 - Holdem no limit (10/20) - 2023/01/30 13:20:20 UTC
Table: 'Expresso Nitro(627832689)#0' 3-max (real money) Seat #2 is the button
Seat 1: Goupsi (330)
Seat 2: _SKR (290)
Seat 3: Daysson25 (280)
*** ANTE/BLINDS ***
Daysson25 posts small blind 10
Goupsi posts big blind 20
Dealt to _SKR [6s 2s]
*** PRE-FLOP *** 
_SKR folds
Daysson25 calls 10
Goupsi checks
*** FLOP *** [Kh 6h 5h]
Daysson25 checks
Goupsi bets 20
Daysson25 calls 20
*** TURN *** [Kh 6h 5h][9h]
Daysson25 bets 240 and is all-in
Goupsi folds
Daysson25 collected 320 from pot
*** SUMMARY ***
Total pot 320 | No rake
Board: [Kh 6h 5h 9h]
Seat 3: Daysson25 (small blind) won 320


Winamax Poker - Tournament "Expresso Nitro" buyIn: 1.86€ + 0.14€ level: 1 - HandId: #2696520866614738945-3-1675084839 - Holdem no limit (10/20) - 2023/01/30 13:20:39 UTC
Table: 'Expresso Nitro(627832689)#0' 3-max (real money) Seat #3 is the button
Seat 1: Goupsi (290)
Seat 2: _SKR (290)
Seat 3: Daysson25 (320)
*** ANTE/BLINDS ***
Goupsi posts small blind 10
_SKR posts big blind 20
Dealt to _SKR [Kh 6s]
*** PRE-FLOP *** 
Daysson25 calls 20
Goupsi folds
_SKR checks
*** FLOP *** [9h 2h 2d]
_SKR checks
Daysson25 checks
*** TURN *** [9h 2h 2d][2c]
_SKR checks
Daysson25 bets 50
_SKR folds
Daysson25 collected 100 from pot
*** SUMMARY ***
Total pot 100 | No rake
Board: [9h 2h 2d 2c]
Seat 3: Daysson25 (button) won 100


Winamax Poker - Tournament "Expresso Nitro" buyIn: 1.86€ + 0.14€ level: 2 - HandId: #2696520866614738945-4-1675084874 - Holdem no limit (15/30) - 2023/01/30 13:21:14 UTC
Table: 'Expresso Nitro(627832689)#0' 3-max (real money) Seat #1 is the button
Seat 1: Goupsi (280)
Seat 2: _SKR (270)
Seat 3: Daysson25 (350)
*** ANTE/BLINDS ***
_SKR posts small blind 15
Daysson25 posts big blind 30
Dealt to _SKR [7c 3s]
*** PRE-FLOP *** 
Goupsi calls 30
_SKR folds
Daysson25 checks
*** FLOP *** [Jh 6d 3d]
Daysson25 checks
Goupsi bets 49
Daysson25 folds
Goupsi collected 124 from pot
*** SUMMARY ***
Total pot 124 | No rake
Board: [Jh 6d 3d]
Seat 1: Goupsi (button) won 124


Winamax Poker - Tournament "Expresso Nitro" buyIn: 1.86€ + 0.14€ level: 2 - HandId: #2696520866614738945-5-1675084894 - Holdem no limit (15/30) - 2023/01/30 13:21:34 UTC
Table: 'Expresso Nitro(627832689)#0' 3-max (real money) Seat #2 is the button
Seat 1: Goupsi (325)
Seat 2: _SKR (255)
Seat 3: Daysson25 (320)
*** ANTE/BLINDS ***
Daysson25 posts small blind 15
Goupsi posts big blind 30
Dealt to _SKR [Js Td]
*** PRE-FLOP *** 
_SKR raises 225 to 255 and is all-in
Daysson25 calls 240
Goupsi folds
*** FLOP *** [Ks Ah Qs]
*** TURN *** [Ks Ah Qs][Kh]
*** RIVER *** [Ks Ah Qs Kh][3h]
*** SHOW DOWN ***
Daysson25 shows [3s As] (Two pairs : Aces and Kings)
_SKR shows [Js Td] (Straight Ace high)
_SKR collected 540 from pot
*** SUMMARY ***
Total pot 540 | No rake
Board: [Ks Ah Qs Kh 3h]
Seat 2: _SKR (button) showed [Js Td] and won 540 with Straight Ace high
Seat 3: Daysson25 (small blind) showed [3s As] and lost with Two pairs : Aces and Kings


Winamax Poker - Tournament "Expresso Nitro" buyIn: 1.86€ + 0.14€ level: 2 - HandId: #2696520866614738945-6-1675084908 - Holdem no limit (15/30) - 2023/01/30 13:21:48 UTC
Table: 'Expresso Nitro(627832689)#0' 3-max (real money) Seat #3 is the button
Seat 1: Goupsi (295)
Seat 2: _SKR (540)
Seat 3: Daysson25 (65)
*** ANTE/BLINDS ***
Goupsi posts small blind 15
_SKR posts big blind 30
Dealt to _SKR [Kh Th]
*** PRE-FLOP *** 
Daysson25 raises 35 to 65 and is all-in
Goupsi calls 50
_SKR raises 475 to 540 and is all-in
Goupsi calls 230 and is all-in
*** FLOP *** [As 8c 8h]
*** TURN *** [As 8c 8h][Kd]
*** RIVER *** [As 8c 8h Kd][Jc]
*** SHOW DOWN ***
Daysson25 shows [3c 9s] (One pair : 8)
Goupsi shows [9h 8d] (Trips of 8)
_SKR shows [Kh Th] (Two pairs : Kings and 8)
_SKR collected 245 from side pot 1
Goupsi collected 655 from main pot
*** SUMMARY ***
Total pot 900 | No rake
Board: [As 8c 8h Kd Jc]
Seat 1: Goupsi (small blind) showed [9h 8d] and won 655 with Trips of 8
Seat 2: _SKR (big blind) showed [Kh Th] and won 245 with Two pairs : Kings and 8
Seat 3: Daysson25 (button) showed [3c 9s] and lost with One pair : 8


Winamax Poker - Tournament "Expresso Nitro" buyIn: 1.86€ + 0.14€ level: 2 - HandId: #2696520866614738945-7-1675084926 - Holdem no limit (15/30) - 2023/01/30 13:22:06 UTC
Table: 'Expresso Nitro(627832689)#0' 3-max (real money) Seat #2 is the button
Seat 1: Goupsi (655)
Seat 2: _SKR (245)
*** ANTE/BLINDS ***
_SKR posts small blind 15
Goupsi posts big blind 30
Dealt to _SKR [6s 2d]
*** PRE-FLOP *** 
_SKR folds
Goupsi collected 45 from pot
*** SUMMARY ***
Total pot 45 | No rake
Seat 1: Goupsi (big blind) won 45


Winamax Poker - Tournament "Expresso Nitro" buyIn: 1.86€ + 0.14€ level: 3 - HandId: #2696520866614738945-8-1675084929 - Holdem no limit (20/40) - 2023/01/30 13:22:09 UTC
Table: 'Expresso Nitro(627832689)#0' 3-max (real money) Seat #1 is the button
Seat 1: Goupsi (670)
Seat 2: _SKR (230)
*** ANTE/BLINDS ***
Goupsi posts small blind 20
_SKR posts big blind 40
Dealt to _SKR [5d 7d]
*** PRE-FLOP *** 
Goupsi raises 630 to 670 and is all-in
_SKR folds
Goupsi collected 710 from pot
*** SUMMARY ***
Total pot 710 | No rake
Seat 1: Goupsi (small blind) (button) won 710


Winamax Poker - Tournament "Expresso Nitro" buyIn: 1.86€ + 0.14€ level: 3 - HandId: #2696520866614738945-9-1675084936 - Holdem no limit (20/40) - 2023/01/30 13:22:16 UTC
Table: 'Expresso Nitro(627832689)#0' 3-max (real money) Seat #2 is the button
Seat 1: Goupsi (710)
Seat 2: _SKR (190)
*** ANTE/BLINDS ***
_SKR posts small blind 20
Goupsi posts big blind 40
Dealt to _SKR [3s 5s]
*** PRE-FLOP *** 
_SKR folds
Goupsi collected 60 from pot
*** SUMMARY ***
Total pot 60 | No rake
Seat 1: Goupsi (big blind) won 60


Winamax Poker - Tournament "Expresso Nitro" buyIn: 1.86€ + 0.14€ level: 3 - HandId: #2696520866614738945-10-1675084940 - Holdem no limit (20/40) - 2023/01/30 13:22:20 UTC
Table: 'Expresso Nitro(627832689)#0' 3-max (real money) Seat #1 is the button
Seat 1: Goupsi (730)
Seat 2: _SKR (170)
*** ANTE/BLINDS ***
Goupsi posts small blind 20
_SKR posts big blind 40
Dealt to _SKR [5h 2s]
*** PRE-FLOP *** 
Goupsi folds
_SKR collected 60 from pot
*** SUMMARY ***
Total pot 60 | No rake
Seat 2: _SKR (big blind) won 60


Winamax Poker - Tournament "Expresso Nitro" buyIn: 1.86€ + 0.14€ level: 3 - HandId: #2696520866614738945-11-1675084943 - Holdem no limit (20/40) - 2023/01/30 13:22:23 UTC
Table: 'Expresso Nitro(627832689)#0' 3-max (real money) Seat #2 is the button
Seat 1: Goupsi (710)
Seat 2: _SKR (190)
*** ANTE/BLINDS ***
_SKR posts small blind 20
Goupsi posts big blind 40
Dealt to _SKR [2h 8s]
*** PRE-FLOP *** 
_SKR folds
Goupsi collected 60 from pot
*** SUMMARY ***
Total pot 60 | No rake
Seat 1: Goupsi (big blind) won 60


Winamax Poker - Tournament "Expresso Nitro" buyIn: 1.86€ + 0.14€ level: 3 - HandId: #2696520866614738945-12-1675084946 - Holdem no limit (20/40) - 2023/01/30 13:22:26 UTC
Table: 'Expresso Nitro(627832689)#0' 3-max (real money) Seat #1 is the button
Seat 1: Goupsi (730)
Seat 2: _SKR (170)
*** ANTE/BLINDS ***
Goupsi posts small blind 20
_SKR posts big blind 40
Dealt to _SKR [Th Ad]
*** PRE-FLOP *** 
Goupsi raises 80 to 120
_SKR raises 50 to 170 and is all-in
Goupsi calls 50
*** FLOP *** [4s 7h Ks]
*** TURN *** [4s 7h Ks][6c]
*** RIVER *** [4s 7h Ks 6c][6h]
*** SHOW DOWN ***
Goupsi shows [Jd Qd] (One pair : 6)
_SKR shows [Th Ad] (One pair : 6)
_SKR collected 340 from pot
*** SUMMARY ***
Total pot 340 | No rake
Board: [4s 7h Ks 6c 6h]
Seat 1: Goupsi (small blind) (button) showed [Jd Qd] and lost with One pair : 6
Seat 2: _SKR (big blind) showed [Th Ad] and won 340 with One pair : 6


Winamax Poker - Tournament "Expresso Nitro" buyIn: 1.86€ + 0.14€ level: 3 - HandId: #2696520866614738945-13-1675084960 - Holdem no limit (20/40) - 2023/01/30 13:22:40 UTC
Table: 'Expresso Nitro(627832689)#0' 3-max (real money) Seat #2 is the button
Seat 1: Goupsi (560)
Seat 2: _SKR (340)
*** ANTE/BLINDS ***
_SKR posts small blind 20
Goupsi posts big blind 40
Dealt to _SKR [Qh 4h]
*** PRE-FLOP *** 
_SKR calls 20
Goupsi raises 520 to 560 and is all-in
_SKR folds
Goupsi collected 600 from pot
*** SUMMARY ***
Total pot 600 | No rake
Seat 1: Goupsi (big blind) won 600


Winamax Poker - Tournament "Expresso Nitro" buyIn: 1.86€ + 0.14€ level: 3 - HandId: #2696520866614738945-14-1675084984 - Holdem no limit (20/40) - 2023/01/30 13:23:04 UTC
Table: 'Expresso Nitro(627832689)#0' 3-max (real money) Seat #1 is the button
Seat 1: Goupsi (600)
Seat 2: _SKR (300)
*** ANTE/BLINDS ***
Goupsi posts small blind 20
_SKR posts big blind 40
Dealt to _SKR [6h Jc]
*** PRE-FLOP *** 
Goupsi folds
_SKR collected 60 from pot
*** SUMMARY ***
Total pot 60 | No rake
Seat 2: _SKR (big blind) won 60


Winamax Poker - Tournament "Expresso Nitro" buyIn: 1.86€ + 0.14€ level: 3 - HandId: #2696520866614738945-15-1675084987 - Holdem no limit (20/40) - 2023/01/30 13:23:07 UTC
Table: 'Expresso Nitro(627832689)#0' 3-max (real money) Seat #2 is the button
Seat 1: Goupsi (580)
Seat 2: _SKR (320)
*** ANTE/BLINDS ***
_SKR posts small blind 20
Goupsi posts big blind 40
Dealt to _SKR [4c 6d]
*** PRE-FLOP *** 
_SKR folds
Goupsi collected 60 from pot
*** SUMMARY ***
Total pot 60 | No rake
Seat 1: Goupsi (big blind) won 60


Winamax Poker - Tournament "Expresso Nitro" buyIn: 1.86€ + 0.14€ level: 4 - HandId: #2696520866614738945-16-1675084994 - Holdem no limit (30/60) - 2023/01/30 13:23:14 UTC
Table: 'Expresso Nitro(627832689)#0' 3-max (real money) Seat #1 is the button
Seat 1: Goupsi (600)
Seat 2: _SKR (300)
*** ANTE/BLINDS ***
Goupsi posts small blind 30
_SKR posts big blind 60
Dealt to _SKR [9d Kh]
*** PRE-FLOP *** 
Goupsi raises 540 to 600 and is all-in
_SKR calls 240 and is all-in
*** FLOP *** [8s Ah Qh]
*** TURN *** [8s Ah Qh][Ad]
*** RIVER *** [8s Ah Qh Ad][7d]
*** SHOW DOWN ***
Goupsi shows [Jh Tc] (One pair : Aces)
_SKR shows [9d Kh] (One pair : Aces)
_SKR collected 600 from main pot
Goupsi collected 300 from side pot 1
*** SUMMARY ***
Total pot 900 | No rake
Board: [8s Ah Qh Ad 7d]
Seat 1: Goupsi (small blind) (button) showed [Jh Tc] and won 300 with One pair : Aces
Seat 2: _SKR (big blind) showed [9d Kh] and won 600 with One pair : Aces


Winamax Poker - Tournament "Expresso Nitro" buyIn: 1.86€ + 0.14€ level: 4 - HandId: #2696520866614738945-17-1675085005 - Holdem no limit (30/60) - 2023/01/30 13:23:25 UTC
Table: 'Expresso Nitro(627832689)#0' 3-max (real money) Seat #2 is the button
Seat 1: Goupsi (300)
Seat 2: _SKR (600)
*** ANTE/BLINDS ***
_SKR posts small blind 30
Goupsi posts big blind 60
Dealt to _SKR [4s 6d]
*** PRE-FLOP *** 
_SKR folds
Goupsi collected 90 from pot
*** SUMMARY ***
Total pot 90 | No rake
Seat 1: Goupsi (big blind) won 90


Winamax Poker - Tournament "Expresso Nitro" buyIn: 1.86€ + 0.14€ level: 4 - HandId: #2696520866614738945-18-1675085009 - Holdem no limit (30/60) - 2023/01/30 13:23:29 UTC
Table: 'Expresso Nitro(627832689)#0' 3-max (real money) Seat #1 is the button
Seat 1: Goupsi (330)
Seat 2: _SKR (570)
*** ANTE/BLINDS ***
Goupsi posts small blind 30
_SKR posts big blind 60
Dealt to _SKR [6s 3c]
*** PRE-FLOP *** 
Goupsi folds
_SKR collected 90 from pot
*** SUMMARY ***
Total pot 90 | No rake
Seat 2: _SKR (big blind) won 90


Winamax Poker - Tournament "Expresso Nitro" buyIn: 1.86€ + 0.14€ level: 4 - HandId: #2696520866614738945-19-1675085013 - Holdem no limit (30/60) - 2023/01/30 13:23:33 UTC
Table: 'Expresso Nitro(627832689)#0' 3-max (real money) Seat #2 is the button
Seat 1: Goupsi (300)
Seat 2: _SKR (600)
*** ANTE/BLINDS ***
_SKR posts small blind 30
Goupsi posts big blind 60
Dealt to _SKR [As Ts]
*** PRE-FLOP *** 
_SKR raises 540 to 600 and is all-in
Goupsi calls 240 and is all-in
*** FLOP *** [3h 5d 2h]
*** TURN *** [3h 5d 2h][2c]
*** RIVER *** [3h 5d 2h 2c][7s]
*** SHOW DOWN ***
Goupsi shows [5h Kd] (Two pairs : 5 and 2)
_SKR shows [As Ts] (One pair : 2)
_SKR collected 300 from side pot 1
Goupsi collected 600 from main pot
*** SUMMARY ***
Total pot 900 | No rake
Board: [3h 5d 2h 2c 7s]
Seat 1: Goupsi (big blind) showed [5h Kd] and won 600 with Two pairs : 5 and 2
Seat 2: _SKR (small blind) (button) showed [As Ts] and won 300 with One pair : 2


Winamax Poker - Tournament "Expresso Nitro" buyIn: 1.86€ + 0.14€ level: 4 - HandId: #2696520866614738945-20-1675085027 - Holdem no limit (30/60) - 2023/01/30 13:23:47 UTC
Table: 'Expresso Nitro(627832689)#0' 3-max (real money) Seat #1 is the button
Seat 1: Goupsi (600)
Seat 2: _SKR (300)
*** ANTE/BLINDS ***
Goupsi posts small blind 30
_SKR posts big blind 60
Dealt to _SKR [Kh 4d]
*** PRE-FLOP *** 
Goupsi folds
_SKR collected 90 from pot
*** SUMMARY ***
Total pot 90 | No rake
Seat 2: _SKR (big blind) won 90


Winamax Poker - Tournament "Expresso Nitro" buyIn: 1.86€ + 0.14€ level: 4 - HandId: #2696520866614738945-21-1675085031 - Holdem no limit (30/60) - 2023/01/30 13:23:51 UTC
Table: 'Expresso Nitro(627832689)#0' 3-max (real money) Seat #2 is the button
Seat 1: Goupsi (570)
Seat 2: _SKR (330)
*** ANTE/BLINDS ***
_SKR posts small blind 30
Goupsi posts big blind 60
Dealt to _SKR [Jc Kd]
*** PRE-FLOP *** 
_SKR raises 270 to 330 and is all-in
Goupsi folds
_SKR collected 390 from pot
*** SUMMARY ***
Total pot 390 | No rake
Seat 2: _SKR (small blind) (button) won 390


Winamax Poker - Tournament "Expresso Nitro" buyIn: 1.86€ + 0.14€ level: 4 - HandId: #2696520866614738945-22-1675085038 - Holdem no limit (30/60) - 2023/01/30 13:23:58 UTC
Table: 'Expresso Nitro(627832689)#0' 3-max (real money) Seat #1 is the button
Seat 1: Goupsi (510)
Seat 2: _SKR (390)
*** ANTE/BLINDS ***
Goupsi posts small blind 30
_SKR posts big blind 60
Dealt to _SKR [6s 9h]
*** PRE-FLOP *** 
Goupsi raises 450 to 510 and is all-in
_SKR folds
Goupsi collected 570 from pot
*** SUMMARY ***
Total pot 570 | No rake
Seat 1: Goupsi (small blind) (button) won 570


Winamax Poker - Tournament "Expresso Nitro" buyIn: 1.86€ + 0.14€ level: 5 - HandId: #2696520866614738945-23-1675085053 - Holdem no limit (40/80) - 2023/01/30 13:24:13 UTC
Table: 'Expresso Nitro(627832689)#0' 3-max (real money) Seat #2 is the button
Seat 1: Goupsi (570)
Seat 2: _SKR (330)
*** ANTE/BLINDS ***
_SKR posts small blind 40
Goupsi posts big blind 80
Dealt to _SKR [7s 3h]
*** PRE-FLOP *** 
_SKR folds
Goupsi collected 120 from pot
*** SUMMARY ***
Total pot 120 | No rake
Seat 1: Goupsi (big blind) won 120


Winamax Poker - Tournament "Expresso Nitro" buyIn: 1.86€ + 0.14€ level: 5 - HandId: #2696520866614738945-24-1675085057 - Holdem no limit (40/80) - 2023/01/30 13:24:17 UTC
Table: 'Expresso Nitro(627832689)#0' 3-max (real money) Seat #1 is the button
Seat 1: Goupsi (610)
Seat 2: _SKR (290)
*** ANTE/BLINDS ***
Goupsi posts small blind 40
_SKR posts big blind 80
Dealt to _SKR [3d Kd]
*** PRE-FLOP *** 
Goupsi raises 530 to 610 and is all-in
_SKR calls 210 and is all-in
*** FLOP *** [Qs 3c Ks]
*** TURN *** [Qs 3c Ks][Js]
*** RIVER *** [Qs 3c Ks Js][Qc]
*** SHOW DOWN ***
Goupsi shows [5c Ah] (One pair : Queens)
_SKR shows [3d Kd] (Two pairs : Kings and Queens)
_SKR collected 580 from main pot
Goupsi collected 320 from side pot 1
*** SUMMARY ***
Total pot 900 | No rake
Board: [Qs 3c Ks Js Qc]
Seat 1: Goupsi (small blind) (button) showed [5c Ah] and won 320 with One pair : Queens
Seat 2: _SKR (big blind) showed [3d Kd] and won 580 with Two pairs : Kings and Queens


Winamax Poker - Tournament "Expresso Nitro" buyIn: 1.86€ + 0.14€ level: 5 - HandId: #2696520866614738945-25-1675085068 - Holdem no limit (40/80) - 2023/01/30 13:24:28 UTC
Table: 'Expresso Nitro(627832689)#0' 3-max (real money) Seat #2 is the button
Seat 1: Goupsi (320)
Seat 2: _SKR (580)
*** ANTE/BLINDS ***
_SKR posts small blind 40
Goupsi posts big blind 80
Dealt to _SKR [3c 9h]
*** PRE-FLOP *** 
_SKR folds
Goupsi collected 120 from pot
*** SUMMARY ***
Total pot 120 | No rake
Seat 1: Goupsi (big blind) won 120


Winamax Poker - Tournament "Expresso Nitro" buyIn: 1.86€ + 0.14€ level: 5 - HandId: #2696520866614738945-26-1675085072 - Holdem no limit (40/80) - 2023/01/30 13:24:32 UTC
Table: 'Expresso Nitro(627832689)#0' 3-max (real money) Seat #1 is the button
Seat 1: Goupsi (360)
Seat 2: _SKR (540)
*** ANTE/BLINDS ***
Goupsi posts small blind 40
_SKR posts big blind 80
Dealt to _SKR [Qh Ac]
*** PRE-FLOP *** 
Goupsi folds
_SKR collected 120 from pot
*** SUMMARY ***
Total pot 120 | No rake
Seat 2: _SKR (big blind) won 120


Winamax Poker - Tournament "Expresso Nitro" buyIn: 1.86€ + 0.14€ level: 5 - HandId: #2696520866614738945-27-1675085075 - Holdem no limit (40/80) - 2023/01/30 13:24:35 UTC
Table: 'Expresso Nitro(627832689)#0' 3-max (real money) Seat #2 is the button
Seat 1: Goupsi (320)
Seat 2: _SKR (580)
*** ANTE/BLINDS ***
_SKR posts small blind 40
Goupsi posts big blind 80
Dealt to _SKR [4s 2s]
*** PRE-FLOP *** 
_SKR raises 500 to 580 and is all-in
Goupsi calls 240 and is all-in
*** FLOP *** [2d Ac 3s]
*** TURN *** [2d Ac 3s][8c]
*** RIVER *** [2d Ac 3s 8c][4c]
*** SHOW DOWN ***
Goupsi shows [Ks Kc] (One pair : Kings)
_SKR shows [4s 2s] (Two pairs : 4 and 2)
_SKR collected 900 from pot
*** SUMMARY ***
Total pot 900 | No rake
Board: [2d Ac 3s 8c 4c]
Seat 1: Goupsi (big blind) showed [Ks Kc] and lost with One pair : Kings
Seat 2: _SKR (small blind) (button) showed [4s 2s] and won 900 with Two pairs : 4 and 2


