Winamax Poker - Tournament "Expresso Nitro" buyIn: 0.93€ + 0.07€ level: 1 - HandId: #2689878764115984385-1-1674657266 - Holdem no limit (10/20) - 2023/01/25 14:34:26 UTC
Table: 'Expresso Nitro(626286204)#0' 3-max (real money) Seat #3 is the button
Seat 1: Darkafeyy (300)
Seat 2: psyzyprexa (300)
Seat 3: _SKR (300)
*** ANTE/BLINDS ***
Darkafeyy posts small blind 10
psyzyprexa posts big blind 20
Dealt to _SKR [2s Kc]
*** PRE-FLOP *** 
_SKR folds
Darkafeyy folds
psyzyprexa collected 30 from pot
*** SUMMARY ***
Total pot 30 | No rake
Seat 2: psyzyprexa (big blind) won 30


Winamax Poker - Tournament "Expresso Nitro" buyIn: 0.93€ + 0.07€ level: 1 - HandId: #2689878764115984385-2-1674657273 - Holdem no limit (10/20) - 2023/01/25 14:34:33 UTC
Table: 'Expresso Nitro(626286204)#0' 3-max (real money) Seat #1 is the button
Seat 1: Darkafeyy (290)
Seat 2: psyzyprexa (310)
Seat 3: _SKR (300)
*** ANTE/BLINDS ***
psyzyprexa posts small blind 10
_SKR posts big blind 20
Dealt to _SKR [6c 4s]
*** PRE-FLOP *** 
Darkafeyy folds
psyzyprexa calls 10
_SKR checks
*** FLOP *** [8c Kc Th]
psyzyprexa bets 40
_SKR folds
psyzyprexa collected 80 from pot
*** SUMMARY ***
Total pot 80 | No rake
Board: [8c Kc Th]
Seat 2: psyzyprexa (small blind) won 80


Winamax Poker - Tournament "Expresso Nitro" buyIn: 0.93€ + 0.07€ level: 1 - HandId: #2689878764115984385-3-1674657285 - Holdem no limit (10/20) - 2023/01/25 14:34:45 UTC
Table: 'Expresso Nitro(626286204)#0' 3-max (real money) Seat #2 is the button
Seat 1: Darkafeyy (290)
Seat 2: psyzyprexa (330)
Seat 3: _SKR (280)
*** ANTE/BLINDS ***
_SKR posts small blind 10
Darkafeyy posts big blind 20
Dealt to _SKR [Ad 7c]
*** PRE-FLOP *** 
psyzyprexa raises 50 to 70
_SKR folds
Darkafeyy raises 220 to 290 and is all-in
psyzyprexa calls 220
*** FLOP *** [4h 7d Ac]
*** TURN *** [4h 7d Ac][9s]
*** RIVER *** [4h 7d Ac 9s][Kh]
*** SHOW DOWN ***
psyzyprexa shows [Jh Js] (One pair : Jacks)
Darkafeyy shows [As Ah] (Trips of Aces)
Darkafeyy collected 590 from pot
*** SUMMARY ***
Total pot 590 | No rake
Board: [4h 7d Ac 9s Kh]
Seat 1: Darkafeyy (big blind) showed [As Ah] and won 590 with Trips of Aces
Seat 2: psyzyprexa (button) showed [Jh Js] and lost with One pair : Jacks


Winamax Poker - Tournament "Expresso Nitro" buyIn: 0.93€ + 0.07€ level: 1 - HandId: #2689878764115984385-4-1674657303 - Holdem no limit (10/20) - 2023/01/25 14:35:03 UTC
Table: 'Expresso Nitro(626286204)#0' 3-max (real money) Seat #3 is the button
Seat 1: Darkafeyy (590)
Seat 2: psyzyprexa (40)
Seat 3: _SKR (270)
*** ANTE/BLINDS ***
Darkafeyy posts small blind 10
psyzyprexa posts big blind 20
Dealt to _SKR [5h 3d]
*** PRE-FLOP *** 
_SKR folds
Darkafeyy calls 10
psyzyprexa raises 20 to 40 and is all-in
Darkafeyy calls 20
*** FLOP *** [7c 5s 4s]
*** TURN *** [7c 5s 4s][7s]
*** RIVER *** [7c 5s 4s 7s][8d]
*** SHOW DOWN ***
psyzyprexa shows [9s Th] (One pair : 7)
Darkafeyy shows [Js 9c] (One pair : 7)
Darkafeyy collected 80 from pot
*** SUMMARY ***
Total pot 80 | No rake
Board: [7c 5s 4s 7s 8d]
Seat 1: Darkafeyy (small blind) showed [Js 9c] and won 80 with One pair : 7
Seat 2: psyzyprexa (big blind) showed [9s Th] and lost with One pair : 7


Winamax Poker - Tournament "Expresso Nitro" buyIn: 0.93€ + 0.07€ level: 2 - HandId: #2689878764115984385-5-1674657325 - Holdem no limit (15/30) - 2023/01/25 14:35:25 UTC
Table: 'Expresso Nitro(626286204)#0' 3-max (real money) Seat #3 is the button
Seat 1: Darkafeyy (630)
Seat 3: _SKR (270)
*** ANTE/BLINDS ***
_SKR posts small blind 15
Darkafeyy posts big blind 30
Dealt to _SKR [3d 5s]
*** PRE-FLOP *** 
_SKR folds
Darkafeyy collected 45 from pot
*** SUMMARY ***
Total pot 45 | No rake
Seat 1: Darkafeyy (big blind) won 45


Winamax Poker - Tournament "Expresso Nitro" buyIn: 0.93€ + 0.07€ level: 2 - HandId: #2689878764115984385-6-1674657328 - Holdem no limit (15/30) - 2023/01/25 14:35:28 UTC
Table: 'Expresso Nitro(626286204)#0' 3-max (real money) Seat #1 is the button
Seat 1: Darkafeyy (645)
Seat 3: _SKR (255)
*** ANTE/BLINDS ***
Darkafeyy posts small blind 15
_SKR posts big blind 30
Dealt to _SKR [As Jh]
*** PRE-FLOP *** 
Darkafeyy raises 615 to 645 and is all-in
_SKR calls 225 and is all-in
*** FLOP *** [Kh Js 7s]
*** TURN *** [Kh Js 7s][4c]
*** RIVER *** [Kh Js 7s 4c][Ah]
*** SHOW DOWN ***
Darkafeyy shows [Ac Ts] (One pair : Aces)
_SKR shows [As Jh] (Two pairs : Aces and Jacks)
_SKR collected 510 from main pot
Darkafeyy collected 390 from side pot 1
*** SUMMARY ***
Total pot 900 | No rake
Board: [Kh Js 7s 4c Ah]
Seat 1: Darkafeyy (small blind) (button) showed [Ac Ts] and won 390 with One pair : Aces
Seat 3: _SKR (big blind) showed [As Jh] and won 510 with Two pairs : Aces and Jacks


Winamax Poker - Tournament "Expresso Nitro" buyIn: 0.93€ + 0.07€ level: 2 - HandId: #2689878764115984385-7-1674657340 - Holdem no limit (15/30) - 2023/01/25 14:35:40 UTC
Table: 'Expresso Nitro(626286204)#0' 3-max (real money) Seat #3 is the button
Seat 1: Darkafeyy (390)
Seat 3: _SKR (510)
*** ANTE/BLINDS ***
_SKR posts small blind 15
Darkafeyy posts big blind 30
Dealt to _SKR [5s 8h]
*** PRE-FLOP *** 
_SKR folds
Darkafeyy collected 45 from pot
*** SUMMARY ***
Total pot 45 | No rake
Seat 1: Darkafeyy (big blind) won 45


Winamax Poker - Tournament "Expresso Nitro" buyIn: 0.93€ + 0.07€ level: 2 - HandId: #2689878764115984385-8-1674657344 - Holdem no limit (15/30) - 2023/01/25 14:35:44 UTC
Table: 'Expresso Nitro(626286204)#0' 3-max (real money) Seat #1 is the button
Seat 1: Darkafeyy (405)
Seat 3: _SKR (495)
*** ANTE/BLINDS ***
Darkafeyy posts small blind 15
_SKR posts big blind 30
Dealt to _SKR [8h 5s]
*** PRE-FLOP *** 
Darkafeyy raises 30 to 60
_SKR folds
Darkafeyy collected 90 from pot
*** SUMMARY ***
Total pot 90 | No rake
Seat 1: Darkafeyy (small blind) (button) won 90


Winamax Poker - Tournament "Expresso Nitro" buyIn: 0.93€ + 0.07€ level: 2 - HandId: #2689878764115984385-9-1674657349 - Holdem no limit (15/30) - 2023/01/25 14:35:49 UTC
Table: 'Expresso Nitro(626286204)#0' 3-max (real money) Seat #3 is the button
Seat 1: Darkafeyy (435)
Seat 3: _SKR (465)
*** ANTE/BLINDS ***
_SKR posts small blind 15
Darkafeyy posts big blind 30
Dealt to _SKR [Tc 8c]
*** PRE-FLOP *** 
_SKR folds
Darkafeyy collected 45 from pot
*** SUMMARY ***
Total pot 45 | No rake
Seat 1: Darkafeyy (big blind) won 45


Winamax Poker - Tournament "Expresso Nitro" buyIn: 0.93€ + 0.07€ level: 2 - HandId: #2689878764115984385-10-1674657354 - Holdem no limit (15/30) - 2023/01/25 14:35:54 UTC
Table: 'Expresso Nitro(626286204)#0' 3-max (real money) Seat #1 is the button
Seat 1: Darkafeyy (450)
Seat 3: _SKR (450)
*** ANTE/BLINDS ***
Darkafeyy posts small blind 15
_SKR posts big blind 30
Dealt to _SKR [6s 8s]
*** PRE-FLOP *** 
Darkafeyy calls 15
_SKR checks
*** FLOP *** [Ks Kc 4h]
_SKR checks
Darkafeyy bets 60
_SKR folds
Darkafeyy collected 120 from pot
*** SUMMARY ***
Total pot 120 | No rake
Board: [Ks Kc 4h]
Seat 1: Darkafeyy (small blind) (button) won 120


Winamax Poker - Tournament "Expresso Nitro" buyIn: 0.93€ + 0.07€ level: 2 - HandId: #2689878764115984385-11-1674657375 - Holdem no limit (15/30) - 2023/01/25 14:36:15 UTC
Table: 'Expresso Nitro(626286204)#0' 3-max (real money) Seat #3 is the button
Seat 1: Darkafeyy (480)
Seat 3: _SKR (420)
*** ANTE/BLINDS ***
_SKR posts small blind 15
Darkafeyy posts big blind 30
Dealt to _SKR [Js Td]
*** PRE-FLOP *** 
_SKR folds
Darkafeyy collected 45 from pot
*** SUMMARY ***
Total pot 45 | No rake
Seat 1: Darkafeyy (big blind) won 45


Winamax Poker - Tournament "Expresso Nitro" buyIn: 0.93€ + 0.07€ level: 3 - HandId: #2689878764115984385-12-1674657385 - Holdem no limit (20/40) - 2023/01/25 14:36:25 UTC
Table: 'Expresso Nitro(626286204)#0' 3-max (real money) Seat #1 is the button
Seat 1: Darkafeyy (495)
Seat 3: _SKR (405)
*** ANTE/BLINDS ***
Darkafeyy posts small blind 20
_SKR posts big blind 40
Dealt to _SKR [5s Ts]
*** PRE-FLOP *** 
Darkafeyy calls 20
_SKR checks
*** FLOP *** [8h Td 4h]
_SKR checks
Darkafeyy checks
*** TURN *** [8h Td 4h][3c]
_SKR checks
Darkafeyy checks
*** RIVER *** [8h Td 4h 3c][3h]
_SKR checks
Darkafeyy checks
*** SHOW DOWN ***
Darkafeyy shows [6d Qd] (One pair : 3)
_SKR shows [5s Ts] (Two pairs : Tens and 3)
_SKR collected 80 from pot
*** SUMMARY ***
Total pot 80 | No rake
Board: [8h Td 4h 3c 3h]
Seat 1: Darkafeyy (small blind) (button) showed [6d Qd] and lost with One pair : 3
Seat 3: _SKR (big blind) showed [5s Ts] and won 80 with Two pairs : Tens and 3


Winamax Poker - Tournament "Expresso Nitro" buyIn: 0.93€ + 0.07€ level: 3 - HandId: #2689878764115984385-13-1674657422 - Holdem no limit (20/40) - 2023/01/25 14:37:02 UTC
Table: 'Expresso Nitro(626286204)#0' 3-max (real money) Seat #3 is the button
Seat 1: Darkafeyy (455)
Seat 3: _SKR (445)
*** ANTE/BLINDS ***
_SKR posts small blind 20
Darkafeyy posts big blind 40
Dealt to _SKR [2d 2s]
*** PRE-FLOP *** 
_SKR raises 405 to 445 and is all-in
Darkafeyy calls 405
*** FLOP *** [Tc Qh 2h]
*** TURN *** [Tc Qh 2h][Kh]
*** RIVER *** [Tc Qh 2h Kh][Ac]
*** SHOW DOWN ***
Darkafeyy shows [3h 3c] (One pair : 3)
_SKR shows [2d 2s] (Trips of 2)
_SKR collected 890 from pot
*** SUMMARY ***
Total pot 890 | No rake
Board: [Tc Qh 2h Kh Ac]
Seat 1: Darkafeyy (big blind) showed [3h 3c] and lost with One pair : 3
Seat 3: _SKR (small blind) (button) showed [2d 2s] and won 890 with Trips of 2


Winamax Poker - Tournament "Expresso Nitro" buyIn: 0.93€ + 0.07€ level: 3 - HandId: #2689878764115984385-14-1674657435 - Holdem no limit (20/40) - 2023/01/25 14:37:15 UTC
Table: 'Expresso Nitro(626286204)#0' 3-max (real money) Seat #1 is the button
Seat 1: Darkafeyy (10)
Seat 3: _SKR (890)
*** ANTE/BLINDS ***
Darkafeyy posts small blind 10 and is all-in
_SKR posts big blind 40
Dealt to _SKR [8c Ad]
*** PRE-FLOP *** 
*** FLOP *** [9h 2c 4c]
*** TURN *** [9h 2c 4c][4d]
*** RIVER *** [9h 2c 4c 4d][4h]
*** SHOW DOWN ***
Darkafeyy shows [4s 9d] (Quads of 4)
_SKR shows [8c Ad] (Trips of 4)
_SKR collected 30 from side pot 1
Darkafeyy collected 20 from main pot
*** SUMMARY ***
Total pot 50 | No rake
Board: [9h 2c 4c 4d 4h]
Seat 1: Darkafeyy (small blind) (button) showed [4s 9d] and won 20 with Quads of 4
Seat 3: _SKR (big blind) showed [8c Ad] and won 30 with Trips of 4


Winamax Poker - Tournament "Expresso Nitro" buyIn: 0.93€ + 0.07€ level: 4 - HandId: #2689878764115984385-15-1674657443 - Holdem no limit (30/60) - 2023/01/25 14:37:23 UTC
Table: 'Expresso Nitro(626286204)#0' 3-max (real money) Seat #3 is the button
Seat 1: Darkafeyy (20)
Seat 3: _SKR (880)
*** ANTE/BLINDS ***
_SKR posts small blind 30
Darkafeyy posts big blind 20 and is all-in
Dealt to _SKR [Qs Ts]
*** PRE-FLOP *** 
*** FLOP *** [Jd Qd 7h]
*** TURN *** [Jd Qd 7h][Qc]
*** RIVER *** [Jd Qd 7h Qc][7d]
*** SHOW DOWN ***
Darkafeyy shows [9d 4c] (Two pairs : Queens and 7)
_SKR shows [Qs Ts] (Full of Queens and 7)
_SKR collected 50 from pot
*** SUMMARY ***
Total pot 50 | No rake
Board: [Jd Qd 7h Qc 7d]
Seat 1: Darkafeyy (big blind) showed [9d 4c] and lost with Two pairs : Queens and 7
Seat 3: _SKR (small blind) (button) showed [Qs Ts] and won 50 with Full of Queens and 7


