Winamax Poker - Tournament "Expresso Nitro" buyIn: 1.86€ + 0.14€ level: 1 - HandId: #2677076823816273921-1-1673876060 - Holdem no limit (10/20) - 2023/01/16 13:34:20 UTC
Table: 'Expresso Nitro(623305520)#0' 3-max (real money) Seat #2 is the button
Seat 1: _SKR (300)
Seat 2: Damdu16 (300)
Seat 3: Rhino-222171 (300)
*** ANTE/BLINDS ***
Rhino-222171 posts small blind 10
_SKR posts big blind 20
Dealt to _SKR [3s 7s]
*** PRE-FLOP *** 
Damdu16 raises 280 to 300 and is all-in
Rhino-222171 calls 290 and is all-in
_SKR folds
*** FLOP *** [4h 5c Ac]
*** TURN *** [4h 5c Ac][Td]
*** RIVER *** [4h 5c Ac Td][Tc]
*** SHOW DOWN ***
Rhino-222171 shows [8s 2s] (One pair : Tens)
Damdu16 shows [Js Qh] (One pair : Tens)
Damdu16 collected 620 from pot
*** SUMMARY ***
Total pot 620 | No rake
Board: [4h 5c Ac Td Tc]
Seat 2: Damdu16 (button) showed [Js Qh] and won 620 with One pair : Tens
Seat 3: Rhino-222171 (small blind) showed [8s 2s] and lost with One pair : Tens


Winamax Poker - Tournament "Expresso Nitro" buyIn: 1.86€ + 0.14€ level: 1 - HandId: #2677076823816273921-2-1673876081 - Holdem no limit (10/20) - 2023/01/16 13:34:41 UTC
Table: 'Expresso Nitro(623305520)#0' 3-max (real money) Seat #1 is the button
Seat 1: _SKR (280)
Seat 2: Damdu16 (620)
*** ANTE/BLINDS ***
_SKR posts small blind 10
Damdu16 posts big blind 20
Dealt to _SKR [Th Kd]
*** PRE-FLOP *** 
_SKR raises 260 to 280 and is all-in
Damdu16 calls 260
*** FLOP *** [8s Kc Qd]
*** TURN *** [8s Kc Qd][Tc]
*** RIVER *** [8s Kc Qd Tc][Ac]
*** SHOW DOWN ***
Damdu16 shows [Ad 9d] (One pair : Aces)
_SKR shows [Th Kd] (Two pairs : Kings and Tens)
_SKR collected 560 from pot
*** SUMMARY ***
Total pot 560 | No rake
Board: [8s Kc Qd Tc Ac]
Seat 1: _SKR (small blind) (button) showed [Th Kd] and won 560 with Two pairs : Kings and Tens
Seat 2: Damdu16 (big blind) showed [Ad 9d] and lost with One pair : Aces


Winamax Poker - Tournament "Expresso Nitro" buyIn: 1.86€ + 0.14€ level: 1 - HandId: #2677076823816273921-3-1673876094 - Holdem no limit (10/20) - 2023/01/16 13:34:54 UTC
Table: 'Expresso Nitro(623305520)#0' 3-max (real money) Seat #2 is the button
Seat 1: _SKR (560)
Seat 2: Damdu16 (340)
*** ANTE/BLINDS ***
Damdu16 posts small blind 10
_SKR posts big blind 20
Dealt to _SKR [Jc Tc]
*** PRE-FLOP *** 
Damdu16 raises 20 to 40
_SKR calls 20
*** FLOP *** [7h Kc Qd]
_SKR checks
Damdu16 bets 20
_SKR calls 20
*** TURN *** [7h Kc Qd][Jh]
_SKR checks
Damdu16 bets 42
_SKR calls 42
*** RIVER *** [7h Kc Qd Jh][Ac]
_SKR checks
Damdu16 bets 71
_SKR raises 387 to 458 and is all-in
Damdu16 calls 167 and is all-in
*** SHOW DOWN ***
_SKR shows [Jc Tc] (Straight Ace high)
Damdu16 shows [8d Td] (Straight Ace high)
Damdu16 collected 340 from main pot
_SKR collected 560 from side pot 1
*** SUMMARY ***
Total pot 900 | No rake
Board: [7h Kc Qd Jh Ac]
Seat 1: _SKR (big blind) showed [Jc Tc] and won 560 with Straight Ace high
Seat 2: Damdu16 (small blind) (button) showed [8d Td] and won 340 with Straight Ace high


Winamax Poker - Tournament "Expresso Nitro" buyIn: 1.86€ + 0.14€ level: 2 - HandId: #2677076823816273921-4-1673876146 - Holdem no limit (15/30) - 2023/01/16 13:35:46 UTC
Table: 'Expresso Nitro(623305520)#0' 3-max (real money) Seat #1 is the button
Seat 1: _SKR (560)
Seat 2: Damdu16 (340)
*** ANTE/BLINDS ***
_SKR posts small blind 15
Damdu16 posts big blind 30
Dealt to _SKR [8c Th]
*** PRE-FLOP *** 
_SKR folds
Damdu16 collected 45 from pot
*** SUMMARY ***
Total pot 45 | No rake
Seat 2: Damdu16 (big blind) won 45


Winamax Poker - Tournament "Expresso Nitro" buyIn: 1.86€ + 0.14€ level: 2 - HandId: #2677076823816273921-5-1673876150 - Holdem no limit (15/30) - 2023/01/16 13:35:50 UTC
Table: 'Expresso Nitro(623305520)#0' 3-max (real money) Seat #2 is the button
Seat 1: _SKR (545)
Seat 2: Damdu16 (355)
*** ANTE/BLINDS ***
Damdu16 posts small blind 15
_SKR posts big blind 30
Dealt to _SKR [9d 7h]
*** PRE-FLOP *** 
Damdu16 folds
_SKR collected 45 from pot
*** SUMMARY ***
Total pot 45 | No rake
Seat 1: _SKR (big blind) won 45


Winamax Poker - Tournament "Expresso Nitro" buyIn: 1.86€ + 0.14€ level: 2 - HandId: #2677076823816273921-6-1673876156 - Holdem no limit (15/30) - 2023/01/16 13:35:56 UTC
Table: 'Expresso Nitro(623305520)#0' 3-max (real money) Seat #1 is the button
Seat 1: _SKR (560)
Seat 2: Damdu16 (340)
*** ANTE/BLINDS ***
_SKR posts small blind 15
Damdu16 posts big blind 30
Dealt to _SKR [Kd Qd]
*** PRE-FLOP *** 
_SKR raises 530 to 560 and is all-in
Damdu16 calls 310 and is all-in
*** FLOP *** [5h Qc Kc]
*** TURN *** [5h Qc Kc][Tc]
*** RIVER *** [5h Qc Kc Tc][7c]
*** SHOW DOWN ***
Damdu16 shows [Qh 3d] (One pair : Queens)
_SKR shows [Kd Qd] (Two pairs : Kings and Queens)
_SKR collected 900 from pot
*** SUMMARY ***
Total pot 900 | No rake
Board: [5h Qc Kc Tc 7c]
Seat 1: _SKR (small blind) (button) showed [Kd Qd] and won 900 with Two pairs : Kings and Queens
Seat 2: Damdu16 (big blind) showed [Qh 3d] and lost with One pair : Queens


