Winamax Poker - Tournament "Expresso Nitro" buyIn: 0.93€ + 0.07€ level: 1 - HandId: #2675078727720763393-1-1673743154 - Holdem no limit (10/20) - 2023/01/15 00:39:14 UTC
Table: 'Expresso Nitro(622840302)#0' 3-max (real money) Seat #3 is the button
Seat 1: valczar (300)
Seat 2: _SKR (300)
Seat 3: Dz357i (300)
*** ANTE/BLINDS ***
valczar posts small blind 10
_SKR posts big blind 20
Dealt to _SKR [Jc 2h]
*** PRE-FLOP *** 
Dz357i raises 280 to 300 and is all-in
valczar calls 290 and is all-in
_SKR folds
*** FLOP *** [9h 5h Kc]
*** TURN *** [9h 5h Kc][5s]
*** RIVER *** [9h 5h Kc 5s][7h]
*** SHOW DOWN ***
valczar shows [3s 3c] (Two pairs : 5 and 3)
Dz357i shows [4c 4s] (Two pairs : 5 and 4)
Dz357i collected 620 from pot
*** SUMMARY ***
Total pot 620 | No rake
Board: [9h 5h Kc 5s 7h]
Seat 1: valczar (small blind) showed [3s 3c] and lost with Two pairs : 5 and 3
Seat 3: Dz357i (button) showed [4c 4s] and won 620 with Two pairs : 5 and 4


Winamax Poker - Tournament "Expresso Nitro" buyIn: 0.93€ + 0.07€ level: 1 - HandId: #2675078727720763393-2-1673743170 - Holdem no limit (10/20) - 2023/01/15 00:39:30 UTC
Table: 'Expresso Nitro(622840302)#0' 3-max (real money) Seat #2 is the button
Seat 2: _SKR (280)
Seat 3: Dz357i (620)
*** ANTE/BLINDS ***
_SKR posts small blind 10
Dz357i posts big blind 20
Dealt to _SKR [4s Ah]
*** PRE-FLOP *** 
_SKR raises 260 to 280 and is all-in
Dz357i raises 340 to 620 and is all-in
*** FLOP *** [6c 7d Kd]
*** TURN *** [6c 7d Kd][9h]
*** RIVER *** [6c 7d Kd 9h][As]
*** SHOW DOWN ***
_SKR shows [4s Ah] (One pair : Aces)
Dz357i shows [3c Ad] (One pair : Aces)
Dz357i collected 620 from side pot 1
_SKR collected 280 from main pot
*** SUMMARY ***
Total pot 900 | No rake
Board: [6c 7d Kd 9h As]
Seat 2: _SKR (small blind) (button) showed [4s Ah] and won 280 with One pair : Aces
Seat 3: Dz357i (big blind) showed [3c Ad] and won 620 with One pair : Aces


Winamax Poker - Tournament "Expresso Nitro" buyIn: 0.93€ + 0.07€ level: 1 - HandId: #2675078727720763393-3-1673743183 - Holdem no limit (10/20) - 2023/01/15 00:39:43 UTC
Table: 'Expresso Nitro(622840302)#0' 3-max (real money) Seat #3 is the button
Seat 2: _SKR (280)
Seat 3: Dz357i (620)
*** ANTE/BLINDS ***
Dz357i posts small blind 10
_SKR posts big blind 20
Dealt to _SKR [6c Qd]
*** PRE-FLOP *** 
Dz357i raises 600 to 620 and is all-in
_SKR folds
Dz357i collected 640 from pot
*** SUMMARY ***
Total pot 640 | No rake
Seat 3: Dz357i (small blind) (button) won 640


Winamax Poker - Tournament "Expresso Nitro" buyIn: 0.93€ + 0.07€ level: 1 - HandId: #2675078727720763393-4-1673743192 - Holdem no limit (10/20) - 2023/01/15 00:39:52 UTC
Table: 'Expresso Nitro(622840302)#0' 3-max (real money) Seat #2 is the button
Seat 2: _SKR (260)
Seat 3: Dz357i (640)
*** ANTE/BLINDS ***
_SKR posts small blind 10
Dz357i posts big blind 20
Dealt to _SKR [5h Kd]
*** PRE-FLOP *** 
_SKR folds
Dz357i collected 30 from pot
*** SUMMARY ***
Total pot 30 | No rake
Seat 3: Dz357i (big blind) won 30


Winamax Poker - Tournament "Expresso Nitro" buyIn: 0.93€ + 0.07€ level: 1 - HandId: #2675078727720763393-5-1673743196 - Holdem no limit (10/20) - 2023/01/15 00:39:56 UTC
Table: 'Expresso Nitro(622840302)#0' 3-max (real money) Seat #3 is the button
Seat 2: _SKR (250)
Seat 3: Dz357i (650)
*** ANTE/BLINDS ***
Dz357i posts small blind 10
_SKR posts big blind 20
Dealt to _SKR [Jh 6d]
*** PRE-FLOP *** 
Dz357i calls 10
_SKR checks
*** FLOP *** [Js 4s 9c]
_SKR bets 20
Dz357i folds
_SKR collected 60 from pot
*** SUMMARY ***
Total pot 60 | No rake
Board: [Js 4s 9c]
Seat 2: _SKR (big blind) won 60


Winamax Poker - Tournament "Expresso Nitro" buyIn: 0.93€ + 0.07€ level: 1 - HandId: #2675078727720763393-6-1673743208 - Holdem no limit (10/20) - 2023/01/15 00:40:08 UTC
Table: 'Expresso Nitro(622840302)#0' 3-max (real money) Seat #2 is the button
Seat 2: _SKR (270)
Seat 3: Dz357i (630)
*** ANTE/BLINDS ***
_SKR posts small blind 10
Dz357i posts big blind 20
Dealt to _SKR [Kh Kc]
*** PRE-FLOP *** 
_SKR raises 20 to 40
Dz357i raises 590 to 630 and is all-in
_SKR calls 230 and is all-in
*** FLOP *** [9d 7d 3s]
*** TURN *** [9d 7d 3s][Qd]
*** RIVER *** [9d 7d 3s Qd][6s]
*** SHOW DOWN ***
_SKR shows [Kh Kc] (One pair : Kings)
Dz357i shows [9s Ks] (One pair : 9)
Dz357i collected 360 from side pot 1
_SKR collected 540 from main pot
*** SUMMARY ***
Total pot 900 | No rake
Board: [9d 7d 3s Qd 6s]
Seat 2: _SKR (small blind) (button) showed [Kh Kc] and won 540 with One pair : Kings
Seat 3: Dz357i (big blind) showed [9s Ks] and won 360 with One pair : 9


Winamax Poker - Tournament "Expresso Nitro" buyIn: 0.93€ + 0.07€ level: 2 - HandId: #2675078727720763393-7-1673743231 - Holdem no limit (15/30) - 2023/01/15 00:40:31 UTC
Table: 'Expresso Nitro(622840302)#0' 3-max (real money) Seat #3 is the button
Seat 2: _SKR (540)
Seat 3: Dz357i (360)
*** ANTE/BLINDS ***
Dz357i posts small blind 15
_SKR posts big blind 30
Dealt to _SKR [Jh Td]
*** PRE-FLOP *** 
Dz357i raises 330 to 360 and is all-in
_SKR folds
Dz357i collected 390 from pot
*** SUMMARY ***
Total pot 390 | No rake
Seat 3: Dz357i (small blind) (button) won 390


Winamax Poker - Tournament "Expresso Nitro" buyIn: 0.93€ + 0.07€ level: 2 - HandId: #2675078727720763393-8-1673743240 - Holdem no limit (15/30) - 2023/01/15 00:40:40 UTC
Table: 'Expresso Nitro(622840302)#0' 3-max (real money) Seat #2 is the button
Seat 2: _SKR (510)
Seat 3: Dz357i (390)
*** ANTE/BLINDS ***
_SKR posts small blind 15
Dz357i posts big blind 30
Dealt to _SKR [7d 2c]
*** PRE-FLOP *** 
_SKR folds
Dz357i collected 45 from pot
*** SUMMARY ***
Total pot 45 | No rake
Seat 3: Dz357i (big blind) won 45


Winamax Poker - Tournament "Expresso Nitro" buyIn: 0.93€ + 0.07€ level: 2 - HandId: #2675078727720763393-9-1673743249 - Holdem no limit (15/30) - 2023/01/15 00:40:49 UTC
Table: 'Expresso Nitro(622840302)#0' 3-max (real money) Seat #3 is the button
Seat 2: _SKR (495)
Seat 3: Dz357i (405)
*** ANTE/BLINDS ***
Dz357i posts small blind 15
_SKR posts big blind 30
Dealt to _SKR [8c Kd]
*** PRE-FLOP *** 
Dz357i raises 375 to 405 and is all-in
_SKR folds
Dz357i collected 435 from pot
*** SUMMARY ***
Total pot 435 | No rake
Seat 3: Dz357i (small blind) (button) won 435


Winamax Poker - Tournament "Expresso Nitro" buyIn: 0.93€ + 0.07€ level: 2 - HandId: #2675078727720763393-10-1673743259 - Holdem no limit (15/30) - 2023/01/15 00:40:59 UTC
Table: 'Expresso Nitro(622840302)#0' 3-max (real money) Seat #2 is the button
Seat 2: _SKR (465)
Seat 3: Dz357i (435)
*** ANTE/BLINDS ***
_SKR posts small blind 15
Dz357i posts big blind 30
Dealt to _SKR [6c 6d]
*** PRE-FLOP *** 
_SKR raises 435 to 465 and is all-in
Dz357i calls 405 and is all-in
*** FLOP *** [5d 2d 9h]
*** TURN *** [5d 2d 9h][As]
*** RIVER *** [5d 2d 9h As][Th]
*** SHOW DOWN ***
_SKR shows [6c 6d] (One pair : 6)
Dz357i shows [Ah 5s] (Two pairs : Aces and 5)
Dz357i collected 870 from main pot
_SKR collected 30 from side pot 1
*** SUMMARY ***
Total pot 900 | No rake
Board: [5d 2d 9h As Th]
Seat 2: _SKR (small blind) (button) showed [6c 6d] and won 30 with One pair : 6
Seat 3: Dz357i (big blind) showed [Ah 5s] and won 870 with Two pairs : Aces and 5


Winamax Poker - Tournament "Expresso Nitro" buyIn: 0.93€ + 0.07€ level: 3 - HandId: #2675078727720763393-11-1673743274 - Holdem no limit (20/40) - 2023/01/15 00:41:14 UTC
Table: 'Expresso Nitro(622840302)#0' 3-max (real money) Seat #3 is the button
Seat 2: _SKR (30)
Seat 3: Dz357i (870)
*** ANTE/BLINDS ***
Dz357i posts small blind 20
_SKR posts big blind 30 and is all-in
Dealt to _SKR [6h As]
*** PRE-FLOP *** 
Dz357i folds
_SKR collected 50 from pot
*** SUMMARY ***
Total pot 50 | No rake
Seat 2: _SKR (big blind) won 50


Winamax Poker - Tournament "Expresso Nitro" buyIn: 0.93€ + 0.07€ level: 3 - HandId: #2675078727720763393-12-1673743279 - Holdem no limit (20/40) - 2023/01/15 00:41:19 UTC
Table: 'Expresso Nitro(622840302)#0' 3-max (real money) Seat #2 is the button
Seat 2: _SKR (50)
Seat 3: Dz357i (850)
*** ANTE/BLINDS ***
_SKR posts small blind 20
Dz357i posts big blind 40
Dealt to _SKR [3h 8c]
*** PRE-FLOP *** 
_SKR folds
Dz357i collected 60 from pot
*** SUMMARY ***
Total pot 60 | No rake
Seat 3: Dz357i (big blind) won 60


Winamax Poker - Tournament "Expresso Nitro" buyIn: 0.93€ + 0.07€ level: 3 - HandId: #2675078727720763393-13-1673743283 - Holdem no limit (20/40) - 2023/01/15 00:41:23 UTC
Table: 'Expresso Nitro(622840302)#0' 3-max (real money) Seat #3 is the button
Seat 2: _SKR (30)
Seat 3: Dz357i (870)
*** ANTE/BLINDS ***
Dz357i posts small blind 20
_SKR posts big blind 30 and is all-in
Dealt to _SKR [Th Tc]
*** PRE-FLOP *** 
Dz357i raises 840 to 870 and is all-in
*** FLOP *** [6h 2d 9d]
*** TURN *** [6h 2d 9d][5d]
*** RIVER *** [6h 2d 9d 5d][3s]
*** SHOW DOWN ***
_SKR shows [Th Tc] (One pair : Tens)
Dz357i shows [3c As] (One pair : 3)
Dz357i collected 840 from side pot 1
_SKR collected 60 from main pot
*** SUMMARY ***
Total pot 900 | No rake
Board: [6h 2d 9d 5d 3s]
Seat 2: _SKR (big blind) showed [Th Tc] and won 60 with One pair : Tens
Seat 3: Dz357i (small blind) (button) showed [3c As] and won 840 with One pair : 3


Winamax Poker - Tournament "Expresso Nitro" buyIn: 0.93€ + 0.07€ level: 3 - HandId: #2675078727720763393-14-1673743293 - Holdem no limit (20/40) - 2023/01/15 00:41:33 UTC
Table: 'Expresso Nitro(622840302)#0' 3-max (real money) Seat #2 is the button
Seat 2: _SKR (60)
Seat 3: Dz357i (840)
*** ANTE/BLINDS ***
_SKR posts small blind 20
Dz357i posts big blind 40
Dealt to _SKR [2h 7d]
*** PRE-FLOP *** 
_SKR raises 20 to 60 and is all-in
Dz357i raises 780 to 840 and is all-in
*** FLOP *** [5h Js Kc]
*** TURN *** [5h Js Kc][Ac]
*** RIVER *** [5h Js Kc Ac][Ah]
*** SHOW DOWN ***
_SKR shows [2h 7d] (One pair : Aces)
Dz357i shows [3c Qc] (One pair : Aces)
Dz357i collected 900 from pot
*** SUMMARY ***
Total pot 900 | No rake
Board: [5h Js Kc Ac Ah]
Seat 2: _SKR (small blind) (button) showed [2h 7d] and lost with One pair : Aces
Seat 3: Dz357i (big blind) showed [3c Qc] and won 900 with One pair : Aces


