Winamax Poker - Tournament "Expresso Nitro" buyIn: 0.93€ + 0.07€ level: 1 - HandId: #2717544976341794817-1-1676226405 - Holdem no limit (10/20) - 2023/02/12 18:26:45 UTC
Table: 'Expresso Nitro(632727746)#0' 3-max (real money) Seat #3 is the button
Seat 1: katwoman2724 (300)
Seat 2: Txil64 (300)
Seat 3: _SKR (300)
*** ANTE/BLINDS ***
katwoman2724 posts small blind 10
Txil64 posts big blind 20
Dealt to _SKR [9h 4s]
*** PRE-FLOP *** 
_SKR folds
katwoman2724 raises 280 to 300 and is all-in
Txil64 calls 280 and is all-in
*** FLOP *** [3s 5c Ks]
*** TURN *** [3s 5c Ks][7h]
*** RIVER *** [3s 5c Ks 7h][Ad]
*** SHOW DOWN ***
katwoman2724 shows [9c 9s] (One pair : 9)
Txil64 shows [Jc Kh] (One pair : Kings)
Txil64 collected 600 from pot
*** SUMMARY ***
Total pot 600 | No rake
Board: [3s 5c Ks 7h Ad]
Seat 1: katwoman2724 (small blind) showed [9c 9s] and lost with One pair : 9
Seat 2: Txil64 (big blind) showed [Jc Kh] and won 600 with One pair : Kings


Winamax Poker - Tournament "Expresso Nitro" buyIn: 0.93€ + 0.07€ level: 1 - HandId: #2717544976341794817-2-1676226421 - Holdem no limit (10/20) - 2023/02/12 18:27:01 UTC
Table: 'Expresso Nitro(632727746)#0' 3-max (real money) Seat #2 is the button
Seat 2: Txil64 (600)
Seat 3: _SKR (300)
*** ANTE/BLINDS ***
Txil64 posts small blind 10
_SKR posts big blind 20
Dealt to _SKR [4h As]
*** PRE-FLOP *** 
Txil64 folds
_SKR collected 30 from pot
*** SUMMARY ***
Total pot 30 | No rake
Seat 3: _SKR (big blind) won 30


Winamax Poker - Tournament "Expresso Nitro" buyIn: 0.93€ + 0.07€ level: 1 - HandId: #2717544976341794817-3-1676226424 - Holdem no limit (10/20) - 2023/02/12 18:27:04 UTC
Table: 'Expresso Nitro(632727746)#0' 3-max (real money) Seat #3 is the button
Seat 2: Txil64 (590)
Seat 3: _SKR (310)
*** ANTE/BLINDS ***
_SKR posts small blind 10
Txil64 posts big blind 20
Dealt to _SKR [7s Tc]
*** PRE-FLOP *** 
_SKR folds
Txil64 collected 30 from pot
*** SUMMARY ***
Total pot 30 | No rake
Seat 2: Txil64 (big blind) won 30


Winamax Poker - Tournament "Expresso Nitro" buyIn: 0.93€ + 0.07€ level: 1 - HandId: #2717544976341794817-4-1676226430 - Holdem no limit (10/20) - 2023/02/12 18:27:10 UTC
Table: 'Expresso Nitro(632727746)#0' 3-max (real money) Seat #2 is the button
Seat 2: Txil64 (600)
Seat 3: _SKR (300)
*** ANTE/BLINDS ***
Txil64 posts small blind 10
_SKR posts big blind 20
Dealt to _SKR [6c Ts]
*** PRE-FLOP *** 
Txil64 folds
_SKR collected 30 from pot
*** SUMMARY ***
Total pot 30 | No rake
Seat 3: _SKR (big blind) won 30


Winamax Poker - Tournament "Expresso Nitro" buyIn: 0.93€ + 0.07€ level: 1 - HandId: #2717544976341794817-5-1676226434 - Holdem no limit (10/20) - 2023/02/12 18:27:14 UTC
Table: 'Expresso Nitro(632727746)#0' 3-max (real money) Seat #3 is the button
Seat 2: Txil64 (590)
Seat 3: _SKR (310)
*** ANTE/BLINDS ***
_SKR posts small blind 10
Txil64 posts big blind 20
Dealt to _SKR [4h Tc]
*** PRE-FLOP *** 
_SKR folds
Txil64 collected 30 from pot
*** SUMMARY ***
Total pot 30 | No rake
Seat 2: Txil64 (big blind) won 30


Winamax Poker - Tournament "Expresso Nitro" buyIn: 0.93€ + 0.07€ level: 1 - HandId: #2717544976341794817-6-1676226438 - Holdem no limit (10/20) - 2023/02/12 18:27:18 UTC
Table: 'Expresso Nitro(632727746)#0' 3-max (real money) Seat #2 is the button
Seat 2: Txil64 (600)
Seat 3: _SKR (300)
*** ANTE/BLINDS ***
Txil64 posts small blind 10
_SKR posts big blind 20
Dealt to _SKR [7d 9s]
*** PRE-FLOP *** 
Txil64 calls 10
_SKR checks
*** FLOP *** [6h Ad Qh]
_SKR checks
Txil64 checks
*** TURN *** [6h Ad Qh][4s]
_SKR checks
Txil64 checks
*** RIVER *** [6h Ad Qh 4s][Ts]
_SKR bets 26
Txil64 folds
_SKR collected 66 from pot
*** SUMMARY ***
Total pot 66 | No rake
Board: [6h Ad Qh 4s Ts]
Seat 3: _SKR (big blind) won 66


Winamax Poker - Tournament "Expresso Nitro" buyIn: 0.93€ + 0.07€ level: 2 - HandId: #2717544976341794817-7-1676226474 - Holdem no limit (15/30) - 2023/02/12 18:27:54 UTC
Table: 'Expresso Nitro(632727746)#0' 3-max (real money) Seat #3 is the button
Seat 2: Txil64 (580)
Seat 3: _SKR (320)
*** ANTE/BLINDS ***
_SKR posts small blind 15
Txil64 posts big blind 30
Dealt to _SKR [4s 9s]
*** PRE-FLOP *** 
_SKR folds
Txil64 collected 45 from pot
*** SUMMARY ***
Total pot 45 | No rake
Seat 2: Txil64 (big blind) won 45


Winamax Poker - Tournament "Expresso Nitro" buyIn: 0.93€ + 0.07€ level: 2 - HandId: #2717544976341794817-8-1676226478 - Holdem no limit (15/30) - 2023/02/12 18:27:58 UTC
Table: 'Expresso Nitro(632727746)#0' 3-max (real money) Seat #2 is the button
Seat 2: Txil64 (595)
Seat 3: _SKR (305)
*** ANTE/BLINDS ***
Txil64 posts small blind 15
_SKR posts big blind 30
Dealt to _SKR [6s Js]
*** PRE-FLOP *** 
Txil64 folds
_SKR collected 45 from pot
*** SUMMARY ***
Total pot 45 | No rake
Seat 3: _SKR (big blind) won 45


Winamax Poker - Tournament "Expresso Nitro" buyIn: 0.93€ + 0.07€ level: 2 - HandId: #2717544976341794817-9-1676226481 - Holdem no limit (15/30) - 2023/02/12 18:28:01 UTC
Table: 'Expresso Nitro(632727746)#0' 3-max (real money) Seat #3 is the button
Seat 2: Txil64 (580)
Seat 3: _SKR (320)
*** ANTE/BLINDS ***
_SKR posts small blind 15
Txil64 posts big blind 30
Dealt to _SKR [5d 2c]
*** PRE-FLOP *** 
_SKR folds
Txil64 collected 45 from pot
*** SUMMARY ***
Total pot 45 | No rake
Seat 2: Txil64 (big blind) won 45


Winamax Poker - Tournament "Expresso Nitro" buyIn: 0.93€ + 0.07€ level: 2 - HandId: #2717544976341794817-10-1676226492 - Holdem no limit (15/30) - 2023/02/12 18:28:12 UTC
Table: 'Expresso Nitro(632727746)#0' 3-max (real money) Seat #2 is the button
Seat 2: Txil64 (595)
Seat 3: _SKR (305)
*** ANTE/BLINDS ***
Txil64 posts small blind 15
_SKR posts big blind 30
Dealt to _SKR [2d 7d]
*** PRE-FLOP *** 
Txil64 calls 15
_SKR checks
*** FLOP *** [4s Th Qc]
_SKR checks
Txil64 checks
*** TURN *** [4s Th Qc][6d]
_SKR checks
Txil64 bets 30
_SKR folds
Txil64 collected 90 from pot
*** SUMMARY ***
Total pot 90 | No rake
Board: [4s Th Qc 6d]
Seat 2: Txil64 (small blind) (button) won 90


Winamax Poker - Tournament "Expresso Nitro" buyIn: 0.93€ + 0.07€ level: 2 - HandId: #2717544976341794817-11-1676226513 - Holdem no limit (15/30) - 2023/02/12 18:28:33 UTC
Table: 'Expresso Nitro(632727746)#0' 3-max (real money) Seat #3 is the button
Seat 2: Txil64 (625)
Seat 3: _SKR (275)
*** ANTE/BLINDS ***
_SKR posts small blind 15
Txil64 posts big blind 30
Dealt to _SKR [4d 5s]
*** PRE-FLOP *** 
_SKR folds
Txil64 collected 45 from pot
*** SUMMARY ***
Total pot 45 | No rake
Seat 2: Txil64 (big blind) won 45


Winamax Poker - Tournament "Expresso Nitro" buyIn: 0.93€ + 0.07€ level: 2 - HandId: #2717544976341794817-12-1676226517 - Holdem no limit (15/30) - 2023/02/12 18:28:37 UTC
Table: 'Expresso Nitro(632727746)#0' 3-max (real money) Seat #2 is the button
Seat 2: Txil64 (640)
Seat 3: _SKR (260)
*** ANTE/BLINDS ***
Txil64 posts small blind 15
_SKR posts big blind 30
Dealt to _SKR [4c 5s]
*** PRE-FLOP *** 
Txil64 folds
_SKR collected 45 from pot
*** SUMMARY ***
Total pot 45 | No rake
Seat 3: _SKR (big blind) won 45


Winamax Poker - Tournament "Expresso Nitro" buyIn: 0.93€ + 0.07€ level: 2 - HandId: #2717544976341794817-13-1676226520 - Holdem no limit (15/30) - 2023/02/12 18:28:40 UTC
Table: 'Expresso Nitro(632727746)#0' 3-max (real money) Seat #3 is the button
Seat 2: Txil64 (625)
Seat 3: _SKR (275)
*** ANTE/BLINDS ***
_SKR posts small blind 15
Txil64 posts big blind 30
Dealt to _SKR [Kd 9c]
*** PRE-FLOP *** 
_SKR raises 245 to 275 and is all-in
Txil64 folds
_SKR collected 305 from pot
*** SUMMARY ***
Total pot 305 | No rake
Seat 3: _SKR (small blind) (button) won 305


Winamax Poker - Tournament "Expresso Nitro" buyIn: 0.93€ + 0.07€ level: 3 - HandId: #2717544976341794817-14-1676226526 - Holdem no limit (20/40) - 2023/02/12 18:28:46 UTC
Table: 'Expresso Nitro(632727746)#0' 3-max (real money) Seat #2 is the button
Seat 2: Txil64 (595)
Seat 3: _SKR (305)
*** ANTE/BLINDS ***
Txil64 posts small blind 20
_SKR posts big blind 40
Dealt to _SKR [Jh 5c]
*** PRE-FLOP *** 
Txil64 folds
_SKR collected 60 from pot
*** SUMMARY ***
Total pot 60 | No rake
Seat 3: _SKR (big blind) won 60


Winamax Poker - Tournament "Expresso Nitro" buyIn: 0.93€ + 0.07€ level: 3 - HandId: #2717544976341794817-15-1676226529 - Holdem no limit (20/40) - 2023/02/12 18:28:49 UTC
Table: 'Expresso Nitro(632727746)#0' 3-max (real money) Seat #3 is the button
Seat 2: Txil64 (575)
Seat 3: _SKR (325)
*** ANTE/BLINDS ***
_SKR posts small blind 20
Txil64 posts big blind 40
Dealt to _SKR [7s 9s]
*** PRE-FLOP *** 
_SKR calls 20
Txil64 checks
*** FLOP *** [Ad 8h 5h]
Txil64 checks
_SKR checks
*** TURN *** [Ad 8h 5h][9c]
Txil64 checks
_SKR checks
*** RIVER *** [Ad 8h 5h 9c][8c]
Txil64 checks
_SKR bets 40
Txil64 calls 40
*** SHOW DOWN ***
Txil64 shows [Ks 5s] (Two pairs : 8 and 5)
_SKR shows [7s 9s] (Two pairs : 9 and 8)
_SKR collected 160 from pot
*** SUMMARY ***
Total pot 160 | No rake
Board: [Ad 8h 5h 9c 8c]
Seat 2: Txil64 (big blind) showed [Ks 5s] and lost with Two pairs : 8 and 5
Seat 3: _SKR (small blind) (button) showed [7s 9s] and won 160 with Two pairs : 9 and 8


Winamax Poker - Tournament "Expresso Nitro" buyIn: 0.93€ + 0.07€ level: 3 - HandId: #2717544976341794817-16-1676226559 - Holdem no limit (20/40) - 2023/02/12 18:29:19 UTC
Table: 'Expresso Nitro(632727746)#0' 3-max (real money) Seat #2 is the button
Seat 2: Txil64 (495)
Seat 3: _SKR (405)
*** ANTE/BLINDS ***
Txil64 posts small blind 20
_SKR posts big blind 40
Dealt to _SKR [Ac Kc]
*** PRE-FLOP *** 
Txil64 calls 20
_SKR raises 60 to 100
Txil64 calls 60
*** FLOP *** [4s 5c Th]
_SKR checks
Txil64 checks
*** TURN *** [4s 5c Th][2h]
_SKR checks
Txil64 checks
*** RIVER *** [4s 5c Th 2h][Jh]
_SKR checks
Txil64 bets 40
_SKR calls 40
*** SHOW DOWN ***
_SKR shows [Ac Kc] (High card : Ace)
Txil64 shows [Jd Qd] (One pair : Jacks)
Txil64 collected 280 from pot
*** SUMMARY ***
Total pot 280 | No rake
Board: [4s 5c Th 2h Jh]
Seat 2: Txil64 (small blind) (button) showed [Jd Qd] and won 280 with One pair : Jacks
Seat 3: _SKR (big blind) showed [Ac Kc] and lost with High card : Ace


Winamax Poker - Tournament "Expresso Nitro" buyIn: 0.93€ + 0.07€ level: 4 - HandId: #2717544976341794817-17-1676226591 - Holdem no limit (30/60) - 2023/02/12 18:29:51 UTC
Table: 'Expresso Nitro(632727746)#0' 3-max (real money) Seat #3 is the button
Seat 2: Txil64 (635)
Seat 3: _SKR (265)
*** ANTE/BLINDS ***
_SKR posts small blind 30
Txil64 posts big blind 60
Dealt to _SKR [9d Jh]
*** PRE-FLOP *** 
_SKR raises 205 to 265 and is all-in
Txil64 folds
_SKR collected 325 from pot
*** SUMMARY ***
Total pot 325 | No rake
Seat 3: _SKR (small blind) (button) won 325


Winamax Poker - Tournament "Expresso Nitro" buyIn: 0.93€ + 0.07€ level: 4 - HandId: #2717544976341794817-18-1676226597 - Holdem no limit (30/60) - 2023/02/12 18:29:57 UTC
Table: 'Expresso Nitro(632727746)#0' 3-max (real money) Seat #2 is the button
Seat 2: Txil64 (575)
Seat 3: _SKR (325)
*** ANTE/BLINDS ***
Txil64 posts small blind 30
_SKR posts big blind 60
Dealt to _SKR [9s 3h]
*** PRE-FLOP *** 
Txil64 calls 30
_SKR checks
*** FLOP *** [7d Jc 6s]
_SKR checks
Txil64 checks
*** TURN *** [7d Jc 6s][5s]
_SKR checks
Txil64 bets 60
_SKR folds
Txil64 collected 180 from pot
*** SUMMARY ***
Total pot 180 | No rake
Board: [7d Jc 6s 5s]
Seat 2: Txil64 (small blind) (button) won 180


Winamax Poker - Tournament "Expresso Nitro" buyIn: 0.93€ + 0.07€ level: 4 - HandId: #2717544976341794817-19-1676226614 - Holdem no limit (30/60) - 2023/02/12 18:30:14 UTC
Table: 'Expresso Nitro(632727746)#0' 3-max (real money) Seat #3 is the button
Seat 2: Txil64 (635)
Seat 3: _SKR (265)
*** ANTE/BLINDS ***
_SKR posts small blind 30
Txil64 posts big blind 60
Dealt to _SKR [Js Ad]
*** PRE-FLOP *** 
_SKR raises 205 to 265 and is all-in
Txil64 folds
_SKR collected 325 from pot
*** SUMMARY ***
Total pot 325 | No rake
Seat 3: _SKR (small blind) (button) won 325


Winamax Poker - Tournament "Expresso Nitro" buyIn: 0.93€ + 0.07€ level: 4 - HandId: #2717544976341794817-20-1676226624 - Holdem no limit (30/60) - 2023/02/12 18:30:24 UTC
Table: 'Expresso Nitro(632727746)#0' 3-max (real money) Seat #2 is the button
Seat 2: Txil64 (575)
Seat 3: _SKR (325)
*** ANTE/BLINDS ***
Txil64 posts small blind 30
_SKR posts big blind 60
Dealt to _SKR [Qs Td]
*** PRE-FLOP *** 
Txil64 calls 30
_SKR raises 265 to 325 and is all-in
Txil64 folds
_SKR collected 385 from pot
*** SUMMARY ***
Total pot 385 | No rake
Seat 3: _SKR (big blind) won 385


Winamax Poker - Tournament "Expresso Nitro" buyIn: 0.93€ + 0.07€ level: 5 - HandId: #2717544976341794817-21-1676226645 - Holdem no limit (40/80) - 2023/02/12 18:30:45 UTC
Table: 'Expresso Nitro(632727746)#0' 3-max (real money) Seat #3 is the button
Seat 2: Txil64 (515)
Seat 3: _SKR (385)
*** ANTE/BLINDS ***
_SKR posts small blind 40
Txil64 posts big blind 80
Dealt to _SKR [7s Kc]
*** PRE-FLOP *** 
_SKR raises 305 to 385 and is all-in
Txil64 folds
_SKR collected 465 from pot
*** SUMMARY ***
Total pot 465 | No rake
Seat 3: _SKR (small blind) (button) won 465


Winamax Poker - Tournament "Expresso Nitro" buyIn: 0.93€ + 0.07€ level: 5 - HandId: #2717544976341794817-22-1676226654 - Holdem no limit (40/80) - 2023/02/12 18:30:54 UTC
Table: 'Expresso Nitro(632727746)#0' 3-max (real money) Seat #2 is the button
Seat 2: Txil64 (435)
Seat 3: _SKR (465)
*** ANTE/BLINDS ***
Txil64 posts small blind 40
_SKR posts big blind 80
Dealt to _SKR [6d 4h]
*** PRE-FLOP *** 
Txil64 folds
_SKR collected 120 from pot
*** SUMMARY ***
Total pot 120 | No rake
Seat 3: _SKR (big blind) won 120


Winamax Poker - Tournament "Expresso Nitro" buyIn: 0.93€ + 0.07€ level: 5 - HandId: #2717544976341794817-23-1676226658 - Holdem no limit (40/80) - 2023/02/12 18:30:58 UTC
Table: 'Expresso Nitro(632727746)#0' 3-max (real money) Seat #3 is the button
Seat 2: Txil64 (395)
Seat 3: _SKR (505)
*** ANTE/BLINDS ***
_SKR posts small blind 40
Txil64 posts big blind 80
Dealt to _SKR [2c 6c]
*** PRE-FLOP *** 
_SKR folds
Txil64 collected 120 from pot
*** SUMMARY ***
Total pot 120 | No rake
Seat 2: Txil64 (big blind) won 120


Winamax Poker - Tournament "Expresso Nitro" buyIn: 0.93€ + 0.07€ level: 5 - HandId: #2717544976341794817-24-1676226662 - Holdem no limit (40/80) - 2023/02/12 18:31:02 UTC
Table: 'Expresso Nitro(632727746)#0' 3-max (real money) Seat #2 is the button
Seat 2: Txil64 (435)
Seat 3: _SKR (465)
*** ANTE/BLINDS ***
Txil64 posts small blind 40
_SKR posts big blind 80
Dealt to _SKR [6s 2c]
*** PRE-FLOP *** 
Txil64 calls 40
_SKR checks
*** FLOP *** [4h 4s 6h]
_SKR checks
Txil64 checks
*** TURN *** [4h 4s 6h][4c]
_SKR bets 104
Txil64 folds
_SKR collected 264 from pot
*** SUMMARY ***
Total pot 264 | No rake
Board: [4h 4s 6h 4c]
Seat 3: _SKR (big blind) won 264


Winamax Poker - Tournament "Expresso Nitro" buyIn: 0.93€ + 0.07€ level: 5 - HandId: #2717544976341794817-25-1676226685 - Holdem no limit (40/80) - 2023/02/12 18:31:25 UTC
Table: 'Expresso Nitro(632727746)#0' 3-max (real money) Seat #3 is the button
Seat 2: Txil64 (355)
Seat 3: _SKR (545)
*** ANTE/BLINDS ***
_SKR posts small blind 40
Txil64 posts big blind 80
Dealt to _SKR [Ac 7d]
*** PRE-FLOP *** 
_SKR raises 465 to 545 and is all-in
Txil64 calls 275 and is all-in
*** FLOP *** [5c 5s 7h]
*** TURN *** [5c 5s 7h][8d]
*** RIVER *** [5c 5s 7h 8d][4s]
*** SHOW DOWN ***
Txil64 shows [Ah 9c] (One pair : 5)
_SKR shows [Ac 7d] (Two pairs : 7 and 5)
_SKR collected 900 from pot
*** SUMMARY ***
Total pot 900 | No rake
Board: [5c 5s 7h 8d 4s]
Seat 2: Txil64 (big blind) showed [Ah 9c] and lost with One pair : 5
Seat 3: _SKR (small blind) (button) showed [Ac 7d] and won 900 with Two pairs : 7 and 5


