Winamax Poker - Tournament "Expresso Nitro" buyIn: 0.93€ + 0.07€ level: 1 - HandId: #2729111413464236033-1-1676901170 - Holdem no limit (10/20) - 2023/02/20 13:52:50 UTC
Table: 'Expresso Nitro(635420767)#0' 3-max (real money) Seat #3 is the button
Seat 1: antho86000 (300)
Seat 2: _SKR (300)
Seat 3: Ninyone (300)
*** ANTE/BLINDS ***
antho86000 posts small blind 10
_SKR posts big blind 20
Dealt to _SKR [Ks Kh]
*** PRE-FLOP *** 
Ninyone calls 20
antho86000 calls 10
_SKR raises 280 to 300 and is all-in
Ninyone folds
antho86000 folds
_SKR collected 340 from pot
*** SUMMARY ***
Total pot 340 | No rake
Seat 2: _SKR (big blind) won 340


Winamax Poker - Tournament "Expresso Nitro" buyIn: 0.93€ + 0.07€ level: 1 - HandId: #2729111413464236033-2-1676901186 - Holdem no limit (10/20) - 2023/02/20 13:53:06 UTC
Table: 'Expresso Nitro(635420767)#0' 3-max (real money) Seat #1 is the button
Seat 1: antho86000 (280)
Seat 2: _SKR (340)
Seat 3: Ninyone (280)
*** ANTE/BLINDS ***
_SKR posts small blind 10
Ninyone posts big blind 20
Dealt to _SKR [6d 2d]
*** PRE-FLOP *** 
antho86000 calls 20
_SKR folds
Ninyone checks
*** FLOP *** [Td Ts 4c]
Ninyone checks
antho86000 bets 260 and is all-in
Ninyone folds
antho86000 collected 310 from pot
*** SUMMARY ***
Total pot 310 | No rake
Board: [Td Ts 4c]
Seat 1: antho86000 (button) won 310


Winamax Poker - Tournament "Expresso Nitro" buyIn: 0.93€ + 0.07€ level: 1 - HandId: #2729111413464236033-3-1676901200 - Holdem no limit (10/20) - 2023/02/20 13:53:20 UTC
Table: 'Expresso Nitro(635420767)#0' 3-max (real money) Seat #2 is the button
Seat 1: antho86000 (310)
Seat 2: _SKR (330)
Seat 3: Ninyone (260)
*** ANTE/BLINDS ***
Ninyone posts small blind 10
antho86000 posts big blind 20
Dealt to _SKR [Ts 8s]
*** PRE-FLOP *** 
_SKR folds
Ninyone folds
antho86000 collected 30 from pot
*** SUMMARY ***
Total pot 30 | No rake
Seat 1: antho86000 (big blind) won 30


Winamax Poker - Tournament "Expresso Nitro" buyIn: 0.93€ + 0.07€ level: 1 - HandId: #2729111413464236033-4-1676901206 - Holdem no limit (10/20) - 2023/02/20 13:53:26 UTC
Table: 'Expresso Nitro(635420767)#0' 3-max (real money) Seat #3 is the button
Seat 1: antho86000 (320)
Seat 2: _SKR (330)
Seat 3: Ninyone (250)
*** ANTE/BLINDS ***
antho86000 posts small blind 10
_SKR posts big blind 20
Dealt to _SKR [7h Jh]
*** PRE-FLOP *** 
Ninyone calls 20
antho86000 folds
_SKR checks
*** FLOP *** [9h 8c 8s]
_SKR checks
Ninyone bets 33
_SKR folds
Ninyone collected 83 from pot
*** SUMMARY ***
Total pot 83 | No rake
Board: [9h 8c 8s]
Seat 3: Ninyone (button) won 83


Winamax Poker - Tournament "Expresso Nitro" buyIn: 0.93€ + 0.07€ level: 2 - HandId: #2729111413464236033-5-1676901232 - Holdem no limit (15/30) - 2023/02/20 13:53:52 UTC
Table: 'Expresso Nitro(635420767)#0' 3-max (real money) Seat #1 is the button
Seat 1: antho86000 (310)
Seat 2: _SKR (310)
Seat 3: Ninyone (280)
*** ANTE/BLINDS ***
_SKR posts small blind 15
Ninyone posts big blind 30
Dealt to _SKR [9c Ah]
*** PRE-FLOP *** 
antho86000 calls 30
_SKR raises 280 to 310 and is all-in
Ninyone folds
antho86000 calls 280 and is all-in
*** FLOP *** [5h Tc 9s]
*** TURN *** [5h Tc 9s][Ks]
*** RIVER *** [5h Tc 9s Ks][As]
*** SHOW DOWN ***
antho86000 shows [Kc Jd] (One pair : Kings)
_SKR shows [9c Ah] (Two pairs : Aces and 9)
_SKR collected 650 from pot
*** SUMMARY ***
Total pot 650 | No rake
Board: [5h Tc 9s Ks As]
Seat 1: antho86000 (button) showed [Kc Jd] and lost with One pair : Kings
Seat 2: _SKR (small blind) showed [9c Ah] and won 650 with Two pairs : Aces and 9


Winamax Poker - Tournament "Expresso Nitro" buyIn: 0.93€ + 0.07€ level: 2 - HandId: #2729111413464236033-6-1676901253 - Holdem no limit (15/30) - 2023/02/20 13:54:13 UTC
Table: 'Expresso Nitro(635420767)#0' 3-max (real money) Seat #3 is the button
Seat 2: _SKR (650)
Seat 3: Ninyone (250)
*** ANTE/BLINDS ***
Ninyone posts small blind 15
_SKR posts big blind 30
Dealt to _SKR [6d Th]
*** PRE-FLOP *** 
Ninyone calls 15
_SKR checks
*** FLOP *** [3c Qh 5c]
_SKR checks
Ninyone checks
*** TURN *** [3c Qh 5c][Jd]
_SKR checks
Ninyone bets 39
_SKR folds
Ninyone collected 99 from pot
*** SUMMARY ***
Total pot 99 | No rake
Board: [3c Qh 5c Jd]
Seat 3: Ninyone (small blind) (button) won 99


Winamax Poker - Tournament "Expresso Nitro" buyIn: 0.93€ + 0.07€ level: 2 - HandId: #2729111413464236033-7-1676901277 - Holdem no limit (15/30) - 2023/02/20 13:54:37 UTC
Table: 'Expresso Nitro(635420767)#0' 3-max (real money) Seat #2 is the button
Seat 2: _SKR (620)
Seat 3: Ninyone (280)
*** ANTE/BLINDS ***
_SKR posts small blind 15
Ninyone posts big blind 30
Dealt to _SKR [Kd 9s]
*** PRE-FLOP *** 
_SKR raises 590 to 620 and is all-in
Ninyone folds
_SKR collected 650 from pot
*** SUMMARY ***
Total pot 650 | No rake
Seat 2: _SKR (small blind) (button) won 650


Winamax Poker - Tournament "Expresso Nitro" buyIn: 0.93€ + 0.07€ level: 2 - HandId: #2729111413464236033-8-1676901283 - Holdem no limit (15/30) - 2023/02/20 13:54:43 UTC
Table: 'Expresso Nitro(635420767)#0' 3-max (real money) Seat #3 is the button
Seat 2: _SKR (650)
Seat 3: Ninyone (250)
*** ANTE/BLINDS ***
Ninyone posts small blind 15
_SKR posts big blind 30
Dealt to _SKR [Td 3c]
*** PRE-FLOP *** 
Ninyone calls 15
_SKR checks
*** FLOP *** [6c Qs 5c]
_SKR checks
Ninyone checks
*** TURN *** [6c Qs 5c][Ac]
_SKR checks
Ninyone bets 39
_SKR folds
Ninyone collected 99 from pot
*** SUMMARY ***
Total pot 99 | No rake
Board: [6c Qs 5c Ac]
Seat 3: Ninyone (small blind) (button) won 99


Winamax Poker - Tournament "Expresso Nitro" buyIn: 0.93€ + 0.07€ level: 3 - HandId: #2729111413464236033-9-1676901315 - Holdem no limit (20/40) - 2023/02/20 13:55:15 UTC
Table: 'Expresso Nitro(635420767)#0' 3-max (real money) Seat #2 is the button
Seat 2: _SKR (620)
Seat 3: Ninyone (280)
*** ANTE/BLINDS ***
_SKR posts small blind 20
Ninyone posts big blind 40
Dealt to _SKR [3s 2c]
*** PRE-FLOP *** 
_SKR folds
Ninyone collected 60 from pot
*** SUMMARY ***
Total pot 60 | No rake
Seat 3: Ninyone (big blind) won 60


Winamax Poker - Tournament "Expresso Nitro" buyIn: 0.93€ + 0.07€ level: 3 - HandId: #2729111413464236033-10-1676901318 - Holdem no limit (20/40) - 2023/02/20 13:55:18 UTC
Table: 'Expresso Nitro(635420767)#0' 3-max (real money) Seat #3 is the button
Seat 2: _SKR (600)
Seat 3: Ninyone (300)
*** ANTE/BLINDS ***
Ninyone posts small blind 20
_SKR posts big blind 40
Dealt to _SKR [Qc Qd]
*** PRE-FLOP *** 
Ninyone calls 20
_SKR raises 50 to 90
Ninyone calls 50
*** FLOP *** [5c 2h 9h]
_SKR bets 63
Ninyone folds
_SKR collected 243 from pot
*** SUMMARY ***
Total pot 243 | No rake
Board: [5c 2h 9h]
Seat 2: _SKR (big blind) won 243


Winamax Poker - Tournament "Expresso Nitro" buyIn: 0.93€ + 0.07€ level: 3 - HandId: #2729111413464236033-11-1676901337 - Holdem no limit (20/40) - 2023/02/20 13:55:37 UTC
Table: 'Expresso Nitro(635420767)#0' 3-max (real money) Seat #2 is the button
Seat 2: _SKR (690)
Seat 3: Ninyone (210)
*** ANTE/BLINDS ***
_SKR posts small blind 20
Ninyone posts big blind 40
Dealt to _SKR [3h 7s]
*** PRE-FLOP *** 
_SKR folds
Ninyone collected 60 from pot
*** SUMMARY ***
Total pot 60 | No rake
Seat 3: Ninyone (big blind) won 60


Winamax Poker - Tournament "Expresso Nitro" buyIn: 0.93€ + 0.07€ level: 3 - HandId: #2729111413464236033-12-1676901343 - Holdem no limit (20/40) - 2023/02/20 13:55:43 UTC
Table: 'Expresso Nitro(635420767)#0' 3-max (real money) Seat #3 is the button
Seat 2: _SKR (670)
Seat 3: Ninyone (230)
*** ANTE/BLINDS ***
Ninyone posts small blind 20
_SKR posts big blind 40
Dealt to _SKR [9c Td]
*** PRE-FLOP *** 
Ninyone raises 80 to 120
_SKR folds
Ninyone collected 160 from pot
*** SUMMARY ***
Total pot 160 | No rake
Seat 3: Ninyone (small blind) (button) won 160


Winamax Poker - Tournament "Expresso Nitro" buyIn: 0.93€ + 0.07€ level: 4 - HandId: #2729111413464236033-13-1676901352 - Holdem no limit (30/60) - 2023/02/20 13:55:52 UTC
Table: 'Expresso Nitro(635420767)#0' 3-max (real money) Seat #2 is the button
Seat 2: _SKR (630)
Seat 3: Ninyone (270)
*** ANTE/BLINDS ***
_SKR posts small blind 30
Ninyone posts big blind 60
Dealt to _SKR [Qc 2d]
*** PRE-FLOP *** 
_SKR folds
Ninyone collected 90 from pot
*** SUMMARY ***
Total pot 90 | No rake
Seat 3: Ninyone (big blind) won 90


Winamax Poker - Tournament "Expresso Nitro" buyIn: 0.93€ + 0.07€ level: 4 - HandId: #2729111413464236033-14-1676901358 - Holdem no limit (30/60) - 2023/02/20 13:55:58 UTC
Table: 'Expresso Nitro(635420767)#0' 3-max (real money) Seat #3 is the button
Seat 2: _SKR (600)
Seat 3: Ninyone (300)
*** ANTE/BLINDS ***
Ninyone posts small blind 30
_SKR posts big blind 60
Dealt to _SKR [6h Ah]
*** PRE-FLOP *** 
Ninyone calls 30
_SKR raises 540 to 600 and is all-in
Ninyone folds
_SKR collected 660 from pot
*** SUMMARY ***
Total pot 660 | No rake
Seat 2: _SKR (big blind) won 660


Winamax Poker - Tournament "Expresso Nitro" buyIn: 0.93€ + 0.07€ level: 4 - HandId: #2729111413464236033-15-1676901365 - Holdem no limit (30/60) - 2023/02/20 13:56:05 UTC
Table: 'Expresso Nitro(635420767)#0' 3-max (real money) Seat #2 is the button
Seat 2: _SKR (660)
Seat 3: Ninyone (240)
*** ANTE/BLINDS ***
_SKR posts small blind 30
Ninyone posts big blind 60
Dealt to _SKR [4h Td]
*** PRE-FLOP *** 
_SKR folds
Ninyone collected 90 from pot
*** SUMMARY ***
Total pot 90 | No rake
Seat 3: Ninyone (big blind) won 90


Winamax Poker - Tournament "Expresso Nitro" buyIn: 0.93€ + 0.07€ level: 4 - HandId: #2729111413464236033-16-1676901369 - Holdem no limit (30/60) - 2023/02/20 13:56:09 UTC
Table: 'Expresso Nitro(635420767)#0' 3-max (real money) Seat #3 is the button
Seat 2: _SKR (630)
Seat 3: Ninyone (270)
*** ANTE/BLINDS ***
Ninyone posts small blind 30
_SKR posts big blind 60
Dealt to _SKR [4d 6c]
*** PRE-FLOP *** 
Ninyone calls 30
_SKR checks
*** FLOP *** [2d 5s 3s]
_SKR checks
Ninyone bets 60
_SKR raises 510 to 570 and is all-in
Ninyone folds
_SKR collected 750 from pot
*** SUMMARY ***
Total pot 750 | No rake
Board: [2d 5s 3s]
Seat 2: _SKR (big blind) won 750


Winamax Poker - Tournament "Expresso Nitro" buyIn: 0.93€ + 0.07€ level: 5 - HandId: #2729111413464236033-17-1676901409 - Holdem no limit (40/80) - 2023/02/20 13:56:49 UTC
Table: 'Expresso Nitro(635420767)#0' 3-max (real money) Seat #2 is the button
Seat 2: _SKR (750)
Seat 3: Ninyone (150)
*** ANTE/BLINDS ***
_SKR posts small blind 40
Ninyone posts big blind 80
Dealt to _SKR [3d Td]
*** PRE-FLOP *** 
_SKR raises 80 to 160
Ninyone calls 70 and is all-in
*** FLOP *** [2s 7h 4c]
*** TURN *** [2s 7h 4c][9s]
*** RIVER *** [2s 7h 4c 9s][8h]
*** SHOW DOWN ***
_SKR shows [3d Td] (High card : Ten)
Ninyone shows [Jd 6h] (High card : Jack)
Ninyone collected 300 from main pot
_SKR collected 10 from side pot 1
*** SUMMARY ***
Total pot 310 | No rake
Board: [2s 7h 4c 9s 8h]
Seat 2: _SKR (small blind) (button) showed [3d Td] and won 10 with High card : Ten
Seat 3: Ninyone (big blind) showed [Jd 6h] and won 300 with High card : Jack


Winamax Poker - Tournament "Expresso Nitro" buyIn: 0.93€ + 0.07€ level: 5 - HandId: #2729111413464236033-18-1676901426 - Holdem no limit (40/80) - 2023/02/20 13:57:06 UTC
Table: 'Expresso Nitro(635420767)#0' 3-max (real money) Seat #3 is the button
Seat 2: _SKR (600)
Seat 3: Ninyone (300)
*** ANTE/BLINDS ***
Ninyone posts small blind 40
_SKR posts big blind 80
Dealt to _SKR [Jd 2d]
*** PRE-FLOP *** 
Ninyone folds
_SKR collected 120 from pot
*** SUMMARY ***
Total pot 120 | No rake
Seat 2: _SKR (big blind) won 120


Winamax Poker - Tournament "Expresso Nitro" buyIn: 0.93€ + 0.07€ level: 5 - HandId: #2729111413464236033-19-1676901430 - Holdem no limit (40/80) - 2023/02/20 13:57:10 UTC
Table: 'Expresso Nitro(635420767)#0' 3-max (real money) Seat #2 is the button
Seat 2: _SKR (640)
Seat 3: Ninyone (260)
*** ANTE/BLINDS ***
_SKR posts small blind 40
Ninyone posts big blind 80
Dealt to _SKR [Qh 3s]
*** PRE-FLOP *** 
_SKR raises 560 to 640 and is all-in
Ninyone folds
_SKR collected 720 from pot
*** SUMMARY ***
Total pot 720 | No rake
Seat 2: _SKR (small blind) (button) won 720


Winamax Poker - Tournament "Expresso Nitro" buyIn: 0.93€ + 0.07€ level: 5 - HandId: #2729111413464236033-20-1676901436 - Holdem no limit (40/80) - 2023/02/20 13:57:16 UTC
Table: 'Expresso Nitro(635420767)#0' 3-max (real money) Seat #3 is the button
Seat 2: _SKR (720)
Seat 3: Ninyone (180)
*** ANTE/BLINDS ***
Ninyone posts small blind 40
_SKR posts big blind 80
Dealt to _SKR [7d Th]
*** PRE-FLOP *** 
Ninyone folds
_SKR collected 120 from pot
*** SUMMARY ***
Total pot 120 | No rake
Seat 2: _SKR (big blind) won 120


Winamax Poker - Tournament "Expresso Nitro" buyIn: 0.93€ + 0.07€ level: 5 - HandId: #2729111413464236033-21-1676901440 - Holdem no limit (40/80) - 2023/02/20 13:57:20 UTC
Table: 'Expresso Nitro(635420767)#0' 3-max (real money) Seat #2 is the button
Seat 2: _SKR (760)
Seat 3: Ninyone (140)
*** ANTE/BLINDS ***
_SKR posts small blind 40
Ninyone posts big blind 80
Dealt to _SKR [3d 8c]
*** PRE-FLOP *** 
_SKR folds
Ninyone collected 120 from pot
*** SUMMARY ***
Total pot 120 | No rake
Seat 3: Ninyone (big blind) won 120


Winamax Poker - Tournament "Expresso Nitro" buyIn: 0.93€ + 0.07€ level: 5 - HandId: #2729111413464236033-22-1676901446 - Holdem no limit (40/80) - 2023/02/20 13:57:26 UTC
Table: 'Expresso Nitro(635420767)#0' 3-max (real money) Seat #3 is the button
Seat 2: _SKR (720)
Seat 3: Ninyone (180)
*** ANTE/BLINDS ***
Ninyone posts small blind 40
_SKR posts big blind 80
Dealt to _SKR [2h Kd]
*** PRE-FLOP *** 
Ninyone raises 100 to 180 and is all-in
_SKR calls 100
*** FLOP *** [4d 5c 6h]
*** TURN *** [4d 5c 6h][Jh]
*** RIVER *** [4d 5c 6h Jh][4c]
*** SHOW DOWN ***
_SKR shows [2h Kd] (One pair : 4)
Ninyone shows [8c Kc] (One pair : 4)
Ninyone collected 360 from pot
*** SUMMARY ***
Total pot 360 | No rake
Board: [4d 5c 6h Jh 4c]
Seat 2: _SKR (big blind) showed [2h Kd] and lost with One pair : 4
Seat 3: Ninyone (small blind) (button) showed [8c Kc] and won 360 with One pair : 4


Winamax Poker - Tournament "Expresso Nitro" buyIn: 0.93€ + 0.07€ level: 5 - HandId: #2729111413464236033-23-1676901460 - Holdem no limit (40/80) - 2023/02/20 13:57:40 UTC
Table: 'Expresso Nitro(635420767)#0' 3-max (real money) Seat #2 is the button
Seat 2: _SKR (540)
Seat 3: Ninyone (360)
*** ANTE/BLINDS ***
_SKR posts small blind 40
Ninyone posts big blind 80
Dealt to _SKR [4s Qd]
*** PRE-FLOP *** 
_SKR raises 460 to 540 and is all-in
Ninyone calls 280 and is all-in
*** FLOP *** [Jc 8h Ah]
*** TURN *** [Jc 8h Ah][5d]
*** RIVER *** [Jc 8h Ah 5d][9c]
*** SHOW DOWN ***
_SKR shows [4s Qd] (High card : Ace)
Ninyone shows [Kh Ks] (One pair : Kings)
Ninyone collected 720 from main pot
_SKR collected 180 from side pot 1
*** SUMMARY ***
Total pot 900 | No rake
Board: [Jc 8h Ah 5d 9c]
Seat 2: _SKR (small blind) (button) showed [4s Qd] and won 180 with High card : Ace
Seat 3: Ninyone (big blind) showed [Kh Ks] and won 720 with One pair : Kings


Winamax Poker - Tournament "Expresso Nitro" buyIn: 0.93€ + 0.07€ level: 6 - HandId: #2729111413464236033-24-1676901472 - Holdem no limit (50/100) - 2023/02/20 13:57:52 UTC
Table: 'Expresso Nitro(635420767)#0' 3-max (real money) Seat #3 is the button
Seat 2: _SKR (180)
Seat 3: Ninyone (720)
*** ANTE/BLINDS ***
Ninyone posts small blind 50
_SKR posts big blind 100
Dealt to _SKR [9d 4s]
*** PRE-FLOP *** 
Ninyone folds
_SKR collected 150 from pot
*** SUMMARY ***
Total pot 150 | No rake
Seat 2: _SKR (big blind) won 150


Winamax Poker - Tournament "Expresso Nitro" buyIn: 0.93€ + 0.07€ level: 6 - HandId: #2729111413464236033-25-1676901476 - Holdem no limit (50/100) - 2023/02/20 13:57:56 UTC
Table: 'Expresso Nitro(635420767)#0' 3-max (real money) Seat #2 is the button
Seat 2: _SKR (230)
Seat 3: Ninyone (670)
*** ANTE/BLINDS ***
_SKR posts small blind 50
Ninyone posts big blind 100
Dealt to _SKR [6d 6c]
*** PRE-FLOP *** 
_SKR raises 130 to 230 and is all-in
Ninyone calls 130
*** FLOP *** [7d 8h Ad]
*** TURN *** [7d 8h Ad][5s]
*** RIVER *** [7d 8h Ad 5s][4d]
*** SHOW DOWN ***
Ninyone shows [Tc 8d] (One pair : 8)
_SKR shows [6d 6c] (Straight 8 high)
_SKR collected 460 from pot
*** SUMMARY ***
Total pot 460 | No rake
Board: [7d 8h Ad 5s 4d]
Seat 2: _SKR (small blind) (button) showed [6d 6c] and won 460 with Straight 8 high
Seat 3: Ninyone (big blind) showed [Tc 8d] and lost with One pair : 8


Winamax Poker - Tournament "Expresso Nitro" buyIn: 0.93€ + 0.07€ level: 6 - HandId: #2729111413464236033-26-1676901493 - Holdem no limit (50/100) - 2023/02/20 13:58:13 UTC
Table: 'Expresso Nitro(635420767)#0' 3-max (real money) Seat #3 is the button
Seat 2: _SKR (460)
Seat 3: Ninyone (440)
*** ANTE/BLINDS ***
Ninyone posts small blind 50
_SKR posts big blind 100
Dealt to _SKR [7c 8d]
*** PRE-FLOP *** 
Ninyone calls 50
_SKR checks
*** FLOP *** [3c 3s Js]
_SKR checks
Ninyone checks
*** TURN *** [3c 3s Js][4s]
_SKR checks
Ninyone checks
*** RIVER *** [3c 3s Js 4s][7s]
_SKR bets 130
Ninyone folds
_SKR collected 330 from pot
*** SUMMARY ***
Total pot 330 | No rake
Board: [3c 3s Js 4s 7s]
Seat 2: _SKR (big blind) won 330


Winamax Poker - Tournament "Expresso Nitro" buyIn: 0.93€ + 0.07€ level: 6 - HandId: #2729111413464236033-27-1676901515 - Holdem no limit (50/100) - 2023/02/20 13:58:35 UTC
Table: 'Expresso Nitro(635420767)#0' 3-max (real money) Seat #2 is the button
Seat 2: _SKR (560)
Seat 3: Ninyone (340)
*** ANTE/BLINDS ***
_SKR posts small blind 50
Ninyone posts big blind 100
Dealt to _SKR [Jh 9d]
*** PRE-FLOP *** 
_SKR raises 460 to 560 and is all-in
Ninyone calls 240 and is all-in
*** FLOP *** [Js Qc 5c]
*** TURN *** [Js Qc 5c][3c]
*** RIVER *** [Js Qc 5c 3c][7h]
*** SHOW DOWN ***
Ninyone shows [Ah 5d] (One pair : 5)
_SKR shows [Jh 9d] (One pair : Jacks)
_SKR collected 900 from pot
*** SUMMARY ***
Total pot 900 | No rake
Board: [Js Qc 5c 3c 7h]
Seat 2: _SKR (small blind) (button) showed [Jh 9d] and won 900 with One pair : Jacks
Seat 3: Ninyone (big blind) showed [Ah 5d] and lost with One pair : 5


