Winamax Poker - Tournament "Expresso Nitro" buyIn: 1.86€ + 0.14€ level: 1 - HandId: #2698101002262806529-1-1675180880 - Holdem no limit (10/20) - 2023/01/31 16:01:20 UTC
Table: 'Expresso Nitro(628200593)#0' 3-max (real money) Seat #3 is the button
Seat 1: Solocea (300)
Seat 2: LAROTKA10 (300)
Seat 3: _SKR (300)
*** ANTE/BLINDS ***
Solocea posts small blind 10
LAROTKA10 posts big blind 20
Dealt to _SKR [3c 5d]
*** PRE-FLOP *** 
_SKR folds
Solocea calls 10
LAROTKA10 checks
*** FLOP *** [4h 6s Th]
Solocea checks
LAROTKA10 checks
*** TURN *** [4h 6s Th][Js]
Solocea checks
LAROTKA10 bets 32
Solocea folds
LAROTKA10 collected 72 from pot
*** SUMMARY ***
Total pot 72 | No rake
Board: [4h 6s Th Js]
Seat 2: LAROTKA10 (big blind) won 72


Winamax Poker - Tournament "Expresso Nitro" buyIn: 1.86€ + 0.14€ level: 1 - HandId: #2698101002262806529-2-1675180896 - Holdem no limit (10/20) - 2023/01/31 16:01:36 UTC
Table: 'Expresso Nitro(628200593)#0' 3-max (real money) Seat #1 is the button
Seat 1: Solocea (280)
Seat 2: LAROTKA10 (320)
Seat 3: _SKR (300)
*** ANTE/BLINDS ***
LAROTKA10 posts small blind 10
_SKR posts big blind 20
Dealt to _SKR [Td 9h]
*** PRE-FLOP *** 
Solocea folds
LAROTKA10 calls 10
_SKR checks
*** FLOP *** [Ks Kd Js]
LAROTKA10 bets 20
_SKR folds
LAROTKA10 collected 60 from pot
*** SUMMARY ***
Total pot 60 | No rake
Board: [Ks Kd Js]
Seat 2: LAROTKA10 (small blind) won 60


Winamax Poker - Tournament "Expresso Nitro" buyIn: 1.86€ + 0.14€ level: 2 - HandId: #2698101002262806529-3-1675180962 - Holdem no limit (15/30) - 2023/01/31 16:02:42 UTC
Table: 'Expresso Nitro(628200593)#0' 3-max (real money) Seat #2 is the button
Seat 1: Solocea (280)
Seat 2: LAROTKA10 (340)
Seat 3: _SKR (280)
*** ANTE/BLINDS ***
_SKR posts small blind 15
Solocea posts big blind 30
Dealt to _SKR [Kc 2c]
*** PRE-FLOP *** 
LAROTKA10 folds
_SKR raises 250 to 280 and is all-in
Solocea folds
_SKR collected 310 from pot
*** SUMMARY ***
Total pot 310 | No rake
Seat 3: _SKR (small blind) won 310


Winamax Poker - Tournament "Expresso Nitro" buyIn: 1.86€ + 0.14€ level: 2 - HandId: #2698101002262806529-4-1675180972 - Holdem no limit (15/30) - 2023/01/31 16:02:52 UTC
Table: 'Expresso Nitro(628200593)#0' 3-max (real money) Seat #3 is the button
Seat 1: Solocea (250)
Seat 2: LAROTKA10 (340)
Seat 3: _SKR (310)
*** ANTE/BLINDS ***
Solocea posts small blind 15
LAROTKA10 posts big blind 30
Dealt to _SKR [4h 5h]
*** PRE-FLOP *** 
_SKR folds
Solocea folds
LAROTKA10 collected 45 from pot
*** SUMMARY ***
Total pot 45 | No rake
Seat 2: LAROTKA10 (big blind) won 45


Winamax Poker - Tournament "Expresso Nitro" buyIn: 1.86€ + 0.14€ level: 2 - HandId: #2698101002262806529-5-1675180983 - Holdem no limit (15/30) - 2023/01/31 16:03:03 UTC
Table: 'Expresso Nitro(628200593)#0' 3-max (real money) Seat #1 is the button
Seat 1: Solocea (235)
Seat 2: LAROTKA10 (355)
Seat 3: _SKR (310)
*** ANTE/BLINDS ***
LAROTKA10 posts small blind 15
_SKR posts big blind 30
Dealt to _SKR [Qd 2d]
*** PRE-FLOP *** 
Solocea calls 30
LAROTKA10 folds
_SKR checks
*** FLOP *** [Tc 9d 7d]
_SKR checks
Solocea checks
*** TURN *** [Tc 9d 7d][3s]
_SKR bets 38
Solocea folds
_SKR collected 113 from pot
*** SUMMARY ***
Total pot 113 | No rake
Board: [Tc 9d 7d 3s]
Seat 3: _SKR (big blind) won 113


Winamax Poker - Tournament "Expresso Nitro" buyIn: 1.86€ + 0.14€ level: 3 - HandId: #2698101002262806529-6-1675181010 - Holdem no limit (20/40) - 2023/01/31 16:03:30 UTC
Table: 'Expresso Nitro(628200593)#0' 3-max (real money) Seat #2 is the button
Seat 1: Solocea (205)
Seat 2: LAROTKA10 (340)
Seat 3: _SKR (355)
*** ANTE/BLINDS ***
_SKR posts small blind 20
Solocea posts big blind 40
Dealt to _SKR [3c Js]
*** PRE-FLOP *** 
LAROTKA10 folds
_SKR folds
Solocea collected 60 from pot
*** SUMMARY ***
Total pot 60 | No rake
Seat 1: Solocea (big blind) won 60


Winamax Poker - Tournament "Expresso Nitro" buyIn: 1.86€ + 0.14€ level: 3 - HandId: #2698101002262806529-7-1675181015 - Holdem no limit (20/40) - 2023/01/31 16:03:35 UTC
Table: 'Expresso Nitro(628200593)#0' 3-max (real money) Seat #3 is the button
Seat 1: Solocea (225)
Seat 2: LAROTKA10 (340)
Seat 3: _SKR (335)
*** ANTE/BLINDS ***
Solocea posts small blind 20
LAROTKA10 posts big blind 40
Dealt to _SKR [Ts Ks]
*** PRE-FLOP *** 
_SKR raises 295 to 335 and is all-in
Solocea folds
LAROTKA10 raises 5 to 340 and is all-in
*** FLOP *** [4d 3d 9h]
*** TURN *** [4d 3d 9h][Ad]
*** RIVER *** [4d 3d 9h Ad][8c]
*** SHOW DOWN ***
LAROTKA10 shows [Qc Jc] (High card : Ace)
_SKR shows [Ts Ks] (High card : Ace)
_SKR collected 690 from main pot
LAROTKA10 collected 5 from side pot 1
*** SUMMARY ***
Total pot 695 | No rake
Board: [4d 3d 9h Ad 8c]
Seat 2: LAROTKA10 (big blind) showed [Qc Jc] and won 5 with High card : Ace
Seat 3: _SKR (button) showed [Ts Ks] and won 690 with High card : Ace


Winamax Poker - Tournament "Expresso Nitro" buyIn: 1.86€ + 0.14€ level: 3 - HandId: #2698101002262806529-8-1675181029 - Holdem no limit (20/40) - 2023/01/31 16:03:49 UTC
Table: 'Expresso Nitro(628200593)#0' 3-max (real money) Seat #1 is the button
Seat 1: Solocea (205)
Seat 2: LAROTKA10 (5)
Seat 3: _SKR (690)
*** ANTE/BLINDS ***
LAROTKA10 posts small blind 5 and is all-in
_SKR posts big blind 40
Dealt to _SKR [5h 7d]
*** PRE-FLOP *** 
Solocea raises 165 to 205 and is all-in
_SKR folds
*** FLOP *** [9h 9s 4h]
*** TURN *** [9h 9s 4h][2d]
*** RIVER *** [9h 9s 4h 2d][4s]
*** SHOW DOWN ***
LAROTKA10 shows [Ah 3s] (Two pairs : 9 and 4)
Solocea shows [4c Qd] (Full of 4 and 9)
Solocea collected 250 from pot
*** SUMMARY ***
Total pot 250 | No rake
Board: [9h 9s 4h 2d 4s]
Seat 1: Solocea (button) showed [4c Qd] and won 250 with Full of 4 and 9
Seat 2: LAROTKA10 (small blind) showed [Ah 3s] and lost with Two pairs : 9 and 4


Winamax Poker - Tournament "Expresso Nitro" buyIn: 1.86€ + 0.14€ level: 3 - HandId: #2698101002262806529-9-1675181043 - Holdem no limit (20/40) - 2023/01/31 16:04:03 UTC
Table: 'Expresso Nitro(628200593)#0' 3-max (real money) Seat #3 is the button
Seat 1: Solocea (250)
Seat 3: _SKR (650)
*** ANTE/BLINDS ***
_SKR posts small blind 20
Solocea posts big blind 40
Dealt to _SKR [Ah 3h]
*** PRE-FLOP *** 
_SKR raises 610 to 650 and is all-in
Solocea calls 210 and is all-in
*** FLOP *** [Qd Qs 4c]
*** TURN *** [Qd Qs 4c][6h]
*** RIVER *** [Qd Qs 4c 6h][Jc]
*** SHOW DOWN ***
Solocea shows [Ks 6c] (Two pairs : Queens and 6)
_SKR shows [Ah 3h] (One pair : Queens)
_SKR collected 400 from side pot 1
Solocea collected 500 from main pot
*** SUMMARY ***
Total pot 900 | No rake
Board: [Qd Qs 4c 6h Jc]
Seat 1: Solocea (big blind) showed [Ks 6c] and won 500 with Two pairs : Queens and 6
Seat 3: _SKR (small blind) (button) showed [Ah 3h] and won 400 with One pair : Queens


Winamax Poker - Tournament "Expresso Nitro" buyIn: 1.86€ + 0.14€ level: 3 - HandId: #2698101002262806529-10-1675181054 - Holdem no limit (20/40) - 2023/01/31 16:04:14 UTC
Table: 'Expresso Nitro(628200593)#0' 3-max (real money) Seat #1 is the button
Seat 1: Solocea (500)
Seat 3: _SKR (400)
*** ANTE/BLINDS ***
Solocea posts small blind 20
_SKR posts big blind 40
Dealt to _SKR [2h Js]
*** PRE-FLOP *** 
Solocea raises 460 to 500 and is all-in
_SKR folds
Solocea collected 540 from pot
*** SUMMARY ***
Total pot 540 | No rake
Seat 1: Solocea (small blind) (button) won 540


Winamax Poker - Tournament "Expresso Nitro" buyIn: 1.86€ + 0.14€ level: 4 - HandId: #2698101002262806529-11-1675181059 - Holdem no limit (30/60) - 2023/01/31 16:04:19 UTC
Table: 'Expresso Nitro(628200593)#0' 3-max (real money) Seat #3 is the button
Seat 1: Solocea (540)
Seat 3: _SKR (360)
*** ANTE/BLINDS ***
_SKR posts small blind 30
Solocea posts big blind 60
Dealt to _SKR [9c Kc]
*** PRE-FLOP *** 
_SKR raises 300 to 360 and is all-in
Solocea calls 300
*** FLOP *** [5s 6d 8c]
*** TURN *** [5s 6d 8c][2h]
*** RIVER *** [5s 6d 8c 2h][4h]
*** SHOW DOWN ***
_SKR shows [9c Kc] (High card : King)
Solocea shows [Ad Th] (High card : Ace)
Solocea collected 720 from pot
*** SUMMARY ***
Total pot 720 | No rake
Board: [5s 6d 8c 2h 4h]
Seat 1: Solocea (big blind) showed [Ad Th] and won 720 with High card : Ace
Seat 3: _SKR (small blind) (button) showed [9c Kc] and lost with High card : King


