Winamax Poker - Tournament "Expresso Nitro" buyIn: 1.86€ + 0.14€ level: 1 - HandId: #2698158928486727681-1-1675183418 - Holdem no limit (10/20) - 2023/01/31 16:43:38 UTC
Table: 'Expresso Nitro(628214080)#0' 3-max (real money) Seat #3 is the button
Seat 1: _SKR (300)
Seat 2: franckbez (300)
Seat 3: Jaja le 10 (300)
*** ANTE/BLINDS ***
_SKR posts small blind 10
franckbez posts big blind 20
Dealt to _SKR [Js Ac]
*** PRE-FLOP *** 
Jaja le 10 calls 20
_SKR raises 280 to 300 and is all-in
franckbez folds
Jaja le 10 folds
_SKR collected 340 from pot
*** SUMMARY ***
Total pot 340 | No rake
Seat 1: _SKR (small blind) won 340


Winamax Poker - Tournament "Expresso Nitro" buyIn: 1.86€ + 0.14€ level: 1 - HandId: #2698158928486727681-2-1675183425 - Holdem no limit (10/20) - 2023/01/31 16:43:45 UTC
Table: 'Expresso Nitro(628214080)#0' 3-max (real money) Seat #1 is the button
Seat 1: _SKR (340)
Seat 2: franckbez (280)
Seat 3: Jaja le 10 (280)
*** ANTE/BLINDS ***
franckbez posts small blind 10
Jaja le 10 posts big blind 20
Dealt to _SKR [Ah Jd]
*** PRE-FLOP *** 
_SKR raises 320 to 340 and is all-in
franckbez folds
Jaja le 10 folds
_SKR collected 370 from pot
*** SUMMARY ***
Total pot 370 | No rake
Seat 1: _SKR (button) won 370


Winamax Poker - Tournament "Expresso Nitro" buyIn: 1.86€ + 0.14€ level: 1 - HandId: #2698158928486727681-3-1675183436 - Holdem no limit (10/20) - 2023/01/31 16:43:56 UTC
Table: 'Expresso Nitro(628214080)#0' 3-max (real money) Seat #2 is the button
Seat 1: _SKR (370)
Seat 2: franckbez (270)
Seat 3: Jaja le 10 (260)
*** ANTE/BLINDS ***
Jaja le 10 posts small blind 10
_SKR posts big blind 20
Dealt to _SKR [Td 3c]
*** PRE-FLOP *** 
franckbez folds
Jaja le 10 raises 240 to 260 and is all-in
_SKR folds
Jaja le 10 collected 280 from pot
*** SUMMARY ***
Total pot 280 | No rake
Seat 3: Jaja le 10 (small blind) won 280


Winamax Poker - Tournament "Expresso Nitro" buyIn: 1.86€ + 0.14€ level: 1 - HandId: #2698158928486727681-4-1675183447 - Holdem no limit (10/20) - 2023/01/31 16:44:07 UTC
Table: 'Expresso Nitro(628214080)#0' 3-max (real money) Seat #3 is the button
Seat 1: _SKR (350)
Seat 2: franckbez (270)
Seat 3: Jaja le 10 (280)
*** ANTE/BLINDS ***
_SKR posts small blind 10
franckbez posts big blind 20
Dealt to _SKR [Kc 8d]
*** PRE-FLOP *** 
Jaja le 10 raises 260 to 280 and is all-in
_SKR folds
franckbez folds
Jaja le 10 collected 310 from pot
*** SUMMARY ***
Total pot 310 | No rake
Seat 3: Jaja le 10 (button) won 310


Winamax Poker - Tournament "Expresso Nitro" buyIn: 1.86€ + 0.14€ level: 1 - HandId: #2698158928486727681-5-1675183453 - Holdem no limit (10/20) - 2023/01/31 16:44:13 UTC
Table: 'Expresso Nitro(628214080)#0' 3-max (real money) Seat #1 is the button
Seat 1: _SKR (340)
Seat 2: franckbez (250)
Seat 3: Jaja le 10 (310)
*** ANTE/BLINDS ***
franckbez posts small blind 10
Jaja le 10 posts big blind 20
Dealt to _SKR [7s 6d]
*** PRE-FLOP *** 
_SKR folds
franckbez folds
Jaja le 10 collected 30 from pot
*** SUMMARY ***
Total pot 30 | No rake
Seat 3: Jaja le 10 (big blind) won 30


Winamax Poker - Tournament "Expresso Nitro" buyIn: 1.86€ + 0.14€ level: 1 - HandId: #2698158928486727681-6-1675183459 - Holdem no limit (10/20) - 2023/01/31 16:44:19 UTC
Table: 'Expresso Nitro(628214080)#0' 3-max (real money) Seat #2 is the button
Seat 1: _SKR (340)
Seat 2: franckbez (240)
Seat 3: Jaja le 10 (320)
*** ANTE/BLINDS ***
Jaja le 10 posts small blind 10
_SKR posts big blind 20
Dealt to _SKR [8s 4s]
*** PRE-FLOP *** 
franckbez raises 20 to 40
Jaja le 10 folds
_SKR folds
franckbez collected 70 from pot
*** SUMMARY ***
Total pot 70 | No rake
Seat 2: franckbez (button) won 70


Winamax Poker - Tournament "Expresso Nitro" buyIn: 1.86€ + 0.14€ level: 2 - HandId: #2698158928486727681-7-1675183477 - Holdem no limit (15/30) - 2023/01/31 16:44:37 UTC
Table: 'Expresso Nitro(628214080)#0' 3-max (real money) Seat #3 is the button
Seat 1: _SKR (320)
Seat 2: franckbez (270)
Seat 3: Jaja le 10 (310)
*** ANTE/BLINDS ***
_SKR posts small blind 15
franckbez posts big blind 30
Dealt to _SKR [6c 5s]
*** PRE-FLOP *** 
Jaja le 10 raises 280 to 310 and is all-in
_SKR folds
franckbez folds
Jaja le 10 collected 355 from pot
*** SUMMARY ***
Total pot 355 | No rake
Seat 3: Jaja le 10 (button) won 355


Winamax Poker - Tournament "Expresso Nitro" buyIn: 1.86€ + 0.14€ level: 2 - HandId: #2698158928486727681-8-1675183483 - Holdem no limit (15/30) - 2023/01/31 16:44:43 UTC
Table: 'Expresso Nitro(628214080)#0' 3-max (real money) Seat #1 is the button
Seat 1: _SKR (305)
Seat 2: franckbez (240)
Seat 3: Jaja le 10 (355)
*** ANTE/BLINDS ***
franckbez posts small blind 15
Jaja le 10 posts big blind 30
Dealt to _SKR [Kh 9s]
*** PRE-FLOP *** 
_SKR folds
franckbez folds
Jaja le 10 collected 45 from pot
*** SUMMARY ***
Total pot 45 | No rake
Seat 3: Jaja le 10 (big blind) won 45


Winamax Poker - Tournament "Expresso Nitro" buyIn: 1.86€ + 0.14€ level: 2 - HandId: #2698158928486727681-9-1675183490 - Holdem no limit (15/30) - 2023/01/31 16:44:50 UTC
Table: 'Expresso Nitro(628214080)#0' 3-max (real money) Seat #2 is the button
Seat 1: _SKR (305)
Seat 2: franckbez (225)
Seat 3: Jaja le 10 (370)
*** ANTE/BLINDS ***
Jaja le 10 posts small blind 15
_SKR posts big blind 30
Dealt to _SKR [Ah 6c]
*** PRE-FLOP *** 
franckbez calls 30
Jaja le 10 calls 15
_SKR raises 275 to 305 and is all-in
franckbez calls 195 and is all-in
Jaja le 10 folds
*** FLOP *** [As 8h 6s]
*** TURN *** [As 8h 6s][5s]
*** RIVER *** [As 8h 6s 5s][Ks]
*** SHOW DOWN ***
franckbez shows [Jc 7c] (High card : Ace)
_SKR shows [Ah 6c] (Two pairs : Aces and 6)
_SKR collected 560 from pot
*** SUMMARY ***
Total pot 560 | No rake
Board: [As 8h 6s 5s Ks]
Seat 1: _SKR (big blind) showed [Ah 6c] and won 560 with Two pairs : Aces and 6
Seat 2: franckbez (button) showed [Jc 7c] and lost with High card : Ace


Winamax Poker - Tournament "Expresso Nitro" buyIn: 1.86€ + 0.14€ level: 2 - HandId: #2698158928486727681-10-1675183513 - Holdem no limit (15/30) - 2023/01/31 16:45:13 UTC
Table: 'Expresso Nitro(628214080)#0' 3-max (real money) Seat #1 is the button
Seat 1: _SKR (560)
Seat 3: Jaja le 10 (340)
*** ANTE/BLINDS ***
_SKR posts small blind 15
Jaja le 10 posts big blind 30
Dealt to _SKR [5h Kc]
*** PRE-FLOP *** 
_SKR calls 15
Jaja le 10 checks
*** FLOP *** [4c 6s 4d]
Jaja le 10 checks
_SKR checks
*** TURN *** [4c 6s 4d][Js]
Jaja le 10 checks
_SKR checks
*** RIVER *** [4c 6s 4d Js][6c]
Jaja le 10 checks
_SKR checks
*** SHOW DOWN ***
Jaja le 10 shows [7d 3c] (Two pairs : 6 and 4)
_SKR shows [5h Kc] (Two pairs : 6 and 4)
_SKR collected 60 from pot
*** SUMMARY ***
Total pot 60 | No rake
Board: [4c 6s 4d Js 6c]
Seat 1: _SKR (small blind) (button) showed [5h Kc] and won 60 with Two pairs : 6 and 4
Seat 3: Jaja le 10 (big blind) showed [7d 3c] and lost with Two pairs : 6 and 4


Winamax Poker - Tournament "Expresso Nitro" buyIn: 1.86€ + 0.14€ level: 3 - HandId: #2698158928486727681-11-1675183552 - Holdem no limit (20/40) - 2023/01/31 16:45:52 UTC
Table: 'Expresso Nitro(628214080)#0' 3-max (real money) Seat #3 is the button
Seat 1: _SKR (590)
Seat 3: Jaja le 10 (310)
*** ANTE/BLINDS ***
Jaja le 10 posts small blind 20
_SKR posts big blind 40
Dealt to _SKR [7c 5h]
*** PRE-FLOP *** 
Jaja le 10 calls 20
_SKR checks
*** FLOP *** [8s 9c 9h]
_SKR checks
Jaja le 10 checks
*** TURN *** [8s 9c 9h][4d]
_SKR bets 40
Jaja le 10 raises 230 to 270 and is all-in
_SKR folds
Jaja le 10 collected 390 from pot
*** SUMMARY ***
Total pot 390 | No rake
Board: [8s 9c 9h 4d]
Seat 3: Jaja le 10 (small blind) (button) won 390


Winamax Poker - Tournament "Expresso Nitro" buyIn: 1.86€ + 0.14€ level: 3 - HandId: #2698158928486727681-12-1675183574 - Holdem no limit (20/40) - 2023/01/31 16:46:14 UTC
Table: 'Expresso Nitro(628214080)#0' 3-max (real money) Seat #1 is the button
Seat 1: _SKR (510)
Seat 3: Jaja le 10 (390)
*** ANTE/BLINDS ***
_SKR posts small blind 20
Jaja le 10 posts big blind 40
Dealt to _SKR [7c Ts]
*** PRE-FLOP *** 
_SKR folds
Jaja le 10 collected 60 from pot
*** SUMMARY ***
Total pot 60 | No rake
Seat 3: Jaja le 10 (big blind) won 60


Winamax Poker - Tournament "Expresso Nitro" buyIn: 1.86€ + 0.14€ level: 3 - HandId: #2698158928486727681-13-1675183578 - Holdem no limit (20/40) - 2023/01/31 16:46:18 UTC
Table: 'Expresso Nitro(628214080)#0' 3-max (real money) Seat #3 is the button
Seat 1: _SKR (490)
Seat 3: Jaja le 10 (410)
*** ANTE/BLINDS ***
Jaja le 10 posts small blind 20
_SKR posts big blind 40
Dealt to _SKR [Qd Qh]
*** PRE-FLOP *** 
Jaja le 10 calls 20
_SKR raises 450 to 490 and is all-in
Jaja le 10 calls 370 and is all-in
*** FLOP *** [Ad Kc 2h]
*** TURN *** [Ad Kc 2h][Td]
*** RIVER *** [Ad Kc 2h Td][6c]
*** SHOW DOWN ***
_SKR shows [Qd Qh] (One pair : Queens)
Jaja le 10 shows [4d Ks] (One pair : Kings)
Jaja le 10 collected 820 from main pot
_SKR collected 80 from side pot 1
*** SUMMARY ***
Total pot 900 | No rake
Board: [Ad Kc 2h Td 6c]
Seat 1: _SKR (big blind) showed [Qd Qh] and won 80 with One pair : Queens
Seat 3: Jaja le 10 (small blind) (button) showed [4d Ks] and won 820 with One pair : Kings


Winamax Poker - Tournament "Expresso Nitro" buyIn: 1.86€ + 0.14€ level: 3 - HandId: #2698158928486727681-14-1675183590 - Holdem no limit (20/40) - 2023/01/31 16:46:30 UTC
Table: 'Expresso Nitro(628214080)#0' 3-max (real money) Seat #1 is the button
Seat 1: _SKR (80)
Seat 3: Jaja le 10 (820)
*** ANTE/BLINDS ***
_SKR posts small blind 20
Jaja le 10 posts big blind 40
Dealt to _SKR [Ks 8h]
*** PRE-FLOP *** 
_SKR raises 40 to 80 and is all-in
Jaja le 10 folds
_SKR collected 120 from pot
*** SUMMARY ***
Total pot 120 | No rake
Seat 1: _SKR (small blind) (button) won 120


Winamax Poker - Tournament "Expresso Nitro" buyIn: 1.86€ + 0.14€ level: 4 - HandId: #2698158928486727681-15-1675183594 - Holdem no limit (30/60) - 2023/01/31 16:46:34 UTC
Table: 'Expresso Nitro(628214080)#0' 3-max (real money) Seat #3 is the button
Seat 1: _SKR (120)
Seat 3: Jaja le 10 (780)
*** ANTE/BLINDS ***
Jaja le 10 posts small blind 30
_SKR posts big blind 60
Dealt to _SKR [5s Qs]
*** PRE-FLOP *** 
Jaja le 10 folds
_SKR collected 90 from pot
*** SUMMARY ***
Total pot 90 | No rake
Seat 1: _SKR (big blind) won 90


Winamax Poker - Tournament "Expresso Nitro" buyIn: 1.86€ + 0.14€ level: 4 - HandId: #2698158928486727681-16-1675183598 - Holdem no limit (30/60) - 2023/01/31 16:46:38 UTC
Table: 'Expresso Nitro(628214080)#0' 3-max (real money) Seat #1 is the button
Seat 1: _SKR (150)
Seat 3: Jaja le 10 (750)
*** ANTE/BLINDS ***
_SKR posts small blind 30
Jaja le 10 posts big blind 60
Dealt to _SKR [5d 2s]
*** PRE-FLOP *** 
_SKR folds
Jaja le 10 collected 90 from pot
*** SUMMARY ***
Total pot 90 | No rake
Seat 3: Jaja le 10 (big blind) won 90


Winamax Poker - Tournament "Expresso Nitro" buyIn: 1.86€ + 0.14€ level: 4 - HandId: #2698158928486727681-17-1675183601 - Holdem no limit (30/60) - 2023/01/31 16:46:41 UTC
Table: 'Expresso Nitro(628214080)#0' 3-max (real money) Seat #3 is the button
Seat 1: _SKR (120)
Seat 3: Jaja le 10 (780)
*** ANTE/BLINDS ***
Jaja le 10 posts small blind 30
_SKR posts big blind 60
Dealt to _SKR [Td 3d]
*** PRE-FLOP *** 
Jaja le 10 calls 30
_SKR raises 60 to 120 and is all-in
Jaja le 10 calls 60
*** FLOP *** [2c Ah 6s]
*** TURN *** [2c Ah 6s][9s]
*** RIVER *** [2c Ah 6s 9s][2d]
*** SHOW DOWN ***
_SKR shows [Td 3d] (One pair : 2)
Jaja le 10 shows [Kc 2s] (Trips of 2)
Jaja le 10 collected 240 from pot
*** SUMMARY ***
Total pot 240 | No rake
Board: [2c Ah 6s 9s 2d]
Seat 1: _SKR (big blind) showed [Td 3d] and lost with One pair : 2
Seat 3: Jaja le 10 (small blind) (button) showed [Kc 2s] and won 240 with Trips of 2


