Winamax Poker - Tournament "Expresso Nitro" buyIn: 0.93€ + 0.07€ level: 1 - HandId: #2718675446093840385-1-1676294849 - Holdem no limit (10/20) - 2023/02/13 13:27:29 UTC
Table: 'Expresso Nitro(632990954)#0' 3-max (real money) Seat #1 is the button
Seat 1: Mallena (300)
Seat 2: _SKR (300)
Seat 3: Bert 71 (300)
*** ANTE/BLINDS ***
_SKR posts small blind 10
Bert 71 posts big blind 20
Dealt to _SKR [4d Tc]
*** PRE-FLOP *** 
Mallena raises 280 to 300 and is all-in
_SKR folds
Bert 71 calls 280 and is all-in
*** FLOP *** [9c 4c 2c]
*** TURN *** [9c 4c 2c][Ac]
*** RIVER *** [9c 4c 2c Ac][3h]
*** SHOW DOWN ***
Mallena shows [3c 3d] (Flush Ace high)
Bert 71 shows [Qh Jc] (Flush Ace high)
Bert 71 collected 610 from pot
*** SUMMARY ***
Total pot 610 | No rake
Board: [9c 4c 2c Ac 3h]
Seat 1: Mallena (button) showed [3c 3d] and lost with Flush Ace high
Seat 3: Bert 71 (big blind) showed [Qh Jc] and won 610 with Flush Ace high


Winamax Poker - Tournament "Expresso Nitro" buyIn: 0.93€ + 0.07€ level: 1 - HandId: #2718675446093840385-2-1676294872 - Holdem no limit (10/20) - 2023/02/13 13:27:52 UTC
Table: 'Expresso Nitro(632990954)#0' 3-max (real money) Seat #3 is the button
Seat 2: _SKR (290)
Seat 3: Bert 71 (610)
*** ANTE/BLINDS ***
Bert 71 posts small blind 10
_SKR posts big blind 20
Dealt to _SKR [Js 5h]
*** PRE-FLOP *** 
Bert 71 calls 10
_SKR checks
*** FLOP *** [4h 9s 7c]
_SKR checks
Bert 71 checks
*** TURN *** [4h 9s 7c][Kh]
_SKR checks
Bert 71 checks
*** RIVER *** [4h 9s 7c Kh][Jh]
_SKR checks
Bert 71 checks
*** SHOW DOWN ***
_SKR shows [Js 5h] (One pair : Jacks)
Bert 71 shows [2s Jc] (One pair : Jacks)
Bert 71 collected 20 from pot
_SKR collected 20 from pot
*** SUMMARY ***
Total pot 40 | No rake
Board: [4h 9s 7c Kh Jh]
Seat 2: _SKR (big blind) showed [Js 5h] and won 20 with One pair : Jacks
Seat 3: Bert 71 (small blind) (button) showed [2s Jc] and won 20 with One pair : Jacks


Winamax Poker - Tournament "Expresso Nitro" buyIn: 0.93€ + 0.07€ level: 1 - HandId: #2718675446093840385-3-1676294894 - Holdem no limit (10/20) - 2023/02/13 13:28:14 UTC
Table: 'Expresso Nitro(632990954)#0' 3-max (real money) Seat #2 is the button
Seat 2: _SKR (290)
Seat 3: Bert 71 (610)
*** ANTE/BLINDS ***
_SKR posts small blind 10
Bert 71 posts big blind 20
Dealt to _SKR [Kh Kd]
*** PRE-FLOP *** 
_SKR raises 20 to 40
Bert 71 calls 20
*** FLOP *** [Kc Ks 3d]
Bert 71 checks
_SKR checks
*** TURN *** [Kc Ks 3d][9d]
Bert 71 checks
_SKR checks
*** RIVER *** [Kc Ks 3d 9d][Jd]
Bert 71 checks
_SKR bets 80
Bert 71 calls 80
*** SHOW DOWN ***
Bert 71 shows [Jc 2h] (Two pairs : Kings and Jacks)
_SKR shows [Kh Kd] (Quads of Kings)
_SKR collected 240 from pot
*** SUMMARY ***
Total pot 240 | No rake
Board: [Kc Ks 3d 9d Jd]
Seat 2: _SKR (small blind) (button) showed [Kh Kd] and won 240 with Quads of Kings
Seat 3: Bert 71 (big blind) showed [Jc 2h] and lost with Two pairs : Kings and Jacks


Winamax Poker - Tournament "Expresso Nitro" buyIn: 0.93€ + 0.07€ level: 2 - HandId: #2718675446093840385-4-1676294927 - Holdem no limit (15/30) - 2023/02/13 13:28:47 UTC
Table: 'Expresso Nitro(632990954)#0' 3-max (real money) Seat #3 is the button
Seat 2: _SKR (410)
Seat 3: Bert 71 (490)
*** ANTE/BLINDS ***
Bert 71 posts small blind 15
_SKR posts big blind 30
Dealt to _SKR [8c Jd]
*** PRE-FLOP *** 
Bert 71 calls 15
_SKR checks
*** FLOP *** [6d 3h 2c]
_SKR checks
Bert 71 checks
*** TURN *** [6d 3h 2c][Kc]
_SKR checks
Bert 71 checks
*** RIVER *** [6d 3h 2c Kc][7d]
_SKR checks
Bert 71 bets 39
_SKR folds
Bert 71 collected 99 from pot
*** SUMMARY ***
Total pot 99 | No rake
Board: [6d 3h 2c Kc 7d]
Seat 3: Bert 71 (small blind) (button) won 99


Winamax Poker - Tournament "Expresso Nitro" buyIn: 0.93€ + 0.07€ level: 2 - HandId: #2718675446093840385-5-1676294954 - Holdem no limit (15/30) - 2023/02/13 13:29:14 UTC
Table: 'Expresso Nitro(632990954)#0' 3-max (real money) Seat #2 is the button
Seat 2: _SKR (380)
Seat 3: Bert 71 (520)
*** ANTE/BLINDS ***
_SKR posts small blind 15
Bert 71 posts big blind 30
Dealt to _SKR [8h Js]
*** PRE-FLOP *** 
_SKR calls 15
Bert 71 checks
*** FLOP *** [6c 6h 4c]
Bert 71 checks
_SKR bets 30
Bert 71 calls 30
*** TURN *** [6c 6h 4c][6d]
Bert 71 checks
_SKR checks
*** RIVER *** [6c 6h 4c 6d][As]
Bert 71 checks
_SKR bets 78
Bert 71 folds
_SKR collected 198 from pot
*** SUMMARY ***
Total pot 198 | No rake
Board: [6c 6h 4c 6d As]
Seat 2: _SKR (small blind) (button) won 198


Winamax Poker - Tournament "Expresso Nitro" buyIn: 0.93€ + 0.07€ level: 3 - HandId: #2718675446093840385-6-1676294982 - Holdem no limit (20/40) - 2023/02/13 13:29:42 UTC
Table: 'Expresso Nitro(632990954)#0' 3-max (real money) Seat #3 is the button
Seat 2: _SKR (440)
Seat 3: Bert 71 (460)
*** ANTE/BLINDS ***
Bert 71 posts small blind 20
_SKR posts big blind 40
Dealt to _SKR [6h 2h]
*** PRE-FLOP *** 
Bert 71 calls 20
_SKR checks
*** FLOP *** [7d Qs Ad]
_SKR checks
Bert 71 checks
*** TURN *** [7d Qs Ad][3c]
_SKR checks
Bert 71 checks
*** RIVER *** [7d Qs Ad 3c][5h]
_SKR checks
Bert 71 checks
*** SHOW DOWN ***
_SKR shows [6h 2h] (High card : Ace)
Bert 71 shows [2d 3s] (One pair : 3)
Bert 71 collected 80 from pot
*** SUMMARY ***
Total pot 80 | No rake
Board: [7d Qs Ad 3c 5h]
Seat 2: _SKR (big blind) showed [6h 2h] and lost with High card : Ace
Seat 3: Bert 71 (small blind) (button) showed [2d 3s] and won 80 with One pair : 3


Winamax Poker - Tournament "Expresso Nitro" buyIn: 0.93€ + 0.07€ level: 3 - HandId: #2718675446093840385-7-1676295010 - Holdem no limit (20/40) - 2023/02/13 13:30:10 UTC
Table: 'Expresso Nitro(632990954)#0' 3-max (real money) Seat #2 is the button
Seat 2: _SKR (400)
Seat 3: Bert 71 (500)
*** ANTE/BLINDS ***
_SKR posts small blind 20
Bert 71 posts big blind 40
Dealt to _SKR [Ks 4d]
*** PRE-FLOP *** 
_SKR calls 20
Bert 71 checks
*** FLOP *** [2s Qc 4c]
Bert 71 checks
_SKR bets 40
Bert 71 calls 40
*** TURN *** [2s Qc 4c][7d]
Bert 71 checks
_SKR checks
*** RIVER *** [2s Qc 4c 7d][Qh]
Bert 71 checks
_SKR checks
*** SHOW DOWN ***
Bert 71 shows [As 9c] (One pair : Queens)
_SKR shows [Ks 4d] (Two pairs : Queens and 4)
_SKR collected 160 from pot
*** SUMMARY ***
Total pot 160 | No rake
Board: [2s Qc 4c 7d Qh]
Seat 2: _SKR (small blind) (button) showed [Ks 4d] and won 160 with Two pairs : Queens and 4
Seat 3: Bert 71 (big blind) showed [As 9c] and lost with One pair : Queens


Winamax Poker - Tournament "Expresso Nitro" buyIn: 0.93€ + 0.07€ level: 4 - HandId: #2718675446093840385-8-1676295052 - Holdem no limit (30/60) - 2023/02/13 13:30:52 UTC
Table: 'Expresso Nitro(632990954)#0' 3-max (real money) Seat #3 is the button
Seat 2: _SKR (480)
Seat 3: Bert 71 (420)
*** ANTE/BLINDS ***
Bert 71 posts small blind 30
_SKR posts big blind 60
Dealt to _SKR [Ah 8d]
*** PRE-FLOP *** 
Bert 71 calls 30
_SKR raises 420 to 480 and is all-in
Bert 71 calls 360 and is all-in
*** FLOP *** [3c 5d Qs]
*** TURN *** [3c 5d Qs][7s]
*** RIVER *** [3c 5d Qs 7s][Tc]
*** SHOW DOWN ***
_SKR shows [Ah 8d] (High card : Ace)
Bert 71 shows [9h Td] (One pair : Tens)
Bert 71 collected 840 from main pot
_SKR collected 60 from side pot 1
*** SUMMARY ***
Total pot 900 | No rake
Board: [3c 5d Qs 7s Tc]
Seat 2: _SKR (big blind) showed [Ah 8d] and won 60 with High card : Ace
Seat 3: Bert 71 (small blind) (button) showed [9h Td] and won 840 with One pair : Tens


Winamax Poker - Tournament "Expresso Nitro" buyIn: 0.93€ + 0.07€ level: 4 - HandId: #2718675446093840385-9-1676295072 - Holdem no limit (30/60) - 2023/02/13 13:31:12 UTC
Table: 'Expresso Nitro(632990954)#0' 3-max (real money) Seat #2 is the button
Seat 2: _SKR (60)
Seat 3: Bert 71 (840)
*** ANTE/BLINDS ***
_SKR posts small blind 30
Bert 71 posts big blind 60
Dealt to _SKR [Kd Jc]
*** PRE-FLOP *** 
_SKR calls 30 and is all-in
*** FLOP *** [Th 5h 7c]
*** TURN *** [Th 5h 7c][3d]
*** RIVER *** [Th 5h 7c 3d][Qs]
*** SHOW DOWN ***
Bert 71 shows [2c Js] (High card : Queen)
_SKR shows [Kd Jc] (High card : King)
_SKR collected 120 from pot
*** SUMMARY ***
Total pot 120 | No rake
Board: [Th 5h 7c 3d Qs]
Seat 2: _SKR (small blind) (button) showed [Kd Jc] and won 120 with High card : King
Seat 3: Bert 71 (big blind) showed [2c Js] and lost with High card : Queen


Winamax Poker - Tournament "Expresso Nitro" buyIn: 0.93€ + 0.07€ level: 4 - HandId: #2718675446093840385-10-1676295084 - Holdem no limit (30/60) - 2023/02/13 13:31:24 UTC
Table: 'Expresso Nitro(632990954)#0' 3-max (real money) Seat #3 is the button
Seat 2: _SKR (120)
Seat 3: Bert 71 (780)
*** ANTE/BLINDS ***
Bert 71 posts small blind 30
_SKR posts big blind 60
Dealt to _SKR [3d Ah]
*** PRE-FLOP *** 
Bert 71 calls 30
_SKR raises 60 to 120 and is all-in
Bert 71 calls 60
*** FLOP *** [Ks 7s 3c]
*** TURN *** [Ks 7s 3c][Jd]
*** RIVER *** [Ks 7s 3c Jd][4h]
*** SHOW DOWN ***
_SKR shows [3d Ah] (One pair : 3)
Bert 71 shows [4s Td] (One pair : 4)
Bert 71 collected 240 from pot
*** SUMMARY ***
Total pot 240 | No rake
Board: [Ks 7s 3c Jd 4h]
Seat 2: _SKR (big blind) showed [3d Ah] and lost with One pair : 3
Seat 3: Bert 71 (small blind) (button) showed [4s Td] and won 240 with One pair : 4


