Winamax Poker - Tournament "Expresso Nitro" buyIn: 0.93€ + 0.07€ level: 1 - HandId: #2729172874446241793-1-1676904310 - Holdem no limit (10/20) - 2023/02/20 14:45:10 UTC
Table: 'Expresso Nitro(635435077)#0' 3-max (real money) Seat #3 is the button
Seat 1: Allan57100 (300)
Seat 2: _SKR (300)
Seat 3: GF_Matador18 (300)
*** ANTE/BLINDS ***
Allan57100 posts small blind 10
_SKR posts big blind 20
Dealt to _SKR [5h Td]
*** PRE-FLOP *** 
GF_Matador18 folds
Allan57100 raises 280 to 300 and is all-in
_SKR folds
Allan57100 collected 320 from pot
*** SUMMARY ***
Total pot 320 | No rake
Seat 1: Allan57100 (small blind) won 320


Winamax Poker - Tournament "Expresso Nitro" buyIn: 0.93€ + 0.07€ level: 1 - HandId: #2729172874446241793-2-1676904320 - Holdem no limit (10/20) - 2023/02/20 14:45:20 UTC
Table: 'Expresso Nitro(635435077)#0' 3-max (real money) Seat #1 is the button
Seat 1: Allan57100 (320)
Seat 2: _SKR (280)
Seat 3: GF_Matador18 (300)
*** ANTE/BLINDS ***
_SKR posts small blind 10
GF_Matador18 posts big blind 20
Dealt to _SKR [5d 4s]
*** PRE-FLOP *** 
Allan57100 raises 300 to 320 and is all-in
_SKR folds
GF_Matador18 folds
Allan57100 collected 350 from pot
*** SUMMARY ***
Total pot 350 | No rake
Seat 1: Allan57100 (button) won 350


Winamax Poker - Tournament "Expresso Nitro" buyIn: 0.93€ + 0.07€ level: 1 - HandId: #2729172874446241793-3-1676904336 - Holdem no limit (10/20) - 2023/02/20 14:45:36 UTC
Table: 'Expresso Nitro(635435077)#0' 3-max (real money) Seat #2 is the button
Seat 1: Allan57100 (350)
Seat 2: _SKR (270)
Seat 3: GF_Matador18 (280)
*** ANTE/BLINDS ***
GF_Matador18 posts small blind 10
Allan57100 posts big blind 20
Dealt to _SKR [5h 5d]
*** PRE-FLOP *** 
_SKR raises 250 to 270 and is all-in
GF_Matador18 folds
Allan57100 folds
_SKR collected 300 from pot
*** SUMMARY ***
Total pot 300 | No rake
Seat 2: _SKR (button) won 300


Winamax Poker - Tournament "Expresso Nitro" buyIn: 0.93€ + 0.07€ level: 1 - HandId: #2729172874446241793-4-1676904343 - Holdem no limit (10/20) - 2023/02/20 14:45:43 UTC
Table: 'Expresso Nitro(635435077)#0' 3-max (real money) Seat #3 is the button
Seat 1: Allan57100 (330)
Seat 2: _SKR (300)
Seat 3: GF_Matador18 (270)
*** ANTE/BLINDS ***
Allan57100 posts small blind 10
_SKR posts big blind 20
Dealt to _SKR [Qh Ah]
*** PRE-FLOP *** 
GF_Matador18 calls 20
Allan57100 calls 10
_SKR raises 280 to 300 and is all-in
GF_Matador18 folds
Allan57100 folds
_SKR collected 340 from pot
*** SUMMARY ***
Total pot 340 | No rake
Seat 2: _SKR (big blind) won 340


Winamax Poker - Tournament "Expresso Nitro" buyIn: 0.93€ + 0.07€ level: 1 - HandId: #2729172874446241793-5-1676904352 - Holdem no limit (10/20) - 2023/02/20 14:45:52 UTC
Table: 'Expresso Nitro(635435077)#0' 3-max (real money) Seat #1 is the button
Seat 1: Allan57100 (310)
Seat 2: _SKR (340)
Seat 3: GF_Matador18 (250)
*** ANTE/BLINDS ***
_SKR posts small blind 10
GF_Matador18 posts big blind 20
Dealt to _SKR [Tc 3c]
*** PRE-FLOP *** 
Allan57100 raises 290 to 310 and is all-in
_SKR folds
GF_Matador18 folds
Allan57100 collected 340 from pot
*** SUMMARY ***
Total pot 340 | No rake
Seat 1: Allan57100 (button) won 340


Winamax Poker - Tournament "Expresso Nitro" buyIn: 0.93€ + 0.07€ level: 2 - HandId: #2729172874446241793-6-1676904365 - Holdem no limit (15/30) - 2023/02/20 14:46:05 UTC
Table: 'Expresso Nitro(635435077)#0' 3-max (real money) Seat #2 is the button
Seat 1: Allan57100 (340)
Seat 2: _SKR (330)
Seat 3: GF_Matador18 (230)
*** ANTE/BLINDS ***
GF_Matador18 posts small blind 15
Allan57100 posts big blind 30
Dealt to _SKR [3h 6d]
*** PRE-FLOP *** 
_SKR folds
GF_Matador18 calls 15
Allan57100 checks
*** FLOP *** [6h 8h 2d]
GF_Matador18 checks
Allan57100 bets 30
GF_Matador18 calls 30
*** TURN *** [6h 8h 2d][Qs]
GF_Matador18 bets 170 and is all-in
Allan57100 folds
GF_Matador18 collected 290 from pot
*** SUMMARY ***
Total pot 290 | No rake
Board: [6h 8h 2d Qs]
Seat 3: GF_Matador18 (small blind) won 290


Winamax Poker - Tournament "Expresso Nitro" buyIn: 0.93€ + 0.07€ level: 2 - HandId: #2729172874446241793-7-1676904380 - Holdem no limit (15/30) - 2023/02/20 14:46:20 UTC
Table: 'Expresso Nitro(635435077)#0' 3-max (real money) Seat #3 is the button
Seat 1: Allan57100 (280)
Seat 2: _SKR (330)
Seat 3: GF_Matador18 (290)
*** ANTE/BLINDS ***
Allan57100 posts small blind 15
_SKR posts big blind 30
Dealt to _SKR [4s 8s]
*** PRE-FLOP *** 
GF_Matador18 folds
Allan57100 calls 15
_SKR checks
*** FLOP *** [Qc 3d 7h]
Allan57100 bets 250 and is all-in
_SKR folds
Allan57100 collected 310 from pot
*** SUMMARY ***
Total pot 310 | No rake
Board: [Qc 3d 7h]
Seat 1: Allan57100 (small blind) won 310


Winamax Poker - Tournament "Expresso Nitro" buyIn: 0.93€ + 0.07€ level: 2 - HandId: #2729172874446241793-8-1676904393 - Holdem no limit (15/30) - 2023/02/20 14:46:33 UTC
Table: 'Expresso Nitro(635435077)#0' 3-max (real money) Seat #1 is the button
Seat 1: Allan57100 (310)
Seat 2: _SKR (300)
Seat 3: GF_Matador18 (290)
*** ANTE/BLINDS ***
_SKR posts small blind 15
GF_Matador18 posts big blind 30
Dealt to _SKR [2h 5c]
*** PRE-FLOP *** 
Allan57100 raises 280 to 310 and is all-in
_SKR folds
GF_Matador18 folds
Allan57100 collected 355 from pot
*** SUMMARY ***
Total pot 355 | No rake
Seat 1: Allan57100 (button) won 355


Winamax Poker - Tournament "Expresso Nitro" buyIn: 0.93€ + 0.07€ level: 2 - HandId: #2729172874446241793-9-1676904404 - Holdem no limit (15/30) - 2023/02/20 14:46:44 UTC
Table: 'Expresso Nitro(635435077)#0' 3-max (real money) Seat #2 is the button
Seat 1: Allan57100 (355)
Seat 2: _SKR (285)
Seat 3: GF_Matador18 (260)
*** ANTE/BLINDS ***
GF_Matador18 posts small blind 15
Allan57100 posts big blind 30
Dealt to _SKR [9d 2h]
*** PRE-FLOP *** 
_SKR folds
GF_Matador18 calls 15
Allan57100 raises 60 to 90
GF_Matador18 folds
Allan57100 collected 120 from pot
*** SUMMARY ***
Total pot 120 | No rake
Seat 1: Allan57100 (big blind) won 120


Winamax Poker - Tournament "Expresso Nitro" buyIn: 0.93€ + 0.07€ level: 2 - HandId: #2729172874446241793-10-1676904419 - Holdem no limit (15/30) - 2023/02/20 14:46:59 UTC
Table: 'Expresso Nitro(635435077)#0' 3-max (real money) Seat #3 is the button
Seat 1: Allan57100 (385)
Seat 2: _SKR (285)
Seat 3: GF_Matador18 (230)
*** ANTE/BLINDS ***
Allan57100 posts small blind 15
_SKR posts big blind 30
Dealt to _SKR [2c Qs]
*** PRE-FLOP *** 
GF_Matador18 folds
Allan57100 folds
_SKR collected 45 from pot
*** SUMMARY ***
Total pot 45 | No rake
Seat 2: _SKR (big blind) won 45


Winamax Poker - Tournament "Expresso Nitro" buyIn: 0.93€ + 0.07€ level: 2 - HandId: #2729172874446241793-11-1676904423 - Holdem no limit (15/30) - 2023/02/20 14:47:03 UTC
Table: 'Expresso Nitro(635435077)#0' 3-max (real money) Seat #1 is the button
Seat 1: Allan57100 (370)
Seat 2: _SKR (300)
Seat 3: GF_Matador18 (230)
*** ANTE/BLINDS ***
_SKR posts small blind 15
GF_Matador18 posts big blind 30
Dealt to _SKR [8h 6d]
*** PRE-FLOP *** 
Allan57100 folds
_SKR folds
GF_Matador18 collected 45 from pot
*** SUMMARY ***
Total pot 45 | No rake
Seat 3: GF_Matador18 (big blind) won 45


Winamax Poker - Tournament "Expresso Nitro" buyIn: 0.93€ + 0.07€ level: 3 - HandId: #2729172874446241793-12-1676904428 - Holdem no limit (20/40) - 2023/02/20 14:47:08 UTC
Table: 'Expresso Nitro(635435077)#0' 3-max (real money) Seat #2 is the button
Seat 1: Allan57100 (370)
Seat 2: _SKR (285)
Seat 3: GF_Matador18 (245)
*** ANTE/BLINDS ***
GF_Matador18 posts small blind 20
Allan57100 posts big blind 40
Dealt to _SKR [Qd 2h]
*** PRE-FLOP *** 
_SKR folds
GF_Matador18 folds
Allan57100 collected 60 from pot
*** SUMMARY ***
Total pot 60 | No rake
Seat 1: Allan57100 (big blind) won 60


Winamax Poker - Tournament "Expresso Nitro" buyIn: 0.93€ + 0.07€ level: 3 - HandId: #2729172874446241793-13-1676904441 - Holdem no limit (20/40) - 2023/02/20 14:47:21 UTC
Table: 'Expresso Nitro(635435077)#0' 3-max (real money) Seat #3 is the button
Seat 1: Allan57100 (390)
Seat 2: _SKR (285)
Seat 3: GF_Matador18 (225)
*** ANTE/BLINDS ***
Allan57100 posts small blind 20
_SKR posts big blind 40
Dealt to _SKR [Js 5s]
*** PRE-FLOP *** 
GF_Matador18 calls 40
Allan57100 calls 20
_SKR raises 245 to 285 and is all-in
GF_Matador18 calls 185 and is all-in
Allan57100 folds
*** FLOP *** [Kh Qd As]
*** TURN *** [Kh Qd As][Qh]
*** RIVER *** [Kh Qd As Qh][9s]
*** SHOW DOWN ***
_SKR shows [Js 5s] (One pair : Queens)
GF_Matador18 shows [Qs Jd] (Trips of Queens)
GF_Matador18 collected 490 from main pot
_SKR collected 60 from side pot 1
*** SUMMARY ***
Total pot 550 | No rake
Board: [Kh Qd As Qh 9s]
Seat 2: _SKR (big blind) showed [Js 5s] and won 60 with One pair : Queens
Seat 3: GF_Matador18 (button) showed [Qs Jd] and won 490 with Trips of Queens


Winamax Poker - Tournament "Expresso Nitro" buyIn: 0.93€ + 0.07€ level: 3 - HandId: #2729172874446241793-14-1676904458 - Holdem no limit (20/40) - 2023/02/20 14:47:38 UTC
Table: 'Expresso Nitro(635435077)#0' 3-max (real money) Seat #1 is the button
Seat 1: Allan57100 (350)
Seat 2: _SKR (60)
Seat 3: GF_Matador18 (490)
*** ANTE/BLINDS ***
_SKR posts small blind 20
GF_Matador18 posts big blind 40
Dealt to _SKR [6c 9d]
*** PRE-FLOP *** 
Allan57100 folds
_SKR raises 20 to 60 and is all-in
GF_Matador18 calls 20
*** FLOP *** [8d Ts Qd]
*** TURN *** [8d Ts Qd][Qs]
*** RIVER *** [8d Ts Qd Qs][Js]
*** SHOW DOWN ***
_SKR shows [6c 9d] (Straight Queen high)
GF_Matador18 shows [9h 5h] (Straight Queen high)
GF_Matador18 collected 60 from pot
_SKR collected 60 from pot
*** SUMMARY ***
Total pot 120 | No rake
Board: [8d Ts Qd Qs Js]
Seat 2: _SKR (small blind) showed [6c 9d] and won 60 with Straight Queen high
Seat 3: GF_Matador18 (big blind) showed [9h 5h] and won 60 with Straight Queen high


Winamax Poker - Tournament "Expresso Nitro" buyIn: 0.93€ + 0.07€ level: 3 - HandId: #2729172874446241793-15-1676904471 - Holdem no limit (20/40) - 2023/02/20 14:47:51 UTC
Table: 'Expresso Nitro(635435077)#0' 3-max (real money) Seat #2 is the button
Seat 1: Allan57100 (350)
Seat 2: _SKR (60)
Seat 3: GF_Matador18 (490)
*** ANTE/BLINDS ***
GF_Matador18 posts small blind 20
Allan57100 posts big blind 40
Dealt to _SKR [6d Jh]
*** PRE-FLOP *** 
_SKR folds
GF_Matador18 calls 20
Allan57100 checks
*** FLOP *** [2d 2h Js]
GF_Matador18 checks
Allan57100 checks
*** TURN *** [2d 2h Js][8c]
GF_Matador18 checks
Allan57100 checks
*** RIVER *** [2d 2h Js 8c][Th]
GF_Matador18 bets 40
Allan57100 calls 40
*** SHOW DOWN ***
GF_Matador18 shows [4d 4h] (Two pairs : 4 and 2)
Allan57100 shows [6s Ts] (Two pairs : Tens and 2)
Allan57100 collected 160 from pot
*** SUMMARY ***
Total pot 160 | No rake
Board: [2d 2h Js 8c Th]
Seat 1: Allan57100 (big blind) showed [6s Ts] and won 160 with Two pairs : Tens and 2
Seat 3: GF_Matador18 (small blind) showed [4d 4h] and lost with Two pairs : 4 and 2


Winamax Poker - Tournament "Expresso Nitro" buyIn: 0.93€ + 0.07€ level: 4 - HandId: #2729172874446241793-16-1676904491 - Holdem no limit (30/60) - 2023/02/20 14:48:11 UTC
Table: 'Expresso Nitro(635435077)#0' 3-max (real money) Seat #3 is the button
Seat 1: Allan57100 (430)
Seat 2: _SKR (60)
Seat 3: GF_Matador18 (410)
*** ANTE/BLINDS ***
Allan57100 posts small blind 30
_SKR posts big blind 60 and is all-in
Dealt to _SKR [Kh Ah]
*** PRE-FLOP *** 
GF_Matador18 folds
Allan57100 calls 30
*** FLOP *** [Ts 6d 3d]
*** TURN *** [Ts 6d 3d][3s]
*** RIVER *** [Ts 6d 3d 3s][6c]
*** SHOW DOWN ***
_SKR shows [Kh Ah] (Two pairs : 6 and 3)
Allan57100 shows [Ks Tc] (Two pairs : Tens and 6)
Allan57100 collected 120 from pot
*** SUMMARY ***
Total pot 120 | No rake
Board: [Ts 6d 3d 3s 6c]
Seat 1: Allan57100 (small blind) showed [Ks Tc] and won 120 with Two pairs : Tens and 6
Seat 2: _SKR (big blind) showed [Kh Ah] and lost with Two pairs : 6 and 3


