Winamax Poker - Tournament "Expresso Nitro" buyIn: 0.93€ + 0.07€ level: 1 - HandId: #2730570555588608001-1-1676986188 - Holdem no limit (10/20) - 2023/02/21 13:29:48 UTC
Table: 'Expresso Nitro(635760500)#0' 3-max (real money) Seat #1 is the button
Seat 1: ChumaAs (300)
Seat 2: _SKR (300)
Seat 3: Broke.Au.Lit (300)
*** ANTE/BLINDS ***
_SKR posts small blind 10
Broke.Au.Lit posts big blind 20
Dealt to _SKR [Kd 9s]
*** PRE-FLOP *** 
ChumaAs folds
_SKR raises 20 to 40
Broke.Au.Lit calls 20
*** FLOP *** [6d 7c 7d]
_SKR checks
Broke.Au.Lit checks
*** TURN *** [6d 7c 7d][Qh]
_SKR checks
Broke.Au.Lit bets 52
_SKR folds
Broke.Au.Lit collected 132 from pot
*** SUMMARY ***
Total pot 132 | No rake
Board: [6d 7c 7d Qh]
Seat 3: Broke.Au.Lit (big blind) won 132


Winamax Poker - Tournament "Expresso Nitro" buyIn: 0.93€ + 0.07€ level: 1 - HandId: #2730570555588608001-2-1676986229 - Holdem no limit (10/20) - 2023/02/21 13:30:29 UTC
Table: 'Expresso Nitro(635760500)#0' 3-max (real money) Seat #2 is the button
Seat 1: ChumaAs (300)
Seat 2: _SKR (260)
Seat 3: Broke.Au.Lit (340)
*** ANTE/BLINDS ***
Broke.Au.Lit posts small blind 10
ChumaAs posts big blind 20
Dealt to _SKR [Jc 2h]
*** PRE-FLOP *** 
_SKR folds
Broke.Au.Lit folds
ChumaAs collected 30 from pot
*** SUMMARY ***
Total pot 30 | No rake
Seat 1: ChumaAs (big blind) won 30


Winamax Poker - Tournament "Expresso Nitro" buyIn: 0.93€ + 0.07€ level: 1 - HandId: #2730570555588608001-3-1676986237 - Holdem no limit (10/20) - 2023/02/21 13:30:37 UTC
Table: 'Expresso Nitro(635760500)#0' 3-max (real money) Seat #3 is the button
Seat 1: ChumaAs (310)
Seat 2: _SKR (260)
Seat 3: Broke.Au.Lit (330)
*** ANTE/BLINDS ***
ChumaAs posts small blind 10
_SKR posts big blind 20
Dealt to _SKR [3s 3c]
*** PRE-FLOP *** 
Broke.Au.Lit folds
ChumaAs folds
_SKR collected 30 from pot
*** SUMMARY ***
Total pot 30 | No rake
Seat 2: _SKR (big blind) won 30


Winamax Poker - Tournament "Expresso Nitro" buyIn: 0.93€ + 0.07€ level: 2 - HandId: #2730570555588608001-4-1676986246 - Holdem no limit (15/30) - 2023/02/21 13:30:46 UTC
Table: 'Expresso Nitro(635760500)#0' 3-max (real money) Seat #1 is the button
Seat 1: ChumaAs (300)
Seat 2: _SKR (270)
Seat 3: Broke.Au.Lit (330)
*** ANTE/BLINDS ***
_SKR posts small blind 15
Broke.Au.Lit posts big blind 30
Dealt to _SKR [8c Ts]
*** PRE-FLOP *** 
ChumaAs raises 30 to 60
_SKR folds
Broke.Au.Lit calls 30
*** FLOP *** [Jd 3h 4h]
Broke.Au.Lit checks
ChumaAs bets 88
Broke.Au.Lit folds
ChumaAs collected 223 from pot
*** SUMMARY ***
Total pot 223 | No rake
Board: [Jd 3h 4h]
Seat 1: ChumaAs (button) won 223


Winamax Poker - Tournament "Expresso Nitro" buyIn: 0.93€ + 0.07€ level: 2 - HandId: #2730570555588608001-5-1676986287 - Holdem no limit (15/30) - 2023/02/21 13:31:27 UTC
Table: 'Expresso Nitro(635760500)#0' 3-max (real money) Seat #2 is the button
Seat 1: ChumaAs (375)
Seat 2: _SKR (255)
Seat 3: Broke.Au.Lit (270)
*** ANTE/BLINDS ***
Broke.Au.Lit posts small blind 15
ChumaAs posts big blind 30
Dealt to _SKR [Ah Qh]
*** PRE-FLOP *** 
_SKR raises 225 to 255 and is all-in
Broke.Au.Lit folds
ChumaAs folds
_SKR collected 300 from pot
*** SUMMARY ***
Total pot 300 | No rake
Seat 2: _SKR (button) won 300


Winamax Poker - Tournament "Expresso Nitro" buyIn: 0.93€ + 0.07€ level: 2 - HandId: #2730570555588608001-6-1676986295 - Holdem no limit (15/30) - 2023/02/21 13:31:35 UTC
Table: 'Expresso Nitro(635760500)#0' 3-max (real money) Seat #3 is the button
Seat 1: ChumaAs (345)
Seat 2: _SKR (300)
Seat 3: Broke.Au.Lit (255)
*** ANTE/BLINDS ***
ChumaAs posts small blind 15
_SKR posts big blind 30
Dealt to _SKR [Ts Jc]
*** PRE-FLOP *** 
Broke.Au.Lit folds
ChumaAs raises 30 to 60
_SKR calls 30
*** FLOP *** [8h 5d 7d]
ChumaAs bets 42
_SKR folds
ChumaAs collected 162 from pot
*** SUMMARY ***
Total pot 162 | No rake
Board: [8h 5d 7d]
Seat 1: ChumaAs (small blind) won 162


Winamax Poker - Tournament "Expresso Nitro" buyIn: 0.93€ + 0.07€ level: 3 - HandId: #2730570555588608001-7-1676986318 - Holdem no limit (20/40) - 2023/02/21 13:31:58 UTC
Table: 'Expresso Nitro(635760500)#0' 3-max (real money) Seat #1 is the button
Seat 1: ChumaAs (405)
Seat 2: _SKR (240)
Seat 3: Broke.Au.Lit (255)
*** ANTE/BLINDS ***
_SKR posts small blind 20
Broke.Au.Lit posts big blind 40
Dealt to _SKR [5h 6h]
*** PRE-FLOP *** 
ChumaAs raises 40 to 80
_SKR folds
Broke.Au.Lit raises 175 to 255 and is all-in
ChumaAs calls 175
*** FLOP *** [Td Ts Ad]
*** TURN *** [Td Ts Ad][Qh]
*** RIVER *** [Td Ts Ad Qh][Js]
*** SHOW DOWN ***
Broke.Au.Lit shows [Ah 9s] (Two pairs : Aces and Tens)
ChumaAs shows [Ac Kd] (Straight Ace high)
ChumaAs collected 530 from pot
*** SUMMARY ***
Total pot 530 | No rake
Board: [Td Ts Ad Qh Js]
Seat 1: ChumaAs (button) showed [Ac Kd] and won 530 with Straight Ace high
Seat 3: Broke.Au.Lit (big blind) showed [Ah 9s] and lost with Two pairs : Aces and Tens


Winamax Poker - Tournament "Expresso Nitro" buyIn: 0.93€ + 0.07€ level: 3 - HandId: #2730570555588608001-8-1676986337 - Holdem no limit (20/40) - 2023/02/21 13:32:17 UTC
Table: 'Expresso Nitro(635760500)#0' 3-max (real money) Seat #1 is the button
Seat 1: ChumaAs (680)
Seat 2: _SKR (220)
*** ANTE/BLINDS ***
ChumaAs posts small blind 20
_SKR posts big blind 40
Dealt to _SKR [4s Qd]
*** PRE-FLOP *** 
ChumaAs calls 20
_SKR raises 180 to 220 and is all-in
ChumaAs folds
_SKR collected 260 from pot
*** SUMMARY ***
Total pot 260 | No rake
Seat 2: _SKR (big blind) won 260


Winamax Poker - Tournament "Expresso Nitro" buyIn: 0.93€ + 0.07€ level: 3 - HandId: #2730570555588608001-9-1676986349 - Holdem no limit (20/40) - 2023/02/21 13:32:29 UTC
Table: 'Expresso Nitro(635760500)#0' 3-max (real money) Seat #2 is the button
Seat 1: ChumaAs (640)
Seat 2: _SKR (260)
*** ANTE/BLINDS ***
_SKR posts small blind 20
ChumaAs posts big blind 40
Dealt to _SKR [9c 2s]
*** PRE-FLOP *** 
_SKR folds
ChumaAs collected 60 from pot
*** SUMMARY ***
Total pot 60 | No rake
Seat 1: ChumaAs (big blind) won 60


Winamax Poker - Tournament "Expresso Nitro" buyIn: 0.93€ + 0.07€ level: 3 - HandId: #2730570555588608001-10-1676986355 - Holdem no limit (20/40) - 2023/02/21 13:32:35 UTC
Table: 'Expresso Nitro(635760500)#0' 3-max (real money) Seat #1 is the button
Seat 1: ChumaAs (660)
Seat 2: _SKR (240)
*** ANTE/BLINDS ***
ChumaAs posts small blind 20
_SKR posts big blind 40
Dealt to _SKR [9s 7h]
*** PRE-FLOP *** 
ChumaAs raises 40 to 80
_SKR folds
ChumaAs collected 120 from pot
*** SUMMARY ***
Total pot 120 | No rake
Seat 1: ChumaAs (small blind) (button) won 120


Winamax Poker - Tournament "Expresso Nitro" buyIn: 0.93€ + 0.07€ level: 3 - HandId: #2730570555588608001-11-1676986363 - Holdem no limit (20/40) - 2023/02/21 13:32:43 UTC
Table: 'Expresso Nitro(635760500)#0' 3-max (real money) Seat #2 is the button
Seat 1: ChumaAs (700)
Seat 2: _SKR (200)
*** ANTE/BLINDS ***
_SKR posts small blind 20
ChumaAs posts big blind 40
Dealt to _SKR [8h Qd]
*** PRE-FLOP *** 
_SKR raises 160 to 200 and is all-in
ChumaAs folds
_SKR collected 240 from pot
*** SUMMARY ***
Total pot 240 | No rake
Seat 2: _SKR (small blind) (button) won 240


Winamax Poker - Tournament "Expresso Nitro" buyIn: 0.93€ + 0.07€ level: 4 - HandId: #2730570555588608001-12-1676986370 - Holdem no limit (30/60) - 2023/02/21 13:32:50 UTC
Table: 'Expresso Nitro(635760500)#0' 3-max (real money) Seat #1 is the button
Seat 1: ChumaAs (660)
Seat 2: _SKR (240)
*** ANTE/BLINDS ***
ChumaAs posts small blind 30
_SKR posts big blind 60
Dealt to _SKR [Qh 3h]
*** PRE-FLOP *** 
ChumaAs calls 30
_SKR raises 180 to 240 and is all-in
ChumaAs calls 180
*** FLOP *** [7d 7c Jd]
*** TURN *** [7d 7c Jd][9c]
*** RIVER *** [7d 7c Jd 9c][Th]
*** SHOW DOWN ***
_SKR shows [Qh 3h] (One pair : 7)
ChumaAs shows [8c Ts] (Straight Jack high)
ChumaAs collected 480 from pot
*** SUMMARY ***
Total pot 480 | No rake
Board: [7d 7c Jd 9c Th]
Seat 1: ChumaAs (small blind) (button) showed [8c Ts] and won 480 with Straight Jack high
Seat 2: _SKR (big blind) showed [Qh 3h] and lost with One pair : 7


