Winamax Poker - Tournament "Expresso Nitro" buyIn: 1.86€ + 0.14€ level: 1 - HandId: #2698245819970093057-1-1675187207 - Holdem no limit (10/20) - 2023/01/31 17:46:47 UTC
Table: 'Expresso Nitro(628234311)#0' 3-max (real money) Seat #3 is the button
Seat 1: Raziel02 (300)
Seat 2: _SKR (300)
Seat 3: WinaWeeddinG (300)
*** ANTE/BLINDS ***
Raziel02 posts small blind 10
_SKR posts big blind 20
Dealt to _SKR [7s Qc]
*** PRE-FLOP *** 
WinaWeeddinG folds
Raziel02 raises 280 to 300 and is all-in
_SKR folds
Raziel02 collected 320 from pot
*** SUMMARY ***
Total pot 320 | No rake
Seat 1: Raziel02 (small blind) won 320


Winamax Poker - Tournament "Expresso Nitro" buyIn: 1.86€ + 0.14€ level: 1 - HandId: #2698245819970093057-2-1675187236 - Holdem no limit (10/20) - 2023/01/31 17:47:16 UTC
Table: 'Expresso Nitro(628234311)#0' 3-max (real money) Seat #1 is the button
Seat 1: Raziel02 (320)
Seat 2: _SKR (280)
Seat 3: WinaWeeddinG (300)
*** ANTE/BLINDS ***
_SKR posts small blind 10
WinaWeeddinG posts big blind 20
Dealt to _SKR [Js Td]
*** PRE-FLOP *** 
Raziel02 raises 300 to 320 and is all-in
_SKR folds
WinaWeeddinG folds
Raziel02 collected 350 from pot
*** SUMMARY ***
Total pot 350 | No rake
Seat 1: Raziel02 (button) won 350


Winamax Poker - Tournament "Expresso Nitro" buyIn: 1.86€ + 0.14€ level: 1 - HandId: #2698245819970093057-3-1675187245 - Holdem no limit (10/20) - 2023/01/31 17:47:25 UTC
Table: 'Expresso Nitro(628234311)#0' 3-max (real money) Seat #2 is the button
Seat 1: Raziel02 (350)
Seat 2: _SKR (270)
Seat 3: WinaWeeddinG (280)
*** ANTE/BLINDS ***
WinaWeeddinG posts small blind 10
Raziel02 posts big blind 20
Dealt to _SKR [Ts 9d]
*** PRE-FLOP *** 
_SKR folds
WinaWeeddinG raises 22 to 42
Raziel02 folds
WinaWeeddinG collected 62 from pot
*** SUMMARY ***
Total pot 62 | No rake
Seat 3: WinaWeeddinG (small blind) won 62


Winamax Poker - Tournament "Expresso Nitro" buyIn: 1.86€ + 0.14€ level: 1 - HandId: #2698245819970093057-4-1675187252 - Holdem no limit (10/20) - 2023/01/31 17:47:32 UTC
Table: 'Expresso Nitro(628234311)#0' 3-max (real money) Seat #3 is the button
Seat 1: Raziel02 (330)
Seat 2: _SKR (270)
Seat 3: WinaWeeddinG (300)
*** ANTE/BLINDS ***
Raziel02 posts small blind 10
_SKR posts big blind 20
Dealt to _SKR [7h 4s]
*** PRE-FLOP *** 
WinaWeeddinG folds
Raziel02 calls 10
_SKR checks
*** FLOP *** [Qc 4c 8d]
Raziel02 bets 310 and is all-in
_SKR folds
Raziel02 collected 350 from pot
*** SUMMARY ***
Total pot 350 | No rake
Board: [Qc 4c 8d]
Seat 1: Raziel02 (small blind) won 350


Winamax Poker - Tournament "Expresso Nitro" buyIn: 1.86€ + 0.14€ level: 2 - HandId: #2698245819970093057-5-1675187272 - Holdem no limit (15/30) - 2023/01/31 17:47:52 UTC
Table: 'Expresso Nitro(628234311)#0' 3-max (real money) Seat #1 is the button
Seat 1: Raziel02 (350)
Seat 2: _SKR (250)
Seat 3: WinaWeeddinG (300)
*** ANTE/BLINDS ***
_SKR posts small blind 15
WinaWeeddinG posts big blind 30
Dealt to _SKR [Kc 8d]
*** PRE-FLOP *** 
Raziel02 calls 30
_SKR raises 220 to 250 and is all-in
WinaWeeddinG folds
Raziel02 folds
_SKR collected 310 from pot
*** SUMMARY ***
Total pot 310 | No rake
Seat 2: _SKR (small blind) won 310


Winamax Poker - Tournament "Expresso Nitro" buyIn: 1.86€ + 0.14€ level: 2 - HandId: #2698245819970093057-6-1675187290 - Holdem no limit (15/30) - 2023/01/31 17:48:10 UTC
Table: 'Expresso Nitro(628234311)#0' 3-max (real money) Seat #2 is the button
Seat 1: Raziel02 (320)
Seat 2: _SKR (310)
Seat 3: WinaWeeddinG (270)
*** ANTE/BLINDS ***
WinaWeeddinG posts small blind 15
Raziel02 posts big blind 30
Dealt to _SKR [5s 7c]
*** PRE-FLOP *** 
_SKR folds
WinaWeeddinG folds
Raziel02 collected 45 from pot
*** SUMMARY ***
Total pot 45 | No rake
Seat 1: Raziel02 (big blind) won 45


Winamax Poker - Tournament "Expresso Nitro" buyIn: 1.86€ + 0.14€ level: 2 - HandId: #2698245819970093057-7-1675187297 - Holdem no limit (15/30) - 2023/01/31 17:48:17 UTC
Table: 'Expresso Nitro(628234311)#0' 3-max (real money) Seat #3 is the button
Seat 1: Raziel02 (335)
Seat 2: _SKR (310)
Seat 3: WinaWeeddinG (255)
*** ANTE/BLINDS ***
Raziel02 posts small blind 15
_SKR posts big blind 30
Dealt to _SKR [Jc Js]
*** PRE-FLOP *** 
WinaWeeddinG raises 33 to 63
Raziel02 calls 48
_SKR raises 247 to 310 and is all-in
WinaWeeddinG calls 192 and is all-in
Raziel02 folds
*** FLOP *** [2d 8c 3d]
*** TURN *** [2d 8c 3d][9s]
*** RIVER *** [2d 8c 3d 9s][6d]
*** SHOW DOWN ***
WinaWeeddinG shows [Ac 5d] (High card : Ace)
_SKR shows [Jc Js] (One pair : Jacks)
_SKR collected 628 from pot
*** SUMMARY ***
Total pot 628 | No rake
Board: [2d 8c 3d 9s 6d]
Seat 2: _SKR (big blind) showed [Jc Js] and won 628 with One pair : Jacks
Seat 3: WinaWeeddinG (button) showed [Ac 5d] and lost with High card : Ace


Winamax Poker - Tournament "Expresso Nitro" buyIn: 1.86€ + 0.14€ level: 3 - HandId: #2698245819970093057-8-1675187336 - Holdem no limit (20/40) - 2023/01/31 17:48:56 UTC
Table: 'Expresso Nitro(628234311)#0' 3-max (real money) Seat #2 is the button
Seat 1: Raziel02 (272)
Seat 2: _SKR (628)
*** ANTE/BLINDS ***
_SKR posts small blind 20
Raziel02 posts big blind 40
Dealt to _SKR [Ts 3s]
*** PRE-FLOP *** 
_SKR folds
Raziel02 collected 60 from pot
*** SUMMARY ***
Total pot 60 | No rake
Seat 1: Raziel02 (big blind) won 60


Winamax Poker - Tournament "Expresso Nitro" buyIn: 1.86€ + 0.14€ level: 3 - HandId: #2698245819970093057-9-1675187344 - Holdem no limit (20/40) - 2023/01/31 17:49:04 UTC
Table: 'Expresso Nitro(628234311)#0' 3-max (real money) Seat #1 is the button
Seat 1: Raziel02 (292)
Seat 2: _SKR (608)
*** ANTE/BLINDS ***
Raziel02 posts small blind 20
_SKR posts big blind 40
Dealt to _SKR [Ac Td]
*** PRE-FLOP *** 
Raziel02 calls 20
_SKR raises 568 to 608 and is all-in
Raziel02 calls 252 and is all-in
*** FLOP *** [7s 4d Kc]
*** TURN *** [7s 4d Kc][5c]
*** RIVER *** [7s 4d Kc 5c][Ks]
*** SHOW DOWN ***
Raziel02 shows [9d Kh] (Trips of Kings)
_SKR shows [Ac Td] (One pair : Kings)
_SKR collected 316 from side pot 1
Raziel02 collected 584 from main pot
*** SUMMARY ***
Total pot 900 | No rake
Board: [7s 4d Kc 5c Ks]
Seat 1: Raziel02 (small blind) (button) showed [9d Kh] and won 584 with Trips of Kings
Seat 2: _SKR (big blind) showed [Ac Td] and won 316 with One pair : Kings


Winamax Poker - Tournament "Expresso Nitro" buyIn: 1.86€ + 0.14€ level: 3 - HandId: #2698245819970093057-10-1675187365 - Holdem no limit (20/40) - 2023/01/31 17:49:25 UTC
Table: 'Expresso Nitro(628234311)#0' 3-max (real money) Seat #2 is the button
Seat 1: Raziel02 (584)
Seat 2: _SKR (316)
*** ANTE/BLINDS ***
_SKR posts small blind 20
Raziel02 posts big blind 40
Dealt to _SKR [9s 5h]
*** PRE-FLOP *** 
_SKR folds
Raziel02 collected 60 from pot
*** SUMMARY ***
Total pot 60 | No rake
Seat 1: Raziel02 (big blind) won 60


Winamax Poker - Tournament "Expresso Nitro" buyIn: 1.86€ + 0.14€ level: 3 - HandId: #2698245819970093057-11-1675187369 - Holdem no limit (20/40) - 2023/01/31 17:49:29 UTC
Table: 'Expresso Nitro(628234311)#0' 3-max (real money) Seat #1 is the button
Seat 1: Raziel02 (604)
Seat 2: _SKR (296)
*** ANTE/BLINDS ***
Raziel02 posts small blind 20
_SKR posts big blind 40
Dealt to _SKR [Qd Kd]
*** PRE-FLOP *** 
Raziel02 folds
_SKR collected 60 from pot
*** SUMMARY ***
Total pot 60 | No rake
Seat 2: _SKR (big blind) won 60


Winamax Poker - Tournament "Expresso Nitro" buyIn: 1.86€ + 0.14€ level: 3 - HandId: #2698245819970093057-12-1675187373 - Holdem no limit (20/40) - 2023/01/31 17:49:33 UTC
Table: 'Expresso Nitro(628234311)#0' 3-max (real money) Seat #2 is the button
Seat 1: Raziel02 (584)
Seat 2: _SKR (316)
*** ANTE/BLINDS ***
_SKR posts small blind 20
Raziel02 posts big blind 40
Dealt to _SKR [Kh 9d]
*** PRE-FLOP *** 
_SKR raises 276 to 316 and is all-in
Raziel02 folds
_SKR collected 356 from pot
*** SUMMARY ***
Total pot 356 | No rake
Seat 2: _SKR (small blind) (button) won 356


Winamax Poker - Tournament "Expresso Nitro" buyIn: 1.86€ + 0.14€ level: 4 - HandId: #2698245819970093057-13-1675187383 - Holdem no limit (30/60) - 2023/01/31 17:49:43 UTC
Table: 'Expresso Nitro(628234311)#0' 3-max (real money) Seat #1 is the button
Seat 1: Raziel02 (544)
Seat 2: _SKR (356)
*** ANTE/BLINDS ***
Raziel02 posts small blind 30
_SKR posts big blind 60
Dealt to _SKR [Kc 5c]
*** PRE-FLOP *** 
Raziel02 folds
_SKR collected 90 from pot
*** SUMMARY ***
Total pot 90 | No rake
Seat 2: _SKR (big blind) won 90


Winamax Poker - Tournament "Expresso Nitro" buyIn: 1.86€ + 0.14€ level: 4 - HandId: #2698245819970093057-14-1675187387 - Holdem no limit (30/60) - 2023/01/31 17:49:47 UTC
Table: 'Expresso Nitro(628234311)#0' 3-max (real money) Seat #2 is the button
Seat 1: Raziel02 (514)
Seat 2: _SKR (386)
*** ANTE/BLINDS ***
_SKR posts small blind 30
Raziel02 posts big blind 60
Dealt to _SKR [2s 4h]
*** PRE-FLOP *** 
_SKR folds
Raziel02 collected 90 from pot
*** SUMMARY ***
Total pot 90 | No rake
Seat 1: Raziel02 (big blind) won 90


Winamax Poker - Tournament "Expresso Nitro" buyIn: 1.86€ + 0.14€ level: 4 - HandId: #2698245819970093057-15-1675187391 - Holdem no limit (30/60) - 2023/01/31 17:49:51 UTC
Table: 'Expresso Nitro(628234311)#0' 3-max (real money) Seat #1 is the button
Seat 1: Raziel02 (544)
Seat 2: _SKR (356)
*** ANTE/BLINDS ***
Raziel02 posts small blind 30
_SKR posts big blind 60
Dealt to _SKR [7d Ad]
*** PRE-FLOP *** 
Raziel02 raises 484 to 544 and is all-in
_SKR calls 296 and is all-in
*** FLOP *** [4c 9h Qh]
*** TURN *** [4c 9h Qh][5d]
*** RIVER *** [4c 9h Qh 5d][7c]
*** SHOW DOWN ***
Raziel02 shows [Kc Js] (High card : King)
_SKR shows [7d Ad] (One pair : 7)
_SKR collected 712 from main pot
Raziel02 collected 188 from side pot 1
*** SUMMARY ***
Total pot 900 | No rake
Board: [4c 9h Qh 5d 7c]
Seat 1: Raziel02 (small blind) (button) showed [Kc Js] and won 188 with High card : King
Seat 2: _SKR (big blind) showed [7d Ad] and won 712 with One pair : 7


Winamax Poker - Tournament "Expresso Nitro" buyIn: 1.86€ + 0.14€ level: 4 - HandId: #2698245819970093057-16-1675187402 - Holdem no limit (30/60) - 2023/01/31 17:50:02 UTC
Table: 'Expresso Nitro(628234311)#0' 3-max (real money) Seat #2 is the button
Seat 1: Raziel02 (188)
Seat 2: _SKR (712)
*** ANTE/BLINDS ***
_SKR posts small blind 30
Raziel02 posts big blind 60
Dealt to _SKR [7d Tc]
*** PRE-FLOP *** 
_SKR folds
Raziel02 collected 90 from pot
*** SUMMARY ***
Total pot 90 | No rake
Seat 1: Raziel02 (big blind) won 90


Winamax Poker - Tournament "Expresso Nitro" buyIn: 1.86€ + 0.14€ level: 4 - HandId: #2698245819970093057-17-1675187406 - Holdem no limit (30/60) - 2023/01/31 17:50:06 UTC
Table: 'Expresso Nitro(628234311)#0' 3-max (real money) Seat #1 is the button
Seat 1: Raziel02 (218)
Seat 2: _SKR (682)
*** ANTE/BLINDS ***
Raziel02 posts small blind 30
_SKR posts big blind 60
Dealt to _SKR [Ks 9s]
*** PRE-FLOP *** 
Raziel02 raises 158 to 218 and is all-in
_SKR calls 158
*** FLOP *** [7d 2s Tc]
*** TURN *** [7d 2s Tc][9c]
*** RIVER *** [7d 2s Tc 9c][As]
*** SHOW DOWN ***
Raziel02 shows [6s 5c] (High card : Ace)
_SKR shows [Ks 9s] (One pair : 9)
_SKR collected 436 from pot
*** SUMMARY ***
Total pot 436 | No rake
Board: [7d 2s Tc 9c As]
Seat 1: Raziel02 (small blind) (button) showed [6s 5c] and lost with High card : Ace
Seat 2: _SKR (big blind) showed [Ks 9s] and won 436 with One pair : 9


