Winamax Poker - Tournament "Expresso Nitro" buyIn: 0.93€ + 0.07€ level: 1 - HandId: #2717285414288228353-1-1676215716 - Holdem no limit (10/20) - 2023/02/12 15:28:36 UTC
Table: 'Expresso Nitro(632667312)#0' 3-max (real money) Seat #3 is the button
Seat 1: Negan77830 (300)
Seat 2: Ismettt (300)
Seat 3: _SKR (300)
*** ANTE/BLINDS ***
Negan77830 posts small blind 10
Ismettt posts big blind 20
Dealt to _SKR [5s Kc]
*** PRE-FLOP *** 
_SKR folds
Negan77830 calls 10
Ismettt checks
*** FLOP *** [3s 6c Ts]
Negan77830 checks
Ismettt bets 26
Negan77830 calls 26
*** TURN *** [3s 6c Ts][2c]
Negan77830 checks
Ismettt bets 32
Negan77830 calls 32
*** RIVER *** [3s 6c Ts 2c][7c]
Negan77830 bets 101
Ismettt calls 101
*** SHOW DOWN ***
Negan77830 shows [Ks Jd] (High card : King)
Ismettt shows [4h Tc] (One pair : Tens)
Ismettt collected 358 from pot
*** SUMMARY ***
Total pot 358 | No rake
Board: [3s 6c Ts 2c 7c]
Seat 1: Negan77830 (small blind) showed [Ks Jd] and lost with High card : King
Seat 2: Ismettt (big blind) showed [4h Tc] and won 358 with One pair : Tens


Winamax Poker - Tournament "Expresso Nitro" buyIn: 0.93€ + 0.07€ level: 1 - HandId: #2717285414288228353-2-1676215740 - Holdem no limit (10/20) - 2023/02/12 15:29:00 UTC
Table: 'Expresso Nitro(632667312)#0' 3-max (real money) Seat #1 is the button
Seat 1: Negan77830 (121)
Seat 2: Ismettt (479)
Seat 3: _SKR (300)
*** ANTE/BLINDS ***
Ismettt posts small blind 10
_SKR posts big blind 20
Dealt to _SKR [5c As]
*** PRE-FLOP *** 
Negan77830 folds
Ismettt calls 10
_SKR raises 280 to 300 and is all-in
Ismettt folds
_SKR collected 320 from pot
*** SUMMARY ***
Total pot 320 | No rake
Seat 3: _SKR (big blind) won 320


Winamax Poker - Tournament "Expresso Nitro" buyIn: 0.93€ + 0.07€ level: 1 - HandId: #2717285414288228353-3-1676215748 - Holdem no limit (10/20) - 2023/02/12 15:29:08 UTC
Table: 'Expresso Nitro(632667312)#0' 3-max (real money) Seat #2 is the button
Seat 1: Negan77830 (121)
Seat 2: Ismettt (459)
Seat 3: _SKR (320)
*** ANTE/BLINDS ***
_SKR posts small blind 10
Negan77830 posts big blind 20
Dealt to _SKR [Ad Tc]
*** PRE-FLOP *** 
Ismettt calls 20
_SKR raises 300 to 320 and is all-in
Negan77830 calls 101 and is all-in
Ismettt folds
*** FLOP *** [5h Ks 9d]
*** TURN *** [5h Ks 9d][Kd]
*** RIVER *** [5h Ks 9d Kd][7h]
*** SHOW DOWN ***
Negan77830 shows [Qd Js] (One pair : Kings)
_SKR shows [Ad Tc] (One pair : Kings)
_SKR collected 461 from pot
*** SUMMARY ***
Total pot 461 | No rake
Board: [5h Ks 9d Kd 7h]
Seat 1: Negan77830 (big blind) showed [Qd Js] and lost with One pair : Kings
Seat 3: _SKR (small blind) showed [Ad Tc] and won 461 with One pair : Kings


Winamax Poker - Tournament "Expresso Nitro" buyIn: 0.93€ + 0.07€ level: 1 - HandId: #2717285414288228353-4-1676215770 - Holdem no limit (10/20) - 2023/02/12 15:29:30 UTC
Table: 'Expresso Nitro(632667312)#0' 3-max (real money) Seat #2 is the button
Seat 2: Ismettt (439)
Seat 3: _SKR (461)
*** ANTE/BLINDS ***
Ismettt posts small blind 10
_SKR posts big blind 20
Dealt to _SKR [Td 9c]
*** PRE-FLOP *** 
Ismettt raises 20 to 40
_SKR folds
Ismettt collected 60 from pot
*** SUMMARY ***
Total pot 60 | No rake
Seat 2: Ismettt (small blind) (button) won 60


Winamax Poker - Tournament "Expresso Nitro" buyIn: 0.93€ + 0.07€ level: 2 - HandId: #2717285414288228353-5-1676215776 - Holdem no limit (15/30) - 2023/02/12 15:29:36 UTC
Table: 'Expresso Nitro(632667312)#0' 3-max (real money) Seat #3 is the button
Seat 2: Ismettt (459)
Seat 3: _SKR (441)
*** ANTE/BLINDS ***
_SKR posts small blind 15
Ismettt posts big blind 30
Dealt to _SKR [4c 3c]
*** PRE-FLOP *** 
_SKR folds
Ismettt collected 45 from pot
*** SUMMARY ***
Total pot 45 | No rake
Seat 2: Ismettt (big blind) won 45


Winamax Poker - Tournament "Expresso Nitro" buyIn: 0.93€ + 0.07€ level: 2 - HandId: #2717285414288228353-6-1676215780 - Holdem no limit (15/30) - 2023/02/12 15:29:40 UTC
Table: 'Expresso Nitro(632667312)#0' 3-max (real money) Seat #2 is the button
Seat 2: Ismettt (474)
Seat 3: _SKR (426)
*** ANTE/BLINDS ***
Ismettt posts small blind 15
_SKR posts big blind 30
Dealt to _SKR [7d 6d]
*** PRE-FLOP *** 
Ismettt raises 30 to 60
_SKR calls 30
*** FLOP *** [2c 9h 6s]
_SKR checks
Ismettt bets 414 and is all-in
_SKR folds
Ismettt collected 534 from pot
*** SUMMARY ***
Total pot 534 | No rake
Board: [2c 9h 6s]
Seat 2: Ismettt (small blind) (button) won 534


Winamax Poker - Tournament "Expresso Nitro" buyIn: 0.93€ + 0.07€ level: 2 - HandId: #2717285414288228353-7-1676215795 - Holdem no limit (15/30) - 2023/02/12 15:29:55 UTC
Table: 'Expresso Nitro(632667312)#0' 3-max (real money) Seat #3 is the button
Seat 2: Ismettt (534)
Seat 3: _SKR (366)
*** ANTE/BLINDS ***
_SKR posts small blind 15
Ismettt posts big blind 30
Dealt to _SKR [Qc Qs]
*** PRE-FLOP *** 
_SKR raises 336 to 366 and is all-in
Ismettt calls 336
*** FLOP *** [Jd Tc Qd]
*** TURN *** [Jd Tc Qd][Kh]
*** RIVER *** [Jd Tc Qd Kh][5h]
*** SHOW DOWN ***
Ismettt shows [6s 3s] (High card : King)
_SKR shows [Qc Qs] (Trips of Queens)
_SKR collected 732 from pot
*** SUMMARY ***
Total pot 732 | No rake
Board: [Jd Tc Qd Kh 5h]
Seat 2: Ismettt (big blind) showed [6s 3s] and lost with High card : King
Seat 3: _SKR (small blind) (button) showed [Qc Qs] and won 732 with Trips of Queens


Winamax Poker - Tournament "Expresso Nitro" buyIn: 0.93€ + 0.07€ level: 2 - HandId: #2717285414288228353-8-1676215818 - Holdem no limit (15/30) - 2023/02/12 15:30:18 UTC
Table: 'Expresso Nitro(632667312)#0' 3-max (real money) Seat #2 is the button
Seat 2: Ismettt (168)
Seat 3: _SKR (732)
*** ANTE/BLINDS ***
Ismettt posts small blind 15
_SKR posts big blind 30
Dealt to _SKR [2c 3s]
*** PRE-FLOP *** 
Ismettt raises 138 to 168 and is all-in
_SKR folds
Ismettt collected 198 from pot
*** SUMMARY ***
Total pot 198 | No rake
Seat 2: Ismettt (small blind) (button) won 198


Winamax Poker - Tournament "Expresso Nitro" buyIn: 0.93€ + 0.07€ level: 2 - HandId: #2717285414288228353-9-1676215823 - Holdem no limit (15/30) - 2023/02/12 15:30:23 UTC
Table: 'Expresso Nitro(632667312)#0' 3-max (real money) Seat #3 is the button
Seat 2: Ismettt (198)
Seat 3: _SKR (702)
*** ANTE/BLINDS ***
_SKR posts small blind 15
Ismettt posts big blind 30
Dealt to _SKR [7h 2d]
*** PRE-FLOP *** 
_SKR folds
Ismettt collected 45 from pot
*** SUMMARY ***
Total pot 45 | No rake
Seat 2: Ismettt (big blind) won 45


Winamax Poker - Tournament "Expresso Nitro" buyIn: 0.93€ + 0.07€ level: 2 - HandId: #2717285414288228353-10-1676215827 - Holdem no limit (15/30) - 2023/02/12 15:30:27 UTC
Table: 'Expresso Nitro(632667312)#0' 3-max (real money) Seat #2 is the button
Seat 2: Ismettt (213)
Seat 3: _SKR (687)
*** ANTE/BLINDS ***
Ismettt posts small blind 15
_SKR posts big blind 30
Dealt to _SKR [Ac Ts]
*** PRE-FLOP *** 
Ismettt raises 183 to 213 and is all-in
_SKR calls 183
*** FLOP *** [Jd 7d Qh]
*** TURN *** [Jd 7d Qh][3s]
*** RIVER *** [Jd 7d Qh 3s][Tc]
*** SHOW DOWN ***
Ismettt shows [7h 4h] (One pair : 7)
_SKR shows [Ac Ts] (One pair : Tens)
_SKR collected 426 from pot
*** SUMMARY ***
Total pot 426 | No rake
Board: [Jd 7d Qh 3s Tc]
Seat 2: Ismettt (small blind) (button) showed [7h 4h] and lost with One pair : 7
Seat 3: _SKR (big blind) showed [Ac Ts] and won 426 with One pair : Tens


