Winamax Poker - Tournament "Expresso Nitro" buyIn: 0.93€ + 0.07€ level: 1 - HandId: #2689850554770784257-1-1674655653 - Holdem no limit (10/20) - 2023/01/25 14:07:33 UTC
Table: 'Expresso Nitro(626279636)#0' 3-max (real money) Seat #3 is the button
Seat 1: vuesurmer (300)
Seat 2: Negatif63 (300)
Seat 3: _SKR (300)
*** ANTE/BLINDS ***
vuesurmer posts small blind 10
Negatif63 posts big blind 20
Dealt to _SKR [9s 2c]
*** PRE-FLOP *** 
_SKR folds
vuesurmer calls 10
Negatif63 checks
*** FLOP *** [5h 7h 7c]
vuesurmer checks
Negatif63 checks
*** TURN *** [5h 7h 7c][Ts]
vuesurmer checks
Negatif63 bets 20
vuesurmer folds
Negatif63 collected 60 from pot
*** SUMMARY ***
Total pot 60 | No rake
Board: [5h 7h 7c Ts]
Seat 2: Negatif63 (big blind) won 60


Winamax Poker - Tournament "Expresso Nitro" buyIn: 0.93€ + 0.07€ level: 1 - HandId: #2689850554770784257-2-1674655669 - Holdem no limit (10/20) - 2023/01/25 14:07:49 UTC
Table: 'Expresso Nitro(626279636)#0' 3-max (real money) Seat #1 is the button
Seat 1: vuesurmer (280)
Seat 2: Negatif63 (320)
Seat 3: _SKR (300)
*** ANTE/BLINDS ***
Negatif63 posts small blind 10
_SKR posts big blind 20
Dealt to _SKR [2s 4c]
*** PRE-FLOP *** 
vuesurmer raises 20 to 40
Negatif63 calls 30
_SKR folds
*** FLOP *** [Ks Ah 5c]
Negatif63 bets 35
vuesurmer folds
Negatif63 collected 135 from pot
*** SUMMARY ***
Total pot 135 | No rake
Board: [Ks Ah 5c]
Seat 2: Negatif63 (small blind) won 135


Winamax Poker - Tournament "Expresso Nitro" buyIn: 0.93€ + 0.07€ level: 1 - HandId: #2689850554770784257-3-1674655683 - Holdem no limit (10/20) - 2023/01/25 14:08:03 UTC
Table: 'Expresso Nitro(626279636)#0' 3-max (real money) Seat #2 is the button
Seat 1: vuesurmer (240)
Seat 2: Negatif63 (380)
Seat 3: _SKR (280)
*** ANTE/BLINDS ***
_SKR posts small blind 10
vuesurmer posts big blind 20
Dealt to _SKR [4h 8d]
*** PRE-FLOP *** 
Negatif63 folds
_SKR folds
vuesurmer collected 30 from pot
*** SUMMARY ***
Total pot 30 | No rake
Seat 1: vuesurmer (big blind) won 30


Winamax Poker - Tournament "Expresso Nitro" buyIn: 0.93€ + 0.07€ level: 1 - HandId: #2689850554770784257-4-1674655689 - Holdem no limit (10/20) - 2023/01/25 14:08:09 UTC
Table: 'Expresso Nitro(626279636)#0' 3-max (real money) Seat #3 is the button
Seat 1: vuesurmer (250)
Seat 2: Negatif63 (380)
Seat 3: _SKR (270)
*** ANTE/BLINDS ***
vuesurmer posts small blind 10
Negatif63 posts big blind 20
Dealt to _SKR [8d 4d]
*** PRE-FLOP *** 
_SKR folds
vuesurmer folds
Negatif63 collected 30 from pot
*** SUMMARY ***
Total pot 30 | No rake
Seat 2: Negatif63 (big blind) won 30


Winamax Poker - Tournament "Expresso Nitro" buyIn: 0.93€ + 0.07€ level: 1 - HandId: #2689850554770784257-5-1674655695 - Holdem no limit (10/20) - 2023/01/25 14:08:15 UTC
Table: 'Expresso Nitro(626279636)#0' 3-max (real money) Seat #1 is the button
Seat 1: vuesurmer (240)
Seat 2: Negatif63 (390)
Seat 3: _SKR (270)
*** ANTE/BLINDS ***
Negatif63 posts small blind 10
_SKR posts big blind 20
Dealt to _SKR [3h Td]
*** PRE-FLOP *** 
vuesurmer folds
Negatif63 calls 10
_SKR checks
*** FLOP *** [Jd 6h Th]
Negatif63 checks
_SKR checks
*** TURN *** [Jd 6h Th][4h]
Negatif63 checks
_SKR checks
*** RIVER *** [Jd 6h Th 4h][Kc]
Negatif63 bets 26
_SKR calls 26
*** SHOW DOWN ***
_SKR shows [3h Td] (One pair : Tens)
Negatif63 shows [7d Kd] (One pair : Kings)
Negatif63 collected 92 from pot
*** SUMMARY ***
Total pot 92 | No rake
Board: [Jd 6h Th 4h Kc]
Seat 2: Negatif63 (small blind) showed [7d Kd] and won 92 with One pair : Kings
Seat 3: _SKR (big blind) showed [3h Td] and lost with One pair : Tens


Winamax Poker - Tournament "Expresso Nitro" buyIn: 0.93€ + 0.07€ level: 2 - HandId: #2689850554770784257-6-1674655742 - Holdem no limit (15/30) - 2023/01/25 14:09:02 UTC
Table: 'Expresso Nitro(626279636)#0' 3-max (real money) Seat #2 is the button
Seat 1: vuesurmer (240)
Seat 2: Negatif63 (436)
Seat 3: _SKR (224)
*** ANTE/BLINDS ***
_SKR posts small blind 15
vuesurmer posts big blind 30
Dealt to _SKR [4d 4c]
*** PRE-FLOP *** 
Negatif63 folds
_SKR raises 194 to 224 and is all-in
vuesurmer folds
_SKR collected 254 from pot
*** SUMMARY ***
Total pot 254 | No rake
Seat 3: _SKR (small blind) won 254


Winamax Poker - Tournament "Expresso Nitro" buyIn: 0.93€ + 0.07€ level: 2 - HandId: #2689850554770784257-7-1674655758 - Holdem no limit (15/30) - 2023/01/25 14:09:18 UTC
Table: 'Expresso Nitro(626279636)#0' 3-max (real money) Seat #3 is the button
Seat 1: vuesurmer (210)
Seat 2: Negatif63 (436)
Seat 3: _SKR (254)
*** ANTE/BLINDS ***
vuesurmer posts small blind 15
Negatif63 posts big blind 30
Dealt to _SKR [Kc 6c]
*** PRE-FLOP *** 
_SKR raises 224 to 254 and is all-in
vuesurmer folds
Negatif63 raises 182 to 436 and is all-in
*** FLOP *** [Kd Jd 8d]
*** TURN *** [Kd Jd 8d][As]
*** RIVER *** [Kd Jd 8d As][6d]
*** SHOW DOWN ***
_SKR shows [Kc 6c] (Two pairs : Kings and 6)
Negatif63 shows [Ad Qh] (Flush Ace high)
Negatif63 collected 705 from pot
*** SUMMARY ***
Total pot 705 | No rake
Board: [Kd Jd 8d As 6d]
Seat 2: Negatif63 (big blind) showed [Ad Qh] and won 705 with Flush Ace high
Seat 3: _SKR (button) showed [Kc 6c] and lost with Two pairs : Kings and 6


