Winamax Poker - Tournament "Expresso Nitro" buyIn: 0.93€ + 0.07€ level: 1 - HandId: #2718666478202126337-1-1676294370 - Holdem no limit (10/20) - 2023/02/13 13:19:30 UTC
Table: 'Expresso Nitro(632988866)#0' 3-max (real money) Seat #2 is the button
Seat 1: Lilzer04 (300)
Seat 2: _SKR (300)
Seat 3: jojoalsace (300)
*** ANTE/BLINDS ***
jojoalsace posts small blind 10
Lilzer04 posts big blind 20
Dealt to _SKR [2h 9d]
*** PRE-FLOP *** 
_SKR folds
jojoalsace calls 10
Lilzer04 checks
*** FLOP *** [Qd Ts 2s]
jojoalsace checks
Lilzer04 bets 20
jojoalsace folds
Lilzer04 collected 60 from pot
*** SUMMARY ***
Total pot 60 | No rake
Board: [Qd Ts 2s]
Seat 1: Lilzer04 (big blind) won 60


Winamax Poker - Tournament "Expresso Nitro" buyIn: 0.93€ + 0.07€ level: 1 - HandId: #2718666478202126337-2-1676294386 - Holdem no limit (10/20) - 2023/02/13 13:19:46 UTC
Table: 'Expresso Nitro(632988866)#0' 3-max (real money) Seat #3 is the button
Seat 1: Lilzer04 (320)
Seat 2: _SKR (300)
Seat 3: jojoalsace (280)
*** ANTE/BLINDS ***
Lilzer04 posts small blind 10
_SKR posts big blind 20
Dealt to _SKR [2s 8d]
*** PRE-FLOP *** 
jojoalsace calls 20
Lilzer04 calls 10
_SKR checks
*** FLOP *** [5c Qd Jd]
Lilzer04 checks
_SKR checks
jojoalsace bets 60
Lilzer04 calls 60
_SKR folds
*** TURN *** [5c Qd Jd][Jh]
Lilzer04 bets 40
jojoalsace raises 40 to 80
Lilzer04 calls 40
*** RIVER *** [5c Qd Jd Jh][Tc]
Lilzer04 checks
jojoalsace bets 120 and is all-in
Lilzer04 folds
jojoalsace collected 460 from pot
*** SUMMARY ***
Total pot 460 | No rake
Board: [5c Qd Jd Jh Tc]
Seat 3: jojoalsace (button) won 460


Winamax Poker - Tournament "Expresso Nitro" buyIn: 0.93€ + 0.07€ level: 2 - HandId: #2718666478202126337-3-1676294437 - Holdem no limit (15/30) - 2023/02/13 13:20:37 UTC
Table: 'Expresso Nitro(632988866)#0' 3-max (real money) Seat #1 is the button
Seat 1: Lilzer04 (160)
Seat 2: _SKR (280)
Seat 3: jojoalsace (460)
*** ANTE/BLINDS ***
_SKR posts small blind 15
jojoalsace posts big blind 30
Dealt to _SKR [4s Kd]
*** PRE-FLOP *** 
Lilzer04 folds
_SKR calls 15
jojoalsace checks
*** FLOP *** [Kh 5c 9s]
_SKR checks
jojoalsace checks
*** TURN *** [Kh 5c 9s][3h]
_SKR bets 39
jojoalsace folds
_SKR collected 99 from pot
*** SUMMARY ***
Total pot 99 | No rake
Board: [Kh 5c 9s 3h]
Seat 2: _SKR (small blind) won 99


Winamax Poker - Tournament "Expresso Nitro" buyIn: 0.93€ + 0.07€ level: 2 - HandId: #2718666478202126337-4-1676294481 - Holdem no limit (15/30) - 2023/02/13 13:21:21 UTC
Table: 'Expresso Nitro(632988866)#0' 3-max (real money) Seat #2 is the button
Seat 1: Lilzer04 (160)
Seat 2: _SKR (310)
Seat 3: jojoalsace (430)
*** ANTE/BLINDS ***
jojoalsace posts small blind 15
Lilzer04 posts big blind 30
Dealt to _SKR [4s Qd]
*** PRE-FLOP *** 
_SKR folds
jojoalsace folds
Lilzer04 collected 45 from pot
*** SUMMARY ***
Total pot 45 | No rake
Seat 1: Lilzer04 (big blind) won 45


Winamax Poker - Tournament "Expresso Nitro" buyIn: 0.93€ + 0.07€ level: 3 - HandId: #2718666478202126337-5-1676294490 - Holdem no limit (20/40) - 2023/02/13 13:21:30 UTC
Table: 'Expresso Nitro(632988866)#0' 3-max (real money) Seat #3 is the button
Seat 1: Lilzer04 (175)
Seat 2: _SKR (310)
Seat 3: jojoalsace (415)
*** ANTE/BLINDS ***
Lilzer04 posts small blind 20
_SKR posts big blind 40
Dealt to _SKR [8s 5h]
*** PRE-FLOP *** 
jojoalsace folds
Lilzer04 calls 20
_SKR checks
*** FLOP *** [Ts 7h 3c]
Lilzer04 checks
_SKR bets 52
Lilzer04 folds
_SKR collected 132 from pot
*** SUMMARY ***
Total pot 132 | No rake
Board: [Ts 7h 3c]
Seat 2: _SKR (big blind) won 132


Winamax Poker - Tournament "Expresso Nitro" buyIn: 0.93€ + 0.07€ level: 3 - HandId: #2718666478202126337-6-1676294507 - Holdem no limit (20/40) - 2023/02/13 13:21:47 UTC
Table: 'Expresso Nitro(632988866)#0' 3-max (real money) Seat #1 is the button
Seat 1: Lilzer04 (135)
Seat 2: _SKR (350)
Seat 3: jojoalsace (415)
*** ANTE/BLINDS ***
_SKR posts small blind 20
jojoalsace posts big blind 40
Dealt to _SKR [Qh Jc]
*** PRE-FLOP *** 
Lilzer04 folds
_SKR raises 310 to 350 and is all-in
jojoalsace folds
_SKR collected 390 from pot
*** SUMMARY ***
Total pot 390 | No rake
Seat 2: _SKR (small blind) won 390


Winamax Poker - Tournament "Expresso Nitro" buyIn: 0.93€ + 0.07€ level: 3 - HandId: #2718666478202126337-7-1676294515 - Holdem no limit (20/40) - 2023/02/13 13:21:55 UTC
Table: 'Expresso Nitro(632988866)#0' 3-max (real money) Seat #2 is the button
Seat 1: Lilzer04 (135)
Seat 2: _SKR (390)
Seat 3: jojoalsace (375)
*** ANTE/BLINDS ***
jojoalsace posts small blind 20
Lilzer04 posts big blind 40
Dealt to _SKR [Jc Th]
*** PRE-FLOP *** 
_SKR folds
jojoalsace raises 40 to 80
Lilzer04 raises 55 to 135 and is all-in
jojoalsace calls 55
*** FLOP *** [Qd Ac Tc]
*** TURN *** [Qd Ac Tc][As]
*** RIVER *** [Qd Ac Tc As][Ah]
*** SHOW DOWN ***
jojoalsace shows [Kd Td] (Full of Aces and Tens)
Lilzer04 shows [Qh 3c] (Full of Aces and Queens)
Lilzer04 collected 270 from pot
*** SUMMARY ***
Total pot 270 | No rake
Board: [Qd Ac Tc As Ah]
Seat 1: Lilzer04 (big blind) showed [Qh 3c] and won 270 with Full of Aces and Queens
Seat 3: jojoalsace (small blind) showed [Kd Td] and lost with Full of Aces and Tens


Winamax Poker - Tournament "Expresso Nitro" buyIn: 0.93€ + 0.07€ level: 3 - HandId: #2718666478202126337-8-1676294537 - Holdem no limit (20/40) - 2023/02/13 13:22:17 UTC
Table: 'Expresso Nitro(632988866)#0' 3-max (real money) Seat #3 is the button
Seat 1: Lilzer04 (270)
Seat 2: _SKR (390)
Seat 3: jojoalsace (240)
*** ANTE/BLINDS ***
Lilzer04 posts small blind 20
_SKR posts big blind 40
Dealt to _SKR [Kh 8c]
*** PRE-FLOP *** 
jojoalsace folds
Lilzer04 folds
_SKR collected 60 from pot
*** SUMMARY ***
Total pot 60 | No rake
Seat 2: _SKR (big blind) won 60


Winamax Poker - Tournament "Expresso Nitro" buyIn: 0.93€ + 0.07€ level: 3 - HandId: #2718666478202126337-9-1676294544 - Holdem no limit (20/40) - 2023/02/13 13:22:24 UTC
Table: 'Expresso Nitro(632988866)#0' 3-max (real money) Seat #1 is the button
Seat 1: Lilzer04 (250)
Seat 2: _SKR (410)
Seat 3: jojoalsace (240)
*** ANTE/BLINDS ***
_SKR posts small blind 20
jojoalsace posts big blind 40
Dealt to _SKR [5d 5s]
*** PRE-FLOP *** 
Lilzer04 calls 40
_SKR raises 370 to 410 and is all-in
jojoalsace folds
Lilzer04 calls 210 and is all-in
*** FLOP *** [2h 2s 3s]
*** TURN *** [2h 2s 3s][9c]
*** RIVER *** [2h 2s 3s 9c][6d]
*** SHOW DOWN ***
Lilzer04 shows [3c Ad] (Two pairs : 3 and 2)
_SKR shows [5d 5s] (Two pairs : 5 and 2)
_SKR collected 700 from pot
*** SUMMARY ***
Total pot 700 | No rake
Board: [2h 2s 3s 9c 6d]
Seat 1: Lilzer04 (button) showed [3c Ad] and lost with Two pairs : 3 and 2
Seat 2: _SKR (small blind) showed [5d 5s] and won 700 with Two pairs : 5 and 2


Winamax Poker - Tournament "Expresso Nitro" buyIn: 0.93€ + 0.07€ level: 4 - HandId: #2718666478202126337-10-1676294570 - Holdem no limit (30/60) - 2023/02/13 13:22:50 UTC
Table: 'Expresso Nitro(632988866)#0' 3-max (real money) Seat #3 is the button
Seat 2: _SKR (700)
Seat 3: jojoalsace (200)
*** ANTE/BLINDS ***
jojoalsace posts small blind 30
_SKR posts big blind 60
Dealt to _SKR [8h Tc]
*** PRE-FLOP *** 
jojoalsace calls 30
_SKR checks
*** FLOP *** [Js 6d 4d]
_SKR checks
jojoalsace checks
*** TURN *** [Js 6d 4d][2s]
_SKR checks
jojoalsace checks
*** RIVER *** [Js 6d 4d 2s][8d]
_SKR checks
jojoalsace bets 140 and is all-in
_SKR calls 140
*** SHOW DOWN ***
jojoalsace shows [8s 3s] (One pair : 8)
_SKR shows [8h Tc] (One pair : 8)
_SKR collected 400 from pot
*** SUMMARY ***
Total pot 400 | No rake
Board: [Js 6d 4d 2s 8d]
Seat 2: _SKR (big blind) showed [8h Tc] and won 400 with One pair : 8
Seat 3: jojoalsace (small blind) (button) showed [8s 3s] and lost with One pair : 8


