Winamax Poker - Tournament "QUATTRO" buyIn: 1.80€ + 0.20€ level: 2 - HandId: #2678092733905633299-24-1676575366 - Holdem no limit (30/125/250) - 2023/02/16 19:22:46 UTC
Table: 'QUATTRO(623542055)#0018' 4-max (real money) Seat #1 is the button
Seat 1: lulu.84 (24272, 0.90€ bounty)
Seat 2: xl10110694 (21847, 0.90€ bounty)
Seat 3: LAS VENTAS (20326, 0.90€ bounty)
Seat 4: _SKR (20000, 0.90€ bounty)
*** ANTE/BLINDS ***
xl10110694 posts ante 30
LAS VENTAS posts ante 30
lulu.84 posts ante 30
_SKR posts ante 30
xl10110694 posts small blind 125
LAS VENTAS posts big blind 250
Dealt to _SKR [3c Kc]
*** PRE-FLOP *** 
_SKR folds
lulu.84 folds
xl10110694 calls 125
LAS VENTAS checks
*** FLOP *** [Ks 2s Tc]
xl10110694 checks
LAS VENTAS checks
*** TURN *** [Ks 2s Tc][Kd]
xl10110694 bets 403
LAS VENTAS folds
xl10110694 collected 1023 from pot
*** SUMMARY ***
Total pot 1023 | No rake
Board: [Ks 2s Tc Kd]
Seat 2: xl10110694 (small blind) won 1023


Winamax Poker - Tournament "QUATTRO" buyIn: 1.80€ + 0.20€ level: 2 - HandId: #2678092733905633299-25-1676575408 - Holdem no limit (30/125/250) - 2023/02/16 19:23:28 UTC
Table: 'QUATTRO(623542055)#0018' 4-max (real money) Seat #2 is the button
Seat 1: lulu.84 (24242, 0.90€ bounty)
Seat 2: xl10110694 (22187, 0.90€ bounty)
Seat 3: LAS VENTAS (20046, 0.90€ bounty)
Seat 4: _SKR (19970, 0.90€ bounty)
*** ANTE/BLINDS ***
LAS VENTAS posts ante 30
_SKR posts ante 30
lulu.84 posts ante 30
xl10110694 posts ante 30
LAS VENTAS posts small blind 125
_SKR posts big blind 250
Dealt to _SKR [7c 2d]
*** PRE-FLOP *** 
lulu.84 folds
xl10110694 folds
LAS VENTAS raises 500 to 750
_SKR folds
LAS VENTAS collected 1120 from pot
*** SUMMARY ***
Total pot 1120 | No rake
Seat 3: LAS VENTAS (small blind) won 1120


Winamax Poker - Tournament "QUATTRO" buyIn: 1.80€ + 0.20€ level: 2 - HandId: #2678092733905633299-26-1676575426 - Holdem no limit (30/125/250) - 2023/02/16 19:23:46 UTC
Table: 'QUATTRO(623542055)#0018' 4-max (real money) Seat #3 is the button
Seat 1: lulu.84 (24212, 0.90€ bounty)
Seat 2: xl10110694 (22157, 0.90€ bounty)
Seat 3: LAS VENTAS (20386, 0.90€ bounty)
Seat 4: _SKR (19690, 0.90€ bounty)
*** ANTE/BLINDS ***
_SKR posts ante 30
lulu.84 posts ante 30
xl10110694 posts ante 30
LAS VENTAS posts ante 30
_SKR posts small blind 125
lulu.84 posts big blind 250
Dealt to _SKR [9s Ac]
*** PRE-FLOP *** 
xl10110694 calls 250
LAS VENTAS calls 250
_SKR calls 125
lulu.84 checks
*** FLOP *** [2c Qs 5d]
_SKR checks
lulu.84 checks
xl10110694 checks
LAS VENTAS checks
*** TURN *** [2c Qs 5d][4s]
_SKR checks
lulu.84 checks
xl10110694 checks
LAS VENTAS bets 250
_SKR folds
lulu.84 calls 250
xl10110694 folds
*** RIVER *** [2c Qs 5d 4s][5c]
lulu.84 checks
LAS VENTAS checks
*** SHOW DOWN ***
lulu.84 shows [2d Jd] (Two pairs : 5 and 2)
LAS VENTAS shows [4c Ah] (Two pairs : 5 and 4)
LAS VENTAS collected 1620 from pot
*** SUMMARY ***
Total pot 1620 | No rake
Board: [2c Qs 5d 4s 5c]
Seat 1: lulu.84 (big blind) showed [2d Jd] and lost with Two pairs : 5 and 2
Seat 3: LAS VENTAS (button) showed [4c Ah] and won 1620 with Two pairs : 5 and 4


Winamax Poker - Tournament "QUATTRO" buyIn: 1.80€ + 0.20€ level: 2 - HandId: #2678092733905633299-27-1676575504 - Holdem no limit (30/125/250) - 2023/02/16 19:25:04 UTC
Table: 'QUATTRO(623542055)#0018' 4-max (real money) Seat #4 is the button
Seat 1: lulu.84 (23682, 0.90€ bounty)
Seat 2: xl10110694 (21877, 0.90€ bounty)
Seat 3: LAS VENTAS (21476, 0.90€ bounty)
Seat 4: _SKR (19410, 0.90€ bounty)
*** ANTE/BLINDS ***
lulu.84 posts ante 30
xl10110694 posts ante 30
LAS VENTAS posts ante 30
_SKR posts ante 30
lulu.84 posts small blind 125
xl10110694 posts big blind 250
Dealt to _SKR [Jh Qc]
*** PRE-FLOP *** 
LAS VENTAS folds
_SKR raises 375 to 625
lulu.84 calls 500
xl10110694 folds
*** FLOP *** [Ad 8s Ah]
lulu.84 checks
_SKR bets 567
lulu.84 calls 567
*** TURN *** [Ad 8s Ah][4c]
lulu.84 bets 2066
_SKR folds
lulu.84 collected 4820 from pot
*** SUMMARY ***
Total pot 4820 | No rake
Board: [Ad 8s Ah 4c]
Seat 1: lulu.84 (small blind) won 4820


Winamax Poker - Tournament "QUATTRO" buyIn: 1.80€ + 0.20€ level: 2 - HandId: #2678092733905633299-28-1676575557 - Holdem no limit (30/125/250) - 2023/02/16 19:25:57 UTC
Table: 'QUATTRO(623542055)#0018' 4-max (real money) Seat #1 is the button
Seat 1: lulu.84 (25214, 0.90€ bounty)
Seat 2: xl10110694 (21597, 0.90€ bounty)
Seat 3: LAS VENTAS (21446, 0.90€ bounty)
Seat 4: _SKR (18188, 0.90€ bounty)
*** ANTE/BLINDS ***
xl10110694 posts ante 30
LAS VENTAS posts ante 30
lulu.84 posts ante 30
_SKR posts ante 30
xl10110694 posts small blind 125
LAS VENTAS posts big blind 250
Dealt to _SKR [5s Kc]
*** PRE-FLOP *** 
_SKR folds
lulu.84 folds
xl10110694 calls 125
LAS VENTAS checks
*** FLOP *** [5c 4h 6d]
xl10110694 checks
LAS VENTAS checks
*** TURN *** [5c 4h 6d][Ad]
xl10110694 bets 403
LAS VENTAS folds
xl10110694 collected 1023 from pot
*** SUMMARY ***
Total pot 1023 | No rake
Board: [5c 4h 6d Ad]
Seat 2: xl10110694 (small blind) won 1023


Winamax Poker - Tournament "QUATTRO" buyIn: 1.80€ + 0.20€ level: 2 - HandId: #2678092733905633299-29-1676575596 - Holdem no limit (30/125/250) - 2023/02/16 19:26:36 UTC
Table: 'QUATTRO(623542055)#0018' 4-max (real money) Seat #2 is the button
Seat 1: lulu.84 (25184, 0.90€ bounty)
Seat 2: xl10110694 (21937, 0.90€ bounty)
Seat 3: LAS VENTAS (21166, 0.90€ bounty)
Seat 4: _SKR (18158, 0.90€ bounty)
*** ANTE/BLINDS ***
LAS VENTAS posts ante 30
_SKR posts ante 30
lulu.84 posts ante 30
xl10110694 posts ante 30
LAS VENTAS posts small blind 125
_SKR posts big blind 250
Dealt to _SKR [3h Jd]
*** PRE-FLOP *** 
lulu.84 folds
xl10110694 raises 375 to 625
LAS VENTAS folds
_SKR folds
xl10110694 collected 1120 from pot
*** SUMMARY ***
Total pot 1120 | No rake
Seat 2: xl10110694 (button) won 1120


Winamax Poker - Tournament "QUATTRO" buyIn: 1.80€ + 0.20€ level: 2 - HandId: #2678092733905633299-30-1676575611 - Holdem no limit (30/125/250) - 2023/02/16 19:26:51 UTC
Table: 'QUATTRO(623542055)#0018' 4-max (real money) Seat #3 is the button
Seat 1: lulu.84 (25154, 0.90€ bounty)
Seat 2: xl10110694 (22402, 0.90€ bounty)
Seat 3: LAS VENTAS (21011, 0.90€ bounty)
Seat 4: _SKR (17878, 0.90€ bounty)
*** ANTE/BLINDS ***
_SKR posts ante 30
lulu.84 posts ante 30
xl10110694 posts ante 30
LAS VENTAS posts ante 30
_SKR posts small blind 125
lulu.84 posts big blind 250
Dealt to _SKR [Ad Qs]
*** PRE-FLOP *** 
xl10110694 folds
LAS VENTAS folds
_SKR raises 375 to 625
lulu.84 calls 375
*** FLOP *** [3d 3s 9d]
_SKR bets 480
lulu.84 folds
_SKR collected 1850 from pot
*** SUMMARY ***
Total pot 1850 | No rake
Board: [3d 3s 9d]
Seat 4: _SKR (small blind) won 1850


Winamax Poker - Tournament "QUATTRO" buyIn: 1.80€ + 0.20€ level: 3 - HandId: #2678092733905633299-31-1676575643 - Holdem no limit (35/150/300) - 2023/02/16 19:27:23 UTC
Table: 'QUATTRO(623542055)#0018' 4-max (real money) Seat #4 is the button
Seat 1: lulu.84 (24499, 0.90€ bounty)
Seat 2: xl10110694 (22372, 0.90€ bounty)
Seat 3: LAS VENTAS (20981, 0.90€ bounty)
Seat 4: _SKR (18593, 0.90€ bounty)
*** ANTE/BLINDS ***
lulu.84 posts ante 35
xl10110694 posts ante 35
LAS VENTAS posts ante 35
_SKR posts ante 35
lulu.84 posts small blind 150
xl10110694 posts big blind 300
Dealt to _SKR [4s 6h]
*** PRE-FLOP *** 
LAS VENTAS raises 300 to 600
_SKR folds
lulu.84 calls 450
xl10110694 calls 300
*** FLOP *** [2d Kc 9h]
lulu.84 checks
xl10110694 checks
LAS VENTAS bets 300
lulu.84 raises 1830 to 2130
xl10110694 folds
LAS VENTAS calls 1830
*** TURN *** [2d Kc 9h][6c]
lulu.84 bets 4650
LAS VENTAS calls 4650
*** RIVER *** [2d Kc 9h 6c][9d]
lulu.84 bets 11625
LAS VENTAS calls 11625
*** SHOW DOWN ***
lulu.84 shows [Kh Th] (Two pairs : Kings and 9)
LAS VENTAS shows [As Ks] (Two pairs : Kings and 9)
LAS VENTAS collected 38750 from pot
*** SUMMARY ***
Total pot 38750 | No rake
Board: [2d Kc 9h 6c 9d]
Seat 1: lulu.84 (small blind) showed [Kh Th] and lost with Two pairs : Kings and 9
Seat 3: LAS VENTAS showed [As Ks] and won 38750 with Two pairs : Kings and 9


Winamax Poker - Tournament "QUATTRO" buyIn: 1.80€ + 0.20€ level: 3 - HandId: #2678092733905633299-32-1676575692 - Holdem no limit (35/150/300) - 2023/02/16 19:28:12 UTC
Table: 'QUATTRO(623542055)#0018' 4-max (real money) Seat #1 is the button
Seat 1: lulu.84 (5459, 0.90€ bounty)
Seat 2: xl10110694 (21737, 0.90€ bounty)
Seat 3: LAS VENTAS (40691, 0.90€ bounty)
Seat 4: _SKR (18558, 0.90€ bounty)
*** ANTE/BLINDS ***
xl10110694 posts ante 35
LAS VENTAS posts ante 35
lulu.84 posts ante 35
_SKR posts ante 35
xl10110694 posts small blind 150
LAS VENTAS posts big blind 300
Dealt to _SKR [Jd 8d]
*** PRE-FLOP *** 
_SKR raises 450 to 750
lulu.84 raises 4674 to 5424 and is all-in
xl10110694 folds
LAS VENTAS raises 35232 to 40656 and is all-in
_SKR folds
*** FLOP *** [5h 2c Ah]
*** TURN *** [5h 2c Ah][Th]
*** RIVER *** [5h 2c Ah Th][Ad]
*** SHOW DOWN ***
lulu.84 shows [Ac Qs] (Trips of Aces)
LAS VENTAS shows [9s 9d] (Two pairs : Aces and 9)
LAS VENTAS collected 35232 from side pot 1
lulu.84 collected 11888 from main pot
*** SUMMARY ***
Total pot 47120 | No rake
Board: [5h 2c Ah Th Ad]
Seat 1: lulu.84 (button) showed [Ac Qs] and won 11888 with Trips of Aces
Seat 3: LAS VENTAS (big blind) showed [9s 9d] and won 35232 with Two pairs : Aces and 9


Winamax Poker - Tournament "QUATTRO" buyIn: 1.80€ + 0.20€ level: 3 - HandId: #2678092733905633299-33-1676575715 - Holdem no limit (35/150/300) - 2023/02/16 19:28:35 UTC
Table: 'QUATTRO(623542055)#0018' 4-max (real money) Seat #2 is the button
Seat 1: lulu.84 (11888, 0.90€ bounty)
Seat 2: xl10110694 (21552, 0.90€ bounty)
Seat 3: LAS VENTAS (35232, 0.90€ bounty)
Seat 4: _SKR (17773, 0.90€ bounty)
*** ANTE/BLINDS ***
LAS VENTAS posts ante 35
_SKR posts ante 35
lulu.84 posts ante 35
xl10110694 posts ante 35
LAS VENTAS posts small blind 150
_SKR posts big blind 300
Dealt to _SKR [2s 2c]
*** PRE-FLOP *** 
lulu.84 folds
xl10110694 calls 300
LAS VENTAS raises 450 to 750
_SKR calls 450
xl10110694 calls 450
*** FLOP *** [3c 2d 9d]
LAS VENTAS checks
_SKR bets 1554
xl10110694 calls 1554
LAS VENTAS folds
*** TURN *** [3c 2d 9d][7c]
_SKR bets 3574
xl10110694 raises 15639 to 19213 and is all-in
_SKR calls 11860 and is all-in
*** RIVER *** [3c 2d 9d 7c][Ah]
*** SHOW DOWN ***
xl10110694 shows [7h 9h] (Two pairs : 9 and 7)
_SKR shows [2s 2c] (Trips of 2)
_SKR collected 36366 from main pot
xl10110694 collected 3779 from side pot 1
*** SUMMARY ***
Total pot 40145 | No rake
Board: [3c 2d 9d 7c Ah]
Seat 2: xl10110694 (button) showed [7h 9h] and won 3779 with Two pairs : 9 and 7
Seat 4: _SKR (big blind) showed [2s 2c] and won 36366 with Trips of 2


Winamax Poker - Tournament "QUATTRO" buyIn: 1.80€ + 0.20€ level: 3 - HandId: #2678092733905633299-34-1676575766 - Holdem no limit (35/150/300) - 2023/02/16 19:29:26 UTC
Table: 'QUATTRO(623542055)#0018' 4-max (real money) Seat #3 is the button
Seat 1: lulu.84 (11853, 0.90€ bounty)
Seat 2: xl10110694 (3779, 0.90€ bounty)
Seat 3: LAS VENTAS (34447, 0.90€ bounty)
Seat 4: _SKR (36366, 0.90€ bounty)
*** ANTE/BLINDS ***
_SKR posts ante 35
lulu.84 posts ante 35
xl10110694 posts ante 35
LAS VENTAS posts ante 35
_SKR posts small blind 150
lulu.84 posts big blind 300
Dealt to _SKR [Jd 4h]
*** PRE-FLOP *** 
xl10110694 calls 300
LAS VENTAS calls 300
_SKR folds
lulu.84 checks
*** FLOP *** [8s Js 6d]
lulu.84 checks
xl10110694 checks
LAS VENTAS bets 774
lulu.84 calls 774
xl10110694 calls 774
*** TURN *** [8s Js 6d][5c]
lulu.84 checks
xl10110694 checks
LAS VENTAS checks
*** RIVER *** [8s Js 6d 5c][9h]
lulu.84 bets 10744 and is all-in
xl10110694 folds
LAS VENTAS folds
lulu.84 collected 14256 from pot
*** SUMMARY ***
Total pot 14256 | No rake
Board: [8s Js 6d 5c 9h]
Seat 1: lulu.84 (big blind) won 14256


Winamax Poker - Tournament "QUATTRO" buyIn: 1.80€ + 0.20€ level: 3 - HandId: #2678092733905633299-35-1676575805 - Holdem no limit (35/150/300) - 2023/02/16 19:30:05 UTC
Table: 'QUATTRO(623542055)#0018' 4-max (real money) Seat #4 is the button
Seat 1: lulu.84 (14256, 0.90€ bounty)
Seat 2: xl10110694 (2670, 0.90€ bounty)
Seat 3: LAS VENTAS (33338, 0.90€ bounty)
Seat 4: _SKR (36181, 0.90€ bounty)
*** ANTE/BLINDS ***
lulu.84 posts ante 35
xl10110694 posts ante 35
LAS VENTAS posts ante 35
_SKR posts ante 35
lulu.84 posts small blind 150
xl10110694 posts big blind 300
Dealt to _SKR [Ks Ac]
*** PRE-FLOP *** 
LAS VENTAS folds
_SKR raises 450 to 750
lulu.84 folds
xl10110694 folds
_SKR collected 1340 from pot
*** SUMMARY ***
Total pot 1340 | No rake
Seat 4: _SKR (button) won 1340


Winamax Poker - Tournament "QUATTRO" buyIn: 1.80€ + 0.20€ level: 3 - HandId: #2678092733905633299-36-1676575814 - Holdem no limit (35/150/300) - 2023/02/16 19:30:14 UTC
Table: 'QUATTRO(623542055)#0018' 4-max (real money) Seat #1 is the button
Seat 1: lulu.84 (14071, 0.90€ bounty)
Seat 2: xl10110694 (2335, 0.90€ bounty)
Seat 3: LAS VENTAS (33303, 0.90€ bounty)
Seat 4: _SKR (36736, 0.90€ bounty)
*** ANTE/BLINDS ***
xl10110694 posts ante 35
LAS VENTAS posts ante 35
lulu.84 posts ante 35
_SKR posts ante 35
xl10110694 posts small blind 150
LAS VENTAS posts big blind 300
Dealt to _SKR [Ad Kh]
*** PRE-FLOP *** 
_SKR raises 450 to 750
lulu.84 folds
xl10110694 folds
LAS VENTAS folds
_SKR collected 1340 from pot
*** SUMMARY ***
Total pot 1340 | No rake
Seat 4: _SKR won 1340


Winamax Poker - Tournament "QUATTRO" buyIn: 1.80€ + 0.20€ level: 3 - HandId: #2678092733905633299-37-1676575828 - Holdem no limit (35/150/300) - 2023/02/16 19:30:28 UTC
Table: 'QUATTRO(623542055)#0018' 4-max (real money) Seat #2 is the button
Seat 1: lulu.84 (14036, 0.90€ bounty)
Seat 2: xl10110694 (2150, 0.90€ bounty)
Seat 3: LAS VENTAS (32968, 0.90€ bounty)
Seat 4: _SKR (37291, 0.90€ bounty)
*** ANTE/BLINDS ***
LAS VENTAS posts ante 35
_SKR posts ante 35
lulu.84 posts ante 35
xl10110694 posts ante 35
LAS VENTAS posts small blind 150
_SKR posts big blind 300
Dealt to _SKR [9d 2c]
*** PRE-FLOP *** 
lulu.84 folds
xl10110694 raises 1815 to 2115 and is all-in
LAS VENTAS folds
_SKR calls 1815
*** FLOP *** [Tc 3c 7c]
*** TURN *** [Tc 3c 7c][6c]
*** RIVER *** [Tc 3c 7c 6c][Js]
*** SHOW DOWN ***
_SKR shows [9d 2c] (Flush Ten high)
xl10110694 shows [Ac Qh] (Flush Ace high)
xl10110694 collected 4520 from pot
*** SUMMARY ***
Total pot 4520 | No rake
Board: [Tc 3c 7c 6c Js]
Seat 2: xl10110694 (button) showed [Ac Qh] and won 4520 with Flush Ace high
Seat 4: _SKR (big blind) showed [9d 2c] and lost with Flush Ten high


Winamax Poker - Tournament "QUATTRO" buyIn: 1.80€ + 0.20€ level: 3 - HandId: #2678092733905633299-38-1676575848 - Holdem no limit (35/150/300) - 2023/02/16 19:30:48 UTC
Table: 'QUATTRO(623542055)#0018' 4-max (real money) Seat #3 is the button
Seat 1: lulu.84 (14001, 0.90€ bounty)
Seat 2: xl10110694 (4520, 0.90€ bounty)
Seat 3: LAS VENTAS (32783, 0.90€ bounty)
Seat 4: _SKR (35141, 0.90€ bounty)
*** ANTE/BLINDS ***
_SKR posts ante 35
lulu.84 posts ante 35
xl10110694 posts ante 35
LAS VENTAS posts ante 35
_SKR posts small blind 150
lulu.84 posts big blind 300
Dealt to _SKR [8c Td]
*** PRE-FLOP *** 
xl10110694 folds
LAS VENTAS raises 450 to 750
_SKR folds
lulu.84 calls 450
*** FLOP *** [Ts 7h 3h]
lulu.84 checks
LAS VENTAS checks
*** TURN *** [Ts 7h 3h][As]
lulu.84 checks
LAS VENTAS checks
*** RIVER *** [Ts 7h 3h As][Kh]
lulu.84 checks
LAS VENTAS checks
*** SHOW DOWN ***
lulu.84 shows [6h Jc] (High card : Ace)
LAS VENTAS shows [Ac 9h] (One pair : Aces)
LAS VENTAS collected 1790 from pot
*** SUMMARY ***
Total pot 1790 | No rake
Board: [Ts 7h 3h As Kh]
Seat 1: lulu.84 (big blind) showed [6h Jc] and lost with High card : Ace
Seat 3: LAS VENTAS (button) showed [Ac 9h] and won 1790 with One pair : Aces


Winamax Poker - Tournament "QUATTRO" buyIn: 1.80€ + 0.20€ level: 3 - HandId: #2678092733905633299-39-1676575875 - Holdem no limit (35/150/300) - 2023/02/16 19:31:15 UTC
Table: 'QUATTRO(623542055)#0018' 4-max (real money) Seat #4 is the button
Seat 1: lulu.84 (13216, 0.90€ bounty)
Seat 2: xl10110694 (4485, 0.90€ bounty)
Seat 3: LAS VENTAS (33788, 0.90€ bounty)
Seat 4: _SKR (34956, 0.90€ bounty)
*** ANTE/BLINDS ***
lulu.84 posts ante 35
xl10110694 posts ante 35
LAS VENTAS posts ante 35
_SKR posts ante 35
lulu.84 posts small blind 150
xl10110694 posts big blind 300
Dealt to _SKR [8d 2h]
*** PRE-FLOP *** 
LAS VENTAS folds
_SKR folds
lulu.84 calls 150
xl10110694 raises 4150 to 4450 and is all-in
lulu.84 raises 8731 to 13181 and is all-in
*** FLOP *** [Ah Ks 3c]
*** TURN *** [Ah Ks 3c][2s]
*** RIVER *** [Ah Ks 3c 2s][3h]
*** SHOW DOWN ***
lulu.84 shows [Qs 9s] (One pair : 3)
xl10110694 shows [As 6h] (Two pairs : Aces and 3)
xl10110694 collected 9040 from main pot
lulu.84 collected 8731 from side pot 1
*** SUMMARY ***
Total pot 17771 | No rake
Board: [Ah Ks 3c 2s 3h]
Seat 1: lulu.84 (small blind) showed [Qs 9s] and won 8731 with One pair : 3
Seat 2: xl10110694 (big blind) showed [As 6h] and won 9040 with Two pairs : Aces and 3


Winamax Poker - Tournament "QUATTRO" buyIn: 1.80€ + 0.20€ level: 3 - HandId: #2678092733905633299-40-1676575897 - Holdem no limit (35/150/300) - 2023/02/16 19:31:37 UTC
Table: 'QUATTRO(623542055)#0018' 4-max (real money) Seat #1 is the button
Seat 1: lulu.84 (8731, 0.90€ bounty)
Seat 2: xl10110694 (9040, 0.90€ bounty)
Seat 3: LAS VENTAS (33753, 0.90€ bounty)
Seat 4: _SKR (34921, 0.90€ bounty)
*** ANTE/BLINDS ***
xl10110694 posts ante 35
LAS VENTAS posts ante 35
lulu.84 posts ante 35
_SKR posts ante 35
xl10110694 posts small blind 150
LAS VENTAS posts big blind 300
Dealt to _SKR [Ts Kd]
*** PRE-FLOP *** 
_SKR raises 375 to 675
lulu.84 raises 8021 to 8696 and is all-in
xl10110694 folds
LAS VENTAS folds
_SKR calls 8021
*** FLOP *** [Tc 8c 6d]
*** TURN *** [Tc 8c 6d][3h]
*** RIVER *** [Tc 8c 6d 3h][6h]
*** SHOW DOWN ***
lulu.84 shows [4s Ac] (One pair : 6)
_SKR shows [Ts Kd] (Two pairs : Tens and 6)
_SKR collected 17982 from pot
*** SUMMARY ***
Total pot 17982 | No rake
Board: [Tc 8c 6d 3h 6h]
Seat 1: lulu.84 (button) showed [4s Ac] and lost with One pair : 6
Seat 4: _SKR showed [Ts Kd] and won 17982 with Two pairs : Tens and 6


Winamax Poker - Tournament "QUATTRO" buyIn: 1.80€ + 0.20€ level: 3 - HandId: #2678092733905633299-41-1676575921 - Holdem no limit (35/150/300) - 2023/02/16 19:32:01 UTC
Table: 'QUATTRO(623542055)#0018' 4-max (real money) Seat #2 is the button
Seat 2: xl10110694 (8855, 0.90€ bounty)
Seat 3: LAS VENTAS (33418, 0.90€ bounty)
Seat 4: _SKR (44172, 1.35€ bounty)
*** ANTE/BLINDS ***
LAS VENTAS posts ante 35
_SKR posts ante 35
xl10110694 posts ante 35
LAS VENTAS posts small blind 150
_SKR posts big blind 300
Dealt to _SKR [Th 7h]
*** PRE-FLOP *** 
xl10110694 calls 300
LAS VENTAS folds
_SKR checks
*** FLOP *** [Kh Ad 9h]
_SKR checks
xl10110694 checks
*** TURN *** [Kh Ad 9h][2h]
_SKR bets 684
xl10110694 calls 684
*** RIVER *** [Kh Ad 9h 2h][Kc]
_SKR bets 1778
xl10110694 raises 6058 to 7836 and is all-in
_SKR calls 6058
*** SHOW DOWN ***
xl10110694 shows [Ks Jh] (Trips of Kings)
_SKR shows [Th 7h] (Flush King high)
_SKR collected 17895 from pot
*** SUMMARY ***
Total pot 17895 | No rake
Board: [Kh Ad 9h 2h Kc]
Seat 2: xl10110694 (button) showed [Ks Jh] and lost with Trips of Kings
Seat 4: _SKR (big blind) showed [Th 7h] and won 17895 with Flush King high


Winamax Poker - Tournament "QUATTRO" buyIn: 1.80€ + 0.20€ level: 3 - HandId: #2678092733905633299-42-1676575946 - Holdem no limit (35/150/300) - 2023/02/16 19:32:26 UTC
Table: 'QUATTRO(623542055)#0018' 4-max (real money) Seat #3 is the button
Seat 1: Petanus (20000, 0.90€ bounty)
Seat 3: LAS VENTAS (33233, 0.90€ bounty)
Seat 4: _SKR (53212, 1.80€ bounty)
*** ANTE/BLINDS ***
_SKR posts ante 35
Petanus posts ante 35
LAS VENTAS posts ante 35
_SKR posts small blind 150
Petanus posts big blind 300
Dealt to _SKR [3c 6h]
*** PRE-FLOP *** 
LAS VENTAS raises 600 to 900
_SKR folds
Petanus calls 600
*** FLOP *** [9d 8d Ts]
Petanus checks
LAS VENTAS bets 300
Petanus folds
LAS VENTAS collected 2355 from pot
*** SUMMARY ***
Total pot 2355 | No rake
Board: [9d 8d Ts]
Seat 3: LAS VENTAS (button) won 2355


Winamax Poker - Tournament "QUATTRO" buyIn: 1.80€ + 0.20€ level: 3 - HandId: #2678092733905633299-43-1676575967 - Holdem no limit (35/150/300) - 2023/02/16 19:32:47 UTC
Table: 'QUATTRO(623542055)#0018' 4-max (real money) Seat #4 is the button
Seat 1: Petanus (19065, 0.90€ bounty)
Seat 3: LAS VENTAS (34353, 0.90€ bounty)
Seat 4: _SKR (53027, 1.80€ bounty)
*** ANTE/BLINDS ***
Petanus posts ante 35
LAS VENTAS posts ante 35
_SKR posts ante 35
Petanus posts small blind 150
LAS VENTAS posts big blind 300
Dealt to _SKR [Ah 6h]
*** PRE-FLOP *** 
_SKR raises 450 to 750
Petanus calls 600
LAS VENTAS calls 450
*** FLOP *** [9c 7s Qd]
Petanus checks
LAS VENTAS checks
_SKR bets 824
Petanus calls 824
LAS VENTAS calls 824
*** TURN *** [9c 7s Qd][2s]
Petanus checks
LAS VENTAS checks
_SKR checks
*** RIVER *** [9c 7s Qd 2s][Jc]
Petanus bets 300
LAS VENTAS calls 300
_SKR folds
*** SHOW DOWN ***
LAS VENTAS shows [Kh Jh] (One pair : Jacks)
Petanus shows [4h Qh] (One pair : Queens)
Petanus collected 5427 from pot
*** SUMMARY ***
Total pot 5427 | No rake
Board: [9c 7s Qd 2s Jc]
Seat 1: Petanus (small blind) showed [4h Qh] and won 5427 with One pair : Queens
Seat 3: LAS VENTAS (big blind) showed [Kh Jh] and lost with One pair : Jacks


Winamax Poker - Tournament "QUATTRO" buyIn: 1.80€ + 0.20€ level: 4 - HandId: #2678092733905633299-44-1676576007 - Holdem no limit (40/175/350) - 2023/02/16 19:33:27 UTC
Table: 'QUATTRO(623542055)#0018' 4-max (real money) Seat #1 is the button
Seat 1: Petanus (22583, 0.90€ bounty)
Seat 3: LAS VENTAS (32444, 0.90€ bounty)
Seat 4: _SKR (51418, 1.80€ bounty)
*** ANTE/BLINDS ***
LAS VENTAS posts ante 40
_SKR posts ante 40
Petanus posts ante 40
LAS VENTAS posts small blind 175
_SKR posts big blind 350
Dealt to _SKR [5s Kc]
*** PRE-FLOP *** 
Petanus calls 350
LAS VENTAS raises 350 to 700
_SKR folds
Petanus calls 350
*** FLOP *** [Ac Td 3c]
LAS VENTAS checks
Petanus checks
*** TURN *** [Ac Td 3c][6s]
LAS VENTAS bets 350
Petanus folds
LAS VENTAS collected 2220 from pot
*** SUMMARY ***
Total pot 2220 | No rake
Board: [Ac Td 3c 6s]
Seat 3: LAS VENTAS (small blind) won 2220


Winamax Poker - Tournament "QUATTRO" buyIn: 1.80€ + 0.20€ level: 4 - HandId: #2678092733905633299-45-1676576033 - Holdem no limit (40/175/350) - 2023/02/16 19:33:53 UTC
Table: 'QUATTRO(623542055)#0018' 4-max (real money) Seat #3 is the button
Seat 1: Petanus (21843, 0.90€ bounty)
Seat 3: LAS VENTAS (33574, 0.90€ bounty)
Seat 4: _SKR (51028, 1.80€ bounty)
*** ANTE/BLINDS ***
_SKR posts ante 40
Petanus posts ante 40
LAS VENTAS posts ante 40
_SKR posts small blind 175
Petanus posts big blind 350
Dealt to _SKR [9c Tc]
*** PRE-FLOP *** 
LAS VENTAS raises 350 to 700
_SKR raises 2045 to 2745
Petanus folds
LAS VENTAS calls 2045
*** FLOP *** [Th Td 8h]
_SKR bets 2086
LAS VENTAS raises 2086 to 4172
_SKR raises 4011 to 8183
LAS VENTAS raises 22606 to 30789 and is all-in
_SKR calls 22606
*** TURN *** [Th Td 8h][Jd]
*** RIVER *** [Th Td 8h Jd][Qd]
*** SHOW DOWN ***
_SKR shows [9c Tc] (Straight Queen high)
LAS VENTAS shows [Qc Qs] (Full of Queens and Tens)
LAS VENTAS collected 67538 from pot
*** SUMMARY ***
Total pot 67538 | No rake
Board: [Th Td 8h Jd Qd]
Seat 3: LAS VENTAS (button) showed [Qc Qs] and won 67538 with Full of Queens and Tens
Seat 4: _SKR (small blind) showed [9c Tc] and lost with Straight Queen high


Winamax Poker - Tournament "QUATTRO" buyIn: 1.80€ + 0.20€ level: 4 - HandId: #2678092733905633299-46-1676576086 - Holdem no limit (40/175/350) - 2023/02/16 19:34:46 UTC
Table: 'QUATTRO(623542055)#0018' 4-max (real money) Seat #4 is the button
Seat 1: Petanus (21453, 0.90€ bounty)
Seat 3: LAS VENTAS (67538, 0.90€ bounty)
Seat 4: _SKR (17454, 1.80€ bounty)
*** ANTE/BLINDS ***
Petanus posts ante 40
LAS VENTAS posts ante 40
_SKR posts ante 40
Petanus posts small blind 175
LAS VENTAS posts big blind 350
Dealt to _SKR [4c As]
*** PRE-FLOP *** 
_SKR raises 525 to 875
Petanus calls 700
LAS VENTAS raises 525 to 1400
_SKR calls 525
Petanus calls 525
*** FLOP *** [7c 2h 4d]
Petanus checks
LAS VENTAS bets 1080
_SKR calls 1080
Petanus calls 1080
*** TURN *** [7c 2h 4d][Js]
Petanus bets 18933 and is all-in
LAS VENTAS calls 18933
_SKR folds
*** RIVER *** [7c 2h 4d Js][7h]
*** SHOW DOWN ***
Petanus shows [Jc Qc] (Two pairs : Jacks and 7)
LAS VENTAS shows [Ac Ah] (Two pairs : Aces and 7)
LAS VENTAS collected 45426 from pot
*** SUMMARY ***
Total pot 45426 | No rake
Board: [7c 2h 4d Js 7h]
Seat 1: Petanus (small blind) showed [Jc Qc] and lost with Two pairs : Jacks and 7
Seat 3: LAS VENTAS (big blind) showed [Ac Ah] and won 45426 with Two pairs : Aces and 7


Winamax Poker - Tournament "QUATTRO" buyIn: 1.80€ + 0.20€ level: 4 - HandId: #2678092733905633299-47-1676576133 - Holdem no limit (40/175/350) - 2023/02/16 19:35:33 UTC
Table: 'QUATTRO(623542055)#0018' 4-max (real money) Seat #3 is the button
Seat 2: gtoun (13626, 0.90€ bounty)
Seat 3: LAS VENTAS (91511, 1.35€ bounty)
Seat 4: _SKR (14934, 1.80€ bounty)
*** ANTE/BLINDS ***
LAS VENTAS posts ante 40
_SKR posts ante 40
LAS VENTAS posts small blind 175
_SKR posts big blind 350
Dealt to _SKR [Js 6c]
*** PRE-FLOP *** 
LAS VENTAS folds
_SKR collected 605 from pot
*** SUMMARY ***
Total pot 605 | No rake
Seat 4: _SKR (big blind) won 605


Winamax Poker - Tournament "QUATTRO" buyIn: 1.80€ + 0.20€ level: 4 - HandId: #2678092733905633299-48-1676576138 - Holdem no limit (40/175/350) - 2023/02/16 19:35:38 UTC
Table: 'QUATTRO(623542055)#0018' 4-max (real money) Seat #3 is the button
Seat 2: gtoun (13626, 0.90€ bounty)
Seat 3: LAS VENTAS (91296, 1.35€ bounty)
Seat 4: _SKR (15149, 1.80€ bounty)
*** ANTE/BLINDS ***
_SKR posts ante 40
gtoun posts ante 40
LAS VENTAS posts ante 40
_SKR posts small blind 175
gtoun posts big blind 350
Dealt to _SKR [Qs 4c]
*** PRE-FLOP *** 
LAS VENTAS folds
_SKR folds
gtoun collected 645 from pot
*** SUMMARY ***
Total pot 645 | No rake
Seat 2: gtoun (big blind) won 645


Winamax Poker - Tournament "QUATTRO" buyIn: 1.80€ + 0.20€ level: 4 - HandId: #2678092733905633299-49-1676576144 - Holdem no limit (40/175/350) - 2023/02/16 19:35:44 UTC
Table: 'QUATTRO(623542055)#0018' 4-max (real money) Seat #4 is the button
Seat 2: gtoun (13881, 0.90€ bounty)
Seat 3: LAS VENTAS (91256, 1.35€ bounty)
Seat 4: _SKR (14934, 1.80€ bounty)
*** ANTE/BLINDS ***
gtoun posts ante 40
LAS VENTAS posts ante 40
_SKR posts ante 40
gtoun posts small blind 175
LAS VENTAS posts big blind 350
Dealt to _SKR [Ks 3c]
*** PRE-FLOP *** 
_SKR folds
gtoun calls 175
LAS VENTAS checks
*** FLOP *** [8d 9d 5c]
gtoun bets 525
LAS VENTAS calls 525
*** TURN *** [8d 9d 5c][Qc]
gtoun bets 875
LAS VENTAS calls 875
*** RIVER *** [8d 9d 5c Qc][6h]
gtoun bets 1225
LAS VENTAS calls 1225
*** SHOW DOWN ***
LAS VENTAS shows [4d 6d] (One pair : 6)
gtoun shows [9c Js] (One pair : 9)
gtoun collected 6070 from pot
*** SUMMARY ***
Total pot 6070 | No rake
Board: [8d 9d 5c Qc 6h]
Seat 2: gtoun (small blind) showed [9c Js] and won 6070 with One pair : 9
Seat 3: LAS VENTAS (big blind) showed [4d 6d] and lost with One pair : 6


Winamax Poker - Tournament "QUATTRO" buyIn: 1.80€ + 0.20€ level: 4 - HandId: #2678092733905633299-50-1676576179 - Holdem no limit (40/175/350) - 2023/02/16 19:36:19 UTC
Table: 'QUATTRO(623542055)#0018' 4-max (real money) Seat #2 is the button
Seat 2: gtoun (16936, 0.90€ bounty)
Seat 3: LAS VENTAS (88241, 1.35€ bounty)
Seat 4: _SKR (14894, 1.80€ bounty)
*** ANTE/BLINDS ***
LAS VENTAS posts ante 40
_SKR posts ante 40
gtoun posts ante 40
LAS VENTAS posts small blind 175
_SKR posts big blind 350
Dealt to _SKR [Kc Td]
*** PRE-FLOP *** 
gtoun calls 350
LAS VENTAS raises 700 to 1050
_SKR calls 700
gtoun calls 700
*** FLOP *** [Kd 7d 7s]
LAS VENTAS checks
_SKR checks
gtoun bets 2450
LAS VENTAS calls 2450
_SKR calls 2450
*** TURN *** [Kd 7d 7s][8s]
LAS VENTAS checks
_SKR checks
gtoun checks
*** RIVER *** [Kd 7d 7s 8s][4s]
LAS VENTAS checks
_SKR bets 11354 and is all-in
gtoun folds
LAS VENTAS folds
_SKR collected 21974 from pot
*** SUMMARY ***
Total pot 21974 | No rake
Board: [Kd 7d 7s 8s 4s]
Seat 4: _SKR (big blind) won 21974


Winamax Poker - Tournament "QUATTRO" buyIn: 1.80€ + 0.20€ level: 4 - HandId: #2678092733905633299-51-1676576249 - Holdem no limit (40/175/350) - 2023/02/16 19:37:29 UTC
Table: 'QUATTRO(623542055)#0018' 4-max (real money) Seat #3 is the button
Seat 2: gtoun (13396, 0.90€ bounty)
Seat 3: LAS VENTAS (84701, 1.35€ bounty)
Seat 4: _SKR (21974, 1.80€ bounty)
*** ANTE/BLINDS ***
_SKR posts ante 40
gtoun posts ante 40
LAS VENTAS posts ante 40
_SKR posts small blind 175
gtoun posts big blind 350
Dealt to _SKR [7s Td]
*** PRE-FLOP *** 
LAS VENTAS folds
_SKR folds
gtoun collected 645 from pot
*** SUMMARY ***
Total pot 645 | No rake
Seat 2: gtoun (big blind) won 645


Winamax Poker - Tournament "QUATTRO" buyIn: 1.80€ + 0.20€ level: 4 - HandId: #2678092733905633299-52-1676576253 - Holdem no limit (40/175/350) - 2023/02/16 19:37:33 UTC
Table: 'QUATTRO(623542055)#0018' 4-max (real money) Seat #4 is the button
Seat 2: gtoun (13651, 0.90€ bounty)
Seat 3: LAS VENTAS (84661, 1.35€ bounty)
Seat 4: _SKR (21759, 1.80€ bounty)
*** ANTE/BLINDS ***
gtoun posts ante 40
LAS VENTAS posts ante 40
_SKR posts ante 40
gtoun posts small blind 175
LAS VENTAS posts big blind 350
Dealt to _SKR [7h Tc]
*** PRE-FLOP *** 
_SKR folds
gtoun folds
LAS VENTAS collected 645 from pot
*** SUMMARY ***
Total pot 645 | No rake
Seat 3: LAS VENTAS (big blind) won 645


Winamax Poker - Tournament "QUATTRO" buyIn: 1.80€ + 0.20€ level: 4 - HandId: #2678092733905633299-53-1676576263 - Holdem no limit (40/175/350) - 2023/02/16 19:37:43 UTC
Table: 'QUATTRO(623542055)#0018' 4-max (real money) Seat #2 is the button
Seat 1: ViniVidiBust (20000, 0.90€ bounty)
Seat 2: gtoun (13436, 0.90€ bounty)
Seat 3: LAS VENTAS (84916, 1.35€ bounty)
Seat 4: _SKR (21719, 1.80€ bounty)
*** ANTE/BLINDS ***
LAS VENTAS posts ante 40
_SKR posts ante 40
ViniVidiBust posts ante 40
gtoun posts ante 40
LAS VENTAS posts small blind 175
_SKR posts big blind 350
Dealt to _SKR [9c Ks]
*** PRE-FLOP *** 
ViniVidiBust raises 525 to 875
gtoun folds
LAS VENTAS folds
_SKR calls 525
*** FLOP *** [Kc 4s Qs]
_SKR checks
ViniVidiBust bets 1043
_SKR calls 1043
*** TURN *** [Kc 4s Qs][6h]
_SKR checks
ViniVidiBust checks
*** RIVER *** [Kc 4s Qs 6h][3d]
_SKR checks
ViniVidiBust checks
*** SHOW DOWN ***
ViniVidiBust shows [Tc Jh] (High card : King)
_SKR shows [9c Ks] (One pair : Kings)
_SKR collected 4171 from pot
*** SUMMARY ***
Total pot 4171 | No rake
Board: [Kc 4s Qs 6h 3d]
Seat 1: ViniVidiBust showed [Tc Jh] and lost with High card : King
Seat 4: _SKR (big blind) showed [9c Ks] and won 4171 with One pair : Kings


Winamax Poker - Tournament "QUATTRO" buyIn: 1.80€ + 0.20€ level: 4 - HandId: #2678092733905633299-54-1676576322 - Holdem no limit (40/175/350) - 2023/02/16 19:38:42 UTC
Table: 'QUATTRO(623542055)#0018' 4-max (real money) Seat #3 is the button
Seat 1: ViniVidiBust (18042, 0.90€ bounty)
Seat 2: gtoun (13396, 0.90€ bounty)
Seat 3: LAS VENTAS (84701, 1.35€ bounty)
Seat 4: _SKR (23932, 1.80€ bounty)
*** ANTE/BLINDS ***
_SKR posts ante 40
ViniVidiBust posts ante 40
gtoun posts ante 40
LAS VENTAS posts ante 40
_SKR posts small blind 175
ViniVidiBust posts big blind 350
Dealt to _SKR [5s 3c]
*** PRE-FLOP *** 
gtoun folds
LAS VENTAS folds
_SKR folds
ViniVidiBust collected 685 from pot
*** SUMMARY ***
Total pot 685 | No rake
Seat 1: ViniVidiBust (big blind) won 685


Winamax Poker - Tournament "QUATTRO" buyIn: 1.80€ + 0.20€ level: 4 - HandId: #2678092733905633299-55-1676576330 - Holdem no limit (40/175/350) - 2023/02/16 19:38:50 UTC
Table: 'QUATTRO(623542055)#0018' 4-max (real money) Seat #4 is the button
Seat 1: ViniVidiBust (18337, 0.90€ bounty)
Seat 2: gtoun (13356, 0.90€ bounty)
Seat 3: LAS VENTAS (84661, 1.35€ bounty)
Seat 4: _SKR (23717, 1.80€ bounty)
*** ANTE/BLINDS ***
ViniVidiBust posts ante 40
gtoun posts ante 40
LAS VENTAS posts ante 40
_SKR posts ante 40
ViniVidiBust posts small blind 175
gtoun posts big blind 350
Dealt to _SKR [9d 2s]
*** PRE-FLOP *** 
LAS VENTAS raises 700 to 1050
_SKR folds
ViniVidiBust folds
gtoun folds
LAS VENTAS collected 1735 from pot
*** SUMMARY ***
Total pot 1735 | No rake
Seat 3: LAS VENTAS won 1735


Winamax Poker - Tournament "QUATTRO" buyIn: 1.80€ + 0.20€ level: 5 - HandId: #2678092733905633299-56-1676576356 - Holdem no limit (50/200/400) - 2023/02/16 19:39:16 UTC
Table: 'QUATTRO(623542055)#0018' 4-max (real money) Seat #1 is the button
Seat 1: ViniVidiBust (18122, 0.90€ bounty)
Seat 2: gtoun (12966, 0.90€ bounty)
Seat 3: LAS VENTAS (85306, 1.35€ bounty)
Seat 4: _SKR (23677, 1.80€ bounty)
*** ANTE/BLINDS ***
gtoun posts ante 50
LAS VENTAS posts ante 50
ViniVidiBust posts ante 50
_SKR posts ante 50
gtoun posts small blind 200
LAS VENTAS posts big blind 400
Dealt to _SKR [Jd Jc]
*** PRE-FLOP *** 
_SKR raises 600 to 1000
ViniVidiBust calls 1000
gtoun raises 11916 to 12916 and is all-in
LAS VENTAS folds
_SKR raises 10711 to 23627 and is all-in
ViniVidiBust folds
*** FLOP *** [Kh 8h 3h]
*** TURN *** [Kh 8h 3h][9h]
*** RIVER *** [Kh 8h 3h 9h][As]
*** SHOW DOWN ***
gtoun shows [9s 9d] (Trips of 9)
_SKR shows [Jd Jc] (One pair : Jacks)
_SKR collected 10711 from side pot 1
gtoun collected 27432 from main pot
*** SUMMARY ***
Total pot 38143 | No rake
Board: [Kh 8h 3h 9h As]
Seat 2: gtoun (small blind) showed [9s 9d] and won 27432 with Trips of 9
Seat 4: _SKR showed [Jd Jc] and won 10711 with One pair : Jacks


Winamax Poker - Tournament "QUATTRO" buyIn: 1.80€ + 0.20€ level: 5 - HandId: #2678092733905633299-57-1676576380 - Holdem no limit (50/200/400) - 2023/02/16 19:39:40 UTC
Table: 'QUATTRO(623542055)#0018' 4-max (real money) Seat #2 is the button
Seat 1: ViniVidiBust (17072, 0.90€ bounty)
Seat 2: gtoun (27432, 0.90€ bounty)
Seat 3: LAS VENTAS (84856, 1.35€ bounty)
Seat 4: _SKR (10711, 1.80€ bounty)
*** ANTE/BLINDS ***
LAS VENTAS posts ante 50
_SKR posts ante 50
ViniVidiBust posts ante 50
gtoun posts ante 50
LAS VENTAS posts small blind 200
_SKR posts big blind 400
Dealt to _SKR [7h 2d]
*** PRE-FLOP *** 
ViniVidiBust raises 400 to 800
gtoun calls 800
LAS VENTAS folds
_SKR folds
*** FLOP *** [2c 7d Ks]
ViniVidiBust bets 1848
gtoun calls 1848
*** TURN *** [2c 7d Ks][7s]
ViniVidiBust checks
gtoun bets 2200
ViniVidiBust folds
gtoun collected 8296 from pot
*** SUMMARY ***
Total pot 8296 | No rake
Board: [2c 7d Ks 7s]
Seat 2: gtoun (button) won 8296


Winamax Poker - Tournament "QUATTRO" buyIn: 1.80€ + 0.20€ level: 5 - HandId: #2678092733905633299-58-1676576415 - Holdem no limit (50/200/400) - 2023/02/16 19:40:15 UTC
Table: 'QUATTRO(623542055)#0018' 4-max (real money) Seat #3 is the button
Seat 1: ViniVidiBust (14374, 0.90€ bounty)
Seat 2: gtoun (30830, 0.90€ bounty)
Seat 3: LAS VENTAS (84606, 1.35€ bounty)
Seat 4: _SKR (10261, 1.80€ bounty)
*** ANTE/BLINDS ***
_SKR posts ante 50
ViniVidiBust posts ante 50
gtoun posts ante 50
LAS VENTAS posts ante 50
_SKR posts small blind 200
ViniVidiBust posts big blind 400
Dealt to _SKR [5s 9s]
*** PRE-FLOP *** 
gtoun folds
LAS VENTAS folds
_SKR calls 200
ViniVidiBust raises 13924 to 14324 and is all-in
_SKR folds
ViniVidiBust collected 14924 from pot
*** SUMMARY ***
Total pot 14924 | No rake
Seat 1: ViniVidiBust (big blind) won 14924


Winamax Poker - Tournament "QUATTRO" buyIn: 1.80€ + 0.20€ level: 5 - HandId: #2678092733905633299-59-1676576434 - Holdem no limit (50/200/400) - 2023/02/16 19:40:34 UTC
Table: 'QUATTRO(623542055)#0018' 4-max (real money) Seat #4 is the button
Seat 1: ViniVidiBust (14924, 0.90€ bounty)
Seat 2: gtoun (30780, 0.90€ bounty)
Seat 3: LAS VENTAS (84556, 1.35€ bounty)
Seat 4: _SKR (9811, 1.80€ bounty)
*** ANTE/BLINDS ***
ViniVidiBust posts ante 50
gtoun posts ante 50
LAS VENTAS posts ante 50
_SKR posts ante 50
ViniVidiBust posts small blind 200
gtoun posts big blind 400
Dealt to _SKR [6c 6s]
*** PRE-FLOP *** 
LAS VENTAS folds
_SKR raises 9361 to 9761 and is all-in
ViniVidiBust folds
gtoun folds
_SKR collected 10561 from pot
*** SUMMARY ***
Total pot 10561 | No rake
Seat 4: _SKR (button) won 10561


Winamax Poker - Tournament "QUATTRO" buyIn: 1.80€ + 0.20€ level: 5 - HandId: #2678092733905633299-60-1676576446 - Holdem no limit (50/200/400) - 2023/02/16 19:40:46 UTC
Table: 'QUATTRO(623542055)#0018' 4-max (real money) Seat #1 is the button
Seat 1: ViniVidiBust (14674, 0.90€ bounty)
Seat 2: gtoun (30330, 0.90€ bounty)
Seat 3: LAS VENTAS (84506, 1.35€ bounty)
Seat 4: _SKR (10561, 1.80€ bounty)
*** ANTE/BLINDS ***
gtoun posts ante 50
LAS VENTAS posts ante 50
ViniVidiBust posts ante 50
_SKR posts ante 50
gtoun posts small blind 200
LAS VENTAS posts big blind 400
Dealt to _SKR [Kh Ac]
*** PRE-FLOP *** 
_SKR raises 600 to 1000
ViniVidiBust calls 1000
gtoun folds
LAS VENTAS folds
*** FLOP *** [Js 2d 2c]
_SKR bets 980
ViniVidiBust calls 980
*** TURN *** [Js 2d 2c][4h]
_SKR checks
ViniVidiBust bets 3665
_SKR calls 3665
*** RIVER *** [Js 2d 2c 4h][7c]
_SKR checks
ViniVidiBust bets 8979 and is all-in
_SKR calls 4866 and is all-in
*** SHOW DOWN ***
ViniVidiBust shows [8d Ad] (One pair : 2)
_SKR shows [Kh Ac] (One pair : 2)
_SKR collected 21822 from main pot
ViniVidiBust collected 4113 from side pot 1
*** SUMMARY ***
Total pot 25935 | No rake
Board: [Js 2d 2c 4h 7c]
Seat 1: ViniVidiBust (button) showed [8d Ad] and won 4113 with One pair : 2
Seat 4: _SKR showed [Kh Ac] and won 21822 with One pair : 2


Winamax Poker - Tournament "QUATTRO" buyIn: 1.80€ + 0.20€ level: 5 - HandId: #2678092733905633299-61-1676576484 - Holdem no limit (50/200/400) - 2023/02/16 19:41:24 UTC
Table: 'QUATTRO(623542055)#0018' 4-max (real money) Seat #2 is the button
Seat 1: ViniVidiBust (4113, 0.90€ bounty)
Seat 2: gtoun (30080, 0.90€ bounty)
Seat 3: LAS VENTAS (84056, 1.35€ bounty)
Seat 4: _SKR (21822, 1.80€ bounty)
*** ANTE/BLINDS ***
LAS VENTAS posts ante 50
_SKR posts ante 50
ViniVidiBust posts ante 50
gtoun posts ante 50
LAS VENTAS posts small blind 200
_SKR posts big blind 400
Dealt to _SKR [Kh Ah]
*** PRE-FLOP *** 
ViniVidiBust folds
gtoun raises 800 to 1200
LAS VENTAS folds
_SKR raises 3200 to 4400
gtoun raises 25630 to 30030 and is all-in
_SKR calls 17372 and is all-in
*** FLOP *** [Qc 3s 3d]
*** TURN *** [Qc 3s 3d][Js]
*** RIVER *** [Qc 3s 3d Js][4d]
*** SHOW DOWN ***
_SKR shows [Kh Ah] (One pair : 3)
gtoun shows [Qs Qd] (Full of Queens and 3)
gtoun collected 52202 from pot
*** SUMMARY ***
Total pot 52202 | No rake
Board: [Qc 3s 3d Js 4d]
Seat 2: gtoun (button) showed [Qs Qd] and won 52202 with Full of Queens and 3
Seat 4: _SKR (big blind) showed [Kh Ah] and lost with One pair : 3


Winamax Poker - Tournament "QUATTRO" buyIn: 1.80€ + 0.20€ level: 5 - HandId: #2678092733905633288-84-1676576562 - Holdem no limit (50/200/400) - 2023/02/16 19:42:42 UTC
Table: 'QUATTRO(623542055)#0007' 4-max (real money) Seat #3 is the button
Seat 1: Oakisland (25931, 0.90€ bounty)
Seat 2: _SKR (20000, 0.90€ bounty)
Seat 3: Papy kriss (88589, 2.70€ bounty)
Seat 4: AAsdepiK (20927, 0.90€ bounty)
*** ANTE/BLINDS ***
AAsdepiK posts ante 50
Oakisland posts ante 50
_SKR posts ante 50
Papy kriss posts ante 50
AAsdepiK posts small blind 200
Oakisland posts big blind 400
Dealt to _SKR [9c Td]
*** PRE-FLOP *** 
_SKR folds
Papy kriss folds
AAsdepiK calls 200
Oakisland checks
*** FLOP *** [As 7s 4d]
AAsdepiK checks
Oakisland checks
*** TURN *** [As 7s 4d][3c]
AAsdepiK checks
Oakisland checks
*** RIVER *** [As 7s 4d 3c][Ts]
AAsdepiK checks
Oakisland checks
*** SHOW DOWN ***
AAsdepiK shows [8d 2d] (High card : Ace)
Oakisland shows [Js 6h] (High card : Ace)
Oakisland collected 1000 from pot
*** SUMMARY ***
Total pot 1000 | No rake
Board: [As 7s 4d 3c Ts]
Seat 1: Oakisland (big blind) showed [Js 6h] and won 1000 with High card : Ace
Seat 4: AAsdepiK (small blind) showed [8d 2d] and lost with High card : Ace


Winamax Poker - Tournament "QUATTRO" buyIn: 1.80€ + 0.20€ level: 5 - HandId: #2678092733905633288-85-1676576624 - Holdem no limit (50/200/400) - 2023/02/16 19:43:44 UTC
Table: 'QUATTRO(623542055)#0007' 4-max (real money) Seat #4 is the button
Seat 1: Oakisland (26481, 0.90€ bounty)
Seat 2: _SKR (19950, 0.90€ bounty)
Seat 3: Papy kriss (88539, 2.70€ bounty)
Seat 4: AAsdepiK (20477, 0.90€ bounty)
*** ANTE/BLINDS ***
Oakisland posts ante 50
_SKR posts ante 50
Papy kriss posts ante 50
AAsdepiK posts ante 50
Oakisland posts small blind 200
_SKR posts big blind 400
Dealt to _SKR [4h 5h]
*** PRE-FLOP *** 
Papy kriss raises 400 to 800
AAsdepiK folds
Oakisland folds
_SKR calls 400
*** FLOP *** [Ks Jd Qc]
_SKR checks
Papy kriss bets 800
_SKR folds
Papy kriss collected 2800 from pot
*** SUMMARY ***
Total pot 2800 | No rake
Board: [Ks Jd Qc]
Seat 3: Papy kriss won 2800


Winamax Poker - Tournament "QUATTRO" buyIn: 1.80€ + 0.20€ level: 5 - HandId: #2678092733905633288-86-1676576659 - Holdem no limit (50/200/400) - 2023/02/16 19:44:19 UTC
Table: 'QUATTRO(623542055)#0007' 4-max (real money) Seat #1 is the button
Seat 1: Oakisland (26231, 0.90€ bounty)
Seat 2: _SKR (19100, 0.90€ bounty)
Seat 3: Papy kriss (89689, 2.70€ bounty)
Seat 4: AAsdepiK (20427, 0.90€ bounty)
*** ANTE/BLINDS ***
_SKR posts ante 50
Papy kriss posts ante 50
Oakisland posts ante 50
AAsdepiK posts ante 50
_SKR posts small blind 200
Papy kriss posts big blind 400
Dealt to _SKR [8c 7h]
*** PRE-FLOP *** 
AAsdepiK raises 400 to 800
Oakisland calls 800
_SKR folds
Papy kriss folds
*** FLOP *** [4c 6c 3d]
AAsdepiK bets 1920
Oakisland folds
AAsdepiK collected 4320 from pot
*** SUMMARY ***
Total pot 4320 | No rake
Board: [4c 6c 3d]
Seat 4: AAsdepiK won 4320


Winamax Poker - Tournament "QUATTRO" buyIn: 1.80€ + 0.20€ level: 5 - HandId: #2678092733905633288-87-1676576695 - Holdem no limit (50/200/400) - 2023/02/16 19:44:55 UTC
Table: 'QUATTRO(623542055)#0007' 4-max (real money) Seat #2 is the button
Seat 1: Oakisland (25381, 0.90€ bounty)
Seat 2: _SKR (18850, 0.90€ bounty)
Seat 3: Papy kriss (89239, 2.70€ bounty)
Seat 4: AAsdepiK (21977, 0.90€ bounty)
*** ANTE/BLINDS ***
Papy kriss posts ante 50
AAsdepiK posts ante 50
Oakisland posts ante 50
_SKR posts ante 50
Papy kriss posts small blind 200
AAsdepiK posts big blind 400
Dealt to _SKR [7h Kc]
*** PRE-FLOP *** 
Oakisland folds
_SKR raises 600 to 1000
Papy kriss folds
AAsdepiK folds
_SKR collected 1800 from pot
*** SUMMARY ***
Total pot 1800 | No rake
Seat 2: _SKR (button) won 1800


Winamax Poker - Tournament "QUATTRO" buyIn: 1.80€ + 0.20€ level: 6 - HandId: #2678092733905633288-88-1676576709 - Holdem no limit (60/250/500) - 2023/02/16 19:45:09 UTC
Table: 'QUATTRO(623542055)#0007' 4-max (real money) Seat #3 is the button
Seat 1: Oakisland (25331, 0.90€ bounty)
Seat 2: _SKR (19600, 0.90€ bounty)
Seat 3: Papy kriss (88989, 2.70€ bounty)
Seat 4: AAsdepiK (21527, 0.90€ bounty)
*** ANTE/BLINDS ***
AAsdepiK posts ante 60
Oakisland posts ante 60
_SKR posts ante 60
Papy kriss posts ante 60
AAsdepiK posts small blind 250
Oakisland posts big blind 500
Dealt to _SKR [6c 5s]
*** PRE-FLOP *** 
_SKR folds
Papy kriss raises 500 to 1000
AAsdepiK calls 750
Oakisland calls 500
*** FLOP *** [4h Js 3c]
AAsdepiK checks
Oakisland checks
Papy kriss checks
*** TURN *** [4h Js 3c][7s]
AAsdepiK bets 1620
Oakisland folds
Papy kriss folds
AAsdepiK collected 4860 from pot
*** SUMMARY ***
Total pot 4860 | No rake
Board: [4h Js 3c 7s]
Seat 4: AAsdepiK (small blind) won 4860


Winamax Poker - Tournament "QUATTRO" buyIn: 1.80€ + 0.20€ level: 6 - HandId: #2678092733905633288-89-1676576752 - Holdem no limit (60/250/500) - 2023/02/16 19:45:52 UTC
Table: 'QUATTRO(623542055)#0007' 4-max (real money) Seat #4 is the button
Seat 1: Oakisland (24271, 0.90€ bounty)
Seat 2: _SKR (19540, 0.90€ bounty)
Seat 3: Papy kriss (87929, 2.70€ bounty)
Seat 4: AAsdepiK (23707, 0.90€ bounty)
*** ANTE/BLINDS ***
Oakisland posts ante 60
_SKR posts ante 60
Papy kriss posts ante 60
AAsdepiK posts ante 60
Oakisland posts small blind 250
_SKR posts big blind 500
Dealt to _SKR [Kc Js]
*** PRE-FLOP *** 
Papy kriss raises 500 to 1000
AAsdepiK folds
Oakisland folds
_SKR calls 500
*** FLOP *** [Qh 4s Th]
_SKR checks
Papy kriss bets 1619
_SKR calls 1619
*** TURN *** [Qh 4s Th][3c]
_SKR checks
Papy kriss bets 4296
_SKR folds
Papy kriss collected 10024 from pot
*** SUMMARY ***
Total pot 10024 | No rake
Board: [Qh 4s Th 3c]
Seat 3: Papy kriss won 10024


Winamax Poker - Tournament "QUATTRO" buyIn: 1.80€ + 0.20€ level: 6 - HandId: #2678092733905633288-90-1676576795 - Holdem no limit (60/250/500) - 2023/02/16 19:46:35 UTC
Table: 'QUATTRO(623542055)#0007' 4-max (real money) Seat #1 is the button
Seat 1: Oakisland (23961, 0.90€ bounty)
Seat 2: _SKR (16861, 0.90€ bounty)
Seat 3: Papy kriss (90978, 2.70€ bounty)
Seat 4: AAsdepiK (23647, 0.90€ bounty)
*** ANTE/BLINDS ***
_SKR posts ante 60
Papy kriss posts ante 60
Oakisland posts ante 60
AAsdepiK posts ante 60
_SKR posts small blind 250
Papy kriss posts big blind 500
Dealt to _SKR [7s As]
*** PRE-FLOP *** 
AAsdepiK folds
Oakisland raises 750 to 1250
_SKR raises 15551 to 16801 and is all-in
Papy kriss folds
Oakisland folds
_SKR collected 18791 from pot
*** SUMMARY ***
Total pot 18791 | No rake
Seat 2: _SKR (small blind) won 18791


Winamax Poker - Tournament "QUATTRO" buyIn: 1.80€ + 0.20€ level: 6 - HandId: #2678092733905633288-91-1676576828 - Holdem no limit (60/250/500) - 2023/02/16 19:47:08 UTC
Table: 'QUATTRO(623542055)#0007' 4-max (real money) Seat #2 is the button
Seat 1: Oakisland (22651, 0.90€ bounty)
Seat 2: _SKR (18791, 0.90€ bounty)
Seat 3: Papy kriss (90418, 2.70€ bounty)
Seat 4: AAsdepiK (23587, 0.90€ bounty)
*** ANTE/BLINDS ***
Papy kriss posts ante 60
AAsdepiK posts ante 60
Oakisland posts ante 60
_SKR posts ante 60
Papy kriss posts small blind 250
AAsdepiK posts big blind 500
Dealt to _SKR [Ad Qc]
*** PRE-FLOP *** 
Oakisland folds
_SKR raises 625 to 1125
Papy kriss folds
AAsdepiK folds
_SKR collected 2115 from pot
*** SUMMARY ***
Total pot 2115 | No rake
Seat 2: _SKR (button) won 2115


Winamax Poker - Tournament "QUATTRO" buyIn: 1.80€ + 0.20€ level: 6 - HandId: #2678092733905633288-92-1676576853 - Holdem no limit (60/250/500) - 2023/02/16 19:47:33 UTC
Table: 'QUATTRO(623542055)#0007' 4-max (real money) Seat #3 is the button
Seat 1: Oakisland (22591, 0.90€ bounty)
Seat 2: _SKR (19721, 0.90€ bounty)
Seat 3: Papy kriss (90108, 2.70€ bounty)
Seat 4: AAsdepiK (23027, 0.90€ bounty)
*** ANTE/BLINDS ***
AAsdepiK posts ante 60
Oakisland posts ante 60
_SKR posts ante 60
Papy kriss posts ante 60
AAsdepiK posts small blind 250
Oakisland posts big blind 500
Dealt to _SKR [Ts 3d]
*** PRE-FLOP *** 
_SKR folds
Papy kriss raises 500 to 1000
AAsdepiK calls 750
Oakisland calls 500
*** FLOP *** [9h 6c 7d]
AAsdepiK checks
Oakisland checks
Papy kriss checks
*** TURN *** [9h 6c 7d][2c]
AAsdepiK bets 2106
Oakisland folds
Papy kriss calls 2106
*** RIVER *** [9h 6c 7d 2c][Ad]
AAsdepiK checks
Papy kriss bets 5962
AAsdepiK folds
Papy kriss collected 13414 from pot
*** SUMMARY ***
Total pot 13414 | No rake
Board: [9h 6c 7d 2c Ad]
Seat 3: Papy kriss (button) won 13414


Winamax Poker - Tournament "QUATTRO" buyIn: 1.80€ + 0.20€ level: 6 - HandId: #2678092733905633288-93-1676576914 - Holdem no limit (60/250/500) - 2023/02/16 19:48:34 UTC
Table: 'QUATTRO(623542055)#0007' 4-max (real money) Seat #4 is the button
Seat 1: Oakisland (21531, 0.90€ bounty)
Seat 2: _SKR (19661, 0.90€ bounty)
Seat 3: Papy kriss (94394, 2.70€ bounty)
Seat 4: AAsdepiK (19861, 0.90€ bounty)
*** ANTE/BLINDS ***
Oakisland posts ante 60
_SKR posts ante 60
Papy kriss posts ante 60
AAsdepiK posts ante 60
Oakisland posts small blind 250
_SKR posts big blind 500
Dealt to _SKR [3c Kd]
*** PRE-FLOP *** 
Papy kriss folds
AAsdepiK raises 625 to 1125
Oakisland folds
_SKR folds
AAsdepiK collected 2115 from pot
*** SUMMARY ***
Total pot 2115 | No rake
Seat 4: AAsdepiK (button) won 2115


Winamax Poker - Tournament "QUATTRO" buyIn: 1.80€ + 0.20€ level: 6 - HandId: #2678092733905633288-94-1676576928 - Holdem no limit (60/250/500) - 2023/02/16 19:48:48 UTC
Table: 'QUATTRO(623542055)#0007' 4-max (real money) Seat #1 is the button
Seat 1: Oakisland (21221, 0.90€ bounty)
Seat 2: _SKR (19101, 0.90€ bounty)
Seat 3: Papy kriss (94334, 2.70€ bounty)
Seat 4: AAsdepiK (20791, 0.90€ bounty)
*** ANTE/BLINDS ***
_SKR posts ante 60
Papy kriss posts ante 60
Oakisland posts ante 60
AAsdepiK posts ante 60
_SKR posts small blind 250
Papy kriss posts big blind 500
Dealt to _SKR [2c 9s]
*** PRE-FLOP *** 
AAsdepiK folds
Oakisland folds
_SKR folds
Papy kriss collected 990 from pot
*** SUMMARY ***
Total pot 990 | No rake
Seat 3: Papy kriss (big blind) won 990


Winamax Poker - Tournament "QUATTRO" buyIn: 1.80€ + 0.20€ level: 6 - HandId: #2678092733905633288-95-1676576940 - Holdem no limit (60/250/500) - 2023/02/16 19:49:00 UTC
Table: 'QUATTRO(623542055)#0007' 4-max (real money) Seat #2 is the button
Seat 1: Oakisland (21161, 0.90€ bounty)
Seat 2: _SKR (18791, 0.90€ bounty)
Seat 3: Papy kriss (94764, 2.70€ bounty)
Seat 4: AAsdepiK (20731, 0.90€ bounty)
*** ANTE/BLINDS ***
Papy kriss posts ante 60
AAsdepiK posts ante 60
Oakisland posts ante 60
_SKR posts ante 60
Papy kriss posts small blind 250
AAsdepiK posts big blind 500
Dealt to _SKR [Jd 8s]
*** PRE-FLOP *** 
Oakisland folds
_SKR folds
Papy kriss folds
AAsdepiK collected 990 from pot
*** SUMMARY ***
Total pot 990 | No rake
Seat 4: AAsdepiK (big blind) won 990


Winamax Poker - Tournament "QUATTRO" buyIn: 1.80€ + 0.20€ level: 6 - HandId: #2678092733905633288-96-1676576949 - Holdem no limit (60/250/500) - 2023/02/16 19:49:09 UTC
Table: 'QUATTRO(623542055)#0007' 4-max (real money) Seat #3 is the button
Seat 1: Oakisland (21101, 0.90€ bounty)
Seat 2: _SKR (18731, 0.90€ bounty)
Seat 3: Papy kriss (94454, 2.70€ bounty)
Seat 4: AAsdepiK (21161, 0.90€ bounty)
*** ANTE/BLINDS ***
AAsdepiK posts ante 60
Oakisland posts ante 60
_SKR posts ante 60
Papy kriss posts ante 60
AAsdepiK posts small blind 250
Oakisland posts big blind 500
Dealt to _SKR [6h Jh]
*** PRE-FLOP *** 
_SKR folds
Papy kriss folds
AAsdepiK calls 250
Oakisland checks
*** FLOP *** [2s Qs 4s]
AAsdepiK checks
Oakisland checks
*** TURN *** [2s Qs 4s][3d]
AAsdepiK checks
Oakisland checks
*** RIVER *** [2s Qs 4s 3d][Td]
AAsdepiK checks
Oakisland checks
*** SHOW DOWN ***
AAsdepiK shows [Jc 5d] (High card : Queen)
Oakisland shows [6s 2h] (One pair : 2)
Oakisland collected 1240 from pot
*** SUMMARY ***
Total pot 1240 | No rake
Board: [2s Qs 4s 3d Td]
Seat 1: Oakisland (big blind) showed [6s 2h] and won 1240 with One pair : 2
Seat 4: AAsdepiK (small blind) showed [Jc 5d] and lost with High card : Queen


Winamax Poker - Tournament "QUATTRO" buyIn: 1.80€ + 0.20€ level: 6 - HandId: #2678092733905633288-97-1676576971 - Holdem no limit (60/250/500) - 2023/02/16 19:49:31 UTC
Table: 'QUATTRO(623542055)#0007' 4-max (real money) Seat #4 is the button
Seat 1: Oakisland (21781, 0.90€ bounty)
Seat 2: _SKR (18671, 0.90€ bounty)
Seat 3: Papy kriss (94394, 2.70€ bounty)
Seat 4: AAsdepiK (20601, 0.90€ bounty)
*** ANTE/BLINDS ***
Oakisland posts ante 60
_SKR posts ante 60
Papy kriss posts ante 60
AAsdepiK posts ante 60
Oakisland posts small blind 250
_SKR posts big blind 500
Dealt to _SKR [6h 7c]
*** PRE-FLOP *** 
Papy kriss folds
AAsdepiK raises 625 to 1125
Oakisland folds
_SKR folds
AAsdepiK collected 2115 from pot
*** SUMMARY ***
Total pot 2115 | No rake
Seat 4: AAsdepiK (button) won 2115


Winamax Poker - Tournament "QUATTRO" buyIn: 1.80€ + 0.20€ level: 6 - HandId: #2678092733905633288-98-1676576985 - Holdem no limit (60/250/500) - 2023/02/16 19:49:45 UTC
Table: 'QUATTRO(623542055)#0007' 4-max (real money) Seat #1 is the button
Seat 1: Oakisland (21471, 0.90€ bounty)
Seat 2: _SKR (18111, 0.90€ bounty)
Seat 3: Papy kriss (94334, 2.70€ bounty)
Seat 4: AAsdepiK (21531, 0.90€ bounty)
*** ANTE/BLINDS ***
_SKR posts ante 60
Papy kriss posts ante 60
Oakisland posts ante 60
AAsdepiK posts ante 60
_SKR posts small blind 250
Papy kriss posts big blind 500
Dealt to _SKR [4c 6c]
*** PRE-FLOP *** 
AAsdepiK folds
Oakisland folds
_SKR calls 250
Papy kriss raises 1740 to 2240
_SKR folds
Papy kriss collected 2980 from pot
*** SUMMARY ***
Total pot 2980 | No rake
Seat 3: Papy kriss (big blind) won 2980


Winamax Poker - Tournament "QUATTRO" buyIn: 1.80€ + 0.20€ level: 6 - HandId: #2678092733905633288-99-1676577003 - Holdem no limit (60/250/500) - 2023/02/16 19:50:03 UTC
Table: 'QUATTRO(623542055)#0007' 4-max (real money) Seat #2 is the button
Seat 1: Oakisland (21411, 0.90€ bounty)
Seat 2: _SKR (17551, 0.90€ bounty)
Seat 3: Papy kriss (95014, 2.70€ bounty)
Seat 4: AAsdepiK (21471, 0.90€ bounty)
*** ANTE/BLINDS ***
Papy kriss posts ante 60
AAsdepiK posts ante 60
Oakisland posts ante 60
_SKR posts ante 60
Papy kriss posts small blind 250
AAsdepiK posts big blind 500
Dealt to _SKR [Ts 2h]
*** PRE-FLOP *** 
Oakisland folds
_SKR folds
Papy kriss folds
AAsdepiK collected 990 from pot
*** SUMMARY ***
Total pot 990 | No rake
Seat 4: AAsdepiK (big blind) won 990


Winamax Poker - Tournament "QUATTRO" buyIn: 1.80€ + 0.20€ level: 6 - HandId: #2678092733905633288-100-1676577014 - Holdem no limit (60/250/500) - 2023/02/16 19:50:14 UTC
Table: 'QUATTRO(623542055)#0007' 4-max (real money) Seat #3 is the button
Seat 1: Oakisland (21351, 0.90€ bounty)
Seat 2: _SKR (17491, 0.90€ bounty)
Seat 3: Papy kriss (94704, 2.70€ bounty)
Seat 4: AAsdepiK (21901, 0.90€ bounty)
*** ANTE/BLINDS ***
AAsdepiK posts ante 60
Oakisland posts ante 60
_SKR posts ante 60
Papy kriss posts ante 60
AAsdepiK posts small blind 250
Oakisland posts big blind 500
Dealt to _SKR [4s 7c]
*** PRE-FLOP *** 
_SKR folds
Papy kriss folds
AAsdepiK calls 250
Oakisland checks
*** FLOP *** [2h Kh 6s]
AAsdepiK checks
Oakisland checks
*** TURN *** [2h Kh 6s][Qh]
AAsdepiK checks
Oakisland checks
*** RIVER *** [2h Kh 6s Qh][As]
AAsdepiK bets 620
Oakisland folds
AAsdepiK collected 1860 from pot
*** SUMMARY ***
Total pot 1860 | No rake
Board: [2h Kh 6s Qh As]
Seat 4: AAsdepiK (small blind) won 1860


Winamax Poker - Tournament "QUATTRO" buyIn: 1.80€ + 0.20€ level: 6 - HandId: #2678092733905633288-101-1676577058 - Holdem no limit (60/250/500) - 2023/02/16 19:50:58 UTC
Table: 'QUATTRO(623542055)#0007' 4-max (real money) Seat #4 is the button
Seat 1: Oakisland (20791, 0.90€ bounty)
Seat 2: _SKR (17431, 0.90€ bounty)
Seat 3: Papy kriss (94644, 2.70€ bounty)
Seat 4: AAsdepiK (22581, 0.90€ bounty)
*** ANTE/BLINDS ***
Oakisland posts ante 60
_SKR posts ante 60
Papy kriss posts ante 60
AAsdepiK posts ante 60
Oakisland posts small blind 250
_SKR posts big blind 500
Dealt to _SKR [6c 4h]
*** PRE-FLOP *** 
Papy kriss raises 500 to 1000
AAsdepiK folds
Oakisland folds
_SKR folds
Papy kriss collected 1990 from pot
*** SUMMARY ***
Total pot 1990 | No rake
Seat 3: Papy kriss won 1990


Winamax Poker - Tournament "QUATTRO" buyIn: 1.80€ + 0.20€ level: 7 - HandId: #2678092733905633288-102-1676577074 - Holdem no limit (70/300/600) - 2023/02/16 19:51:14 UTC
Table: 'QUATTRO(623542055)#0007' 4-max (real money) Seat #1 is the button
Seat 1: Oakisland (20481, 0.90€ bounty)
Seat 2: _SKR (16871, 0.90€ bounty)
Seat 3: Papy kriss (95574, 2.70€ bounty)
Seat 4: AAsdepiK (22521, 0.90€ bounty)
*** ANTE/BLINDS ***
_SKR posts ante 70
Papy kriss posts ante 70
Oakisland posts ante 70
AAsdepiK posts ante 70
_SKR posts small blind 300
Papy kriss posts big blind 600
Dealt to _SKR [4d Jd]
*** PRE-FLOP *** 
AAsdepiK folds
Oakisland folds
_SKR calls 300
Papy kriss checks
*** FLOP *** [8s 2h 2s]
_SKR checks
Papy kriss checks
*** TURN *** [8s 2h 2s][9s]
_SKR checks
Papy kriss bets 740
_SKR folds
Papy kriss collected 2220 from pot
*** SUMMARY ***
Total pot 2220 | No rake
Board: [8s 2h 2s 9s]
Seat 3: Papy kriss (big blind) won 2220


Winamax Poker - Tournament "QUATTRO" buyIn: 1.80€ + 0.20€ level: 7 - HandId: #2678092733905633288-103-1676577116 - Holdem no limit (70/300/600) - 2023/02/16 19:51:56 UTC
Table: 'QUATTRO(623542055)#0007' 4-max (real money) Seat #2 is the button
Seat 2: _SKR (16201, 0.90€ bounty)
Seat 3: Papy kriss (96384, 2.70€ bounty)
Seat 4: AAsdepiK (22451, 0.90€ bounty)
*** ANTE/BLINDS ***
Papy kriss posts ante 70
AAsdepiK posts ante 70
_SKR posts ante 70
Papy kriss posts small blind 300
AAsdepiK posts big blind 600
Dealt to _SKR [7d Ad]
*** PRE-FLOP *** 
_SKR raises 750 to 1350
Papy kriss folds
AAsdepiK raises 21031 to 22381 and is all-in
_SKR calls 14781 and is all-in
*** FLOP *** [Jh 8h 4c]
*** TURN *** [Jh 8h 4c][3s]
*** RIVER *** [Jh 8h 4c 3s][Qs]
*** SHOW DOWN ***
_SKR shows [7d Ad] (High card : Ace)
AAsdepiK shows [5h 5c] (One pair : 5)
AAsdepiK collected 39022 from pot
*** SUMMARY ***
Total pot 39022 | No rake
Board: [Jh 8h 4c 3s Qs]
Seat 2: _SKR (button) showed [7d Ad] and lost with High card : Ace
Seat 4: AAsdepiK (big blind) showed [5h 5c] and won 39022 with One pair : 5


