Winamax Poker - Tournament "Expresso Nitro" buyIn: 1.86€ + 0.14€ level: 1 - HandId: #2694796982706241537-1-1674958231 - Holdem no limit (10/20) - 2023/01/29 02:10:31 UTC
Table: 'Expresso Nitro(627431316)#0' 3-max (real money) Seat #1 is the button
Seat 1: juan_Boss589 (300)
Seat 2: _SKR (300)
Seat 3: Kynsei (300)
*** ANTE/BLINDS ***
_SKR posts small blind 10
Kynsei posts big blind 20
Dealt to _SKR [Kh 6d]
*** PRE-FLOP *** 
juan_Boss589 calls 20
_SKR folds
Kynsei checks
*** FLOP *** [4s 5d Ac]
Kynsei checks
juan_Boss589 bets 20
Kynsei folds
juan_Boss589 collected 70 from pot
*** SUMMARY ***
Total pot 70 | No rake
Board: [4s 5d Ac]
Seat 1: juan_Boss589 (button) won 70


Winamax Poker - Tournament "Expresso Nitro" buyIn: 1.86€ + 0.14€ level: 1 - HandId: #2694796982706241537-2-1674958242 - Holdem no limit (10/20) - 2023/01/29 02:10:42 UTC
Table: 'Expresso Nitro(627431316)#0' 3-max (real money) Seat #2 is the button
Seat 1: juan_Boss589 (330)
Seat 2: _SKR (290)
Seat 3: Kynsei (280)
*** ANTE/BLINDS ***
Kynsei posts small blind 10
juan_Boss589 posts big blind 20
Dealt to _SKR [As 9s]
*** PRE-FLOP *** 
_SKR raises 270 to 290 and is all-in
Kynsei calls 270 and is all-in
juan_Boss589 folds
*** FLOP *** [Td Th 8d]
*** TURN *** [Td Th 8d][9h]
*** RIVER *** [Td Th 8d 9h][3c]
*** SHOW DOWN ***
Kynsei shows [Ah 8c] (Two pairs : Tens and 8)
_SKR shows [As 9s] (Two pairs : Tens and 9)
_SKR collected 590 from pot
*** SUMMARY ***
Total pot 590 | No rake
Board: [Td Th 8d 9h 3c]
Seat 2: _SKR (button) showed [As 9s] and won 590 with Two pairs : Tens and 9
Seat 3: Kynsei (small blind) showed [Ah 8c] and lost with Two pairs : Tens and 8


Winamax Poker - Tournament "Expresso Nitro" buyIn: 1.86€ + 0.14€ level: 1 - HandId: #2694796982706241537-3-1674958258 - Holdem no limit (10/20) - 2023/01/29 02:10:58 UTC
Table: 'Expresso Nitro(627431316)#0' 3-max (real money) Seat #1 is the button
Seat 1: juan_Boss589 (310)
Seat 2: _SKR (590)
*** ANTE/BLINDS ***
juan_Boss589 posts small blind 10
_SKR posts big blind 20
Dealt to _SKR [3c 4c]
*** PRE-FLOP *** 
juan_Boss589 calls 10
_SKR checks
*** FLOP *** [8s 5s 3h]
_SKR checks
juan_Boss589 bets 20
_SKR calls 20
*** TURN *** [8s 5s 3h][7c]
_SKR checks
juan_Boss589 bets 20
_SKR folds
juan_Boss589 collected 100 from pot
*** SUMMARY ***
Total pot 100 | No rake
Board: [8s 5s 3h 7c]
Seat 1: juan_Boss589 (small blind) (button) won 100


Winamax Poker - Tournament "Expresso Nitro" buyIn: 1.86€ + 0.14€ level: 1 - HandId: #2694796982706241537-4-1674958279 - Holdem no limit (10/20) - 2023/01/29 02:11:19 UTC
Table: 'Expresso Nitro(627431316)#0' 3-max (real money) Seat #2 is the button
Seat 1: juan_Boss589 (350)
Seat 2: _SKR (550)
*** ANTE/BLINDS ***
_SKR posts small blind 10
juan_Boss589 posts big blind 20
Dealt to _SKR [8c 3s]
*** PRE-FLOP *** 
_SKR folds
juan_Boss589 collected 30 from pot
*** SUMMARY ***
Total pot 30 | No rake
Seat 1: juan_Boss589 (big blind) won 30


Winamax Poker - Tournament "Expresso Nitro" buyIn: 1.86€ + 0.14€ level: 1 - HandId: #2694796982706241537-5-1674958283 - Holdem no limit (10/20) - 2023/01/29 02:11:23 UTC
Table: 'Expresso Nitro(627431316)#0' 3-max (real money) Seat #1 is the button
Seat 1: juan_Boss589 (360)
Seat 2: _SKR (540)
*** ANTE/BLINDS ***
juan_Boss589 posts small blind 10
_SKR posts big blind 20
Dealt to _SKR [8s Ah]
*** PRE-FLOP *** 
juan_Boss589 folds
_SKR collected 30 from pot
*** SUMMARY ***
Total pot 30 | No rake
Seat 2: _SKR (big blind) won 30


Winamax Poker - Tournament "Expresso Nitro" buyIn: 1.86€ + 0.14€ level: 2 - HandId: #2694796982706241537-6-1674958288 - Holdem no limit (15/30) - 2023/01/29 02:11:28 UTC
Table: 'Expresso Nitro(627431316)#0' 3-max (real money) Seat #2 is the button
Seat 1: juan_Boss589 (350)
Seat 2: _SKR (550)
*** ANTE/BLINDS ***
_SKR posts small blind 15
juan_Boss589 posts big blind 30
Dealt to _SKR [7h Qc]
*** PRE-FLOP *** 
_SKR calls 15
juan_Boss589 checks
*** FLOP *** [7d 3h 2c]
juan_Boss589 checks
_SKR bets 30
juan_Boss589 calls 30
*** TURN *** [7d 3h 2c][Ac]
juan_Boss589 checks
_SKR bets 60
juan_Boss589 calls 60
*** RIVER *** [7d 3h 2c Ac][6h]
juan_Boss589 checks
_SKR checks
*** SHOW DOWN ***
juan_Boss589 shows [6d 4s] (One pair : 6)
_SKR shows [7h Qc] (One pair : 7)
_SKR collected 240 from pot
*** SUMMARY ***
Total pot 240 | No rake
Board: [7d 3h 2c Ac 6h]
Seat 1: juan_Boss589 (big blind) showed [6d 4s] and lost with One pair : 6
Seat 2: _SKR (small blind) (button) showed [7h Qc] and won 240 with One pair : 7


Winamax Poker - Tournament "Expresso Nitro" buyIn: 1.86€ + 0.14€ level: 2 - HandId: #2694796982706241537-7-1674958311 - Holdem no limit (15/30) - 2023/01/29 02:11:51 UTC
Table: 'Expresso Nitro(627431316)#0' 3-max (real money) Seat #1 is the button
Seat 1: juan_Boss589 (230)
Seat 2: _SKR (670)
*** ANTE/BLINDS ***
juan_Boss589 posts small blind 15
_SKR posts big blind 30
Dealt to _SKR [6s Td]
*** PRE-FLOP *** 
juan_Boss589 calls 15
_SKR checks
*** FLOP *** [5h Js Qh]
_SKR checks
juan_Boss589 checks
*** TURN *** [5h Js Qh][3d]
_SKR checks
juan_Boss589 checks
*** RIVER *** [5h Js Qh 3d][6c]
_SKR checks
juan_Boss589 checks
*** SHOW DOWN ***
juan_Boss589 shows [8c 4s] (High card : Queen)
_SKR shows [6s Td] (One pair : 6)
_SKR collected 60 from pot
*** SUMMARY ***
Total pot 60 | No rake
Board: [5h Js Qh 3d 6c]
Seat 1: juan_Boss589 (small blind) (button) showed [8c 4s] and lost with High card : Queen
Seat 2: _SKR (big blind) showed [6s Td] and won 60 with One pair : 6


Winamax Poker - Tournament "Expresso Nitro" buyIn: 1.86€ + 0.14€ level: 2 - HandId: #2694796982706241537-8-1674958344 - Holdem no limit (15/30) - 2023/01/29 02:12:24 UTC
Table: 'Expresso Nitro(627431316)#0' 3-max (real money) Seat #2 is the button
Seat 1: juan_Boss589 (200)
Seat 2: _SKR (700)
*** ANTE/BLINDS ***
_SKR posts small blind 15
juan_Boss589 posts big blind 30
Dealt to _SKR [2c 5d]
*** PRE-FLOP *** 
_SKR folds
juan_Boss589 collected 45 from pot
*** SUMMARY ***
Total pot 45 | No rake
Seat 1: juan_Boss589 (big blind) won 45


Winamax Poker - Tournament "Expresso Nitro" buyIn: 1.86€ + 0.14€ level: 3 - HandId: #2694796982706241537-9-1674958349 - Holdem no limit (20/40) - 2023/01/29 02:12:29 UTC
Table: 'Expresso Nitro(627431316)#0' 3-max (real money) Seat #1 is the button
Seat 1: juan_Boss589 (215)
Seat 2: _SKR (685)
*** ANTE/BLINDS ***
juan_Boss589 posts small blind 20
_SKR posts big blind 40
Dealt to _SKR [Qs 9c]
*** PRE-FLOP *** 
juan_Boss589 folds
_SKR collected 60 from pot
*** SUMMARY ***
Total pot 60 | No rake
Seat 2: _SKR (big blind) won 60


Winamax Poker - Tournament "Expresso Nitro" buyIn: 1.86€ + 0.14€ level: 3 - HandId: #2694796982706241537-10-1674958353 - Holdem no limit (20/40) - 2023/01/29 02:12:33 UTC
Table: 'Expresso Nitro(627431316)#0' 3-max (real money) Seat #2 is the button
Seat 1: juan_Boss589 (195)
Seat 2: _SKR (705)
*** ANTE/BLINDS ***
_SKR posts small blind 20
juan_Boss589 posts big blind 40
Dealt to _SKR [7s 5d]
*** PRE-FLOP *** 
_SKR folds
juan_Boss589 collected 60 from pot
*** SUMMARY ***
Total pot 60 | No rake
Seat 1: juan_Boss589 (big blind) won 60


Winamax Poker - Tournament "Expresso Nitro" buyIn: 1.86€ + 0.14€ level: 3 - HandId: #2694796982706241537-11-1674958357 - Holdem no limit (20/40) - 2023/01/29 02:12:37 UTC
Table: 'Expresso Nitro(627431316)#0' 3-max (real money) Seat #1 is the button
Seat 1: juan_Boss589 (215)
Seat 2: _SKR (685)
*** ANTE/BLINDS ***
juan_Boss589 posts small blind 20
_SKR posts big blind 40
Dealt to _SKR [As 6s]
*** PRE-FLOP *** 
juan_Boss589 raises 175 to 215 and is all-in
_SKR calls 175
*** FLOP *** [Jh Ac Kh]
*** TURN *** [Jh Ac Kh][6h]
*** RIVER *** [Jh Ac Kh 6h][Td]
*** SHOW DOWN ***
juan_Boss589 shows [9h Jd] (One pair : Jacks)
_SKR shows [As 6s] (Two pairs : Aces and 6)
_SKR collected 430 from pot
*** SUMMARY ***
Total pot 430 | No rake
Board: [Jh Ac Kh 6h Td]
Seat 1: juan_Boss589 (small blind) (button) showed [9h Jd] and lost with One pair : Jacks
Seat 2: _SKR (big blind) showed [As 6s] and won 430 with Two pairs : Aces and 6


