Winamax Poker - Tournament "Expresso Nitro" buyIn: 0.93€ + 0.07€ level: 1 - HandId: #2689823578081198081-1-1674654084 - Holdem no limit (10/20) - 2023/01/25 13:41:24 UTC
Table: 'Expresso Nitro(626273355)#0' 3-max (real money) Seat #2 is the button
Seat 1: Enzo44213 (300)
Seat 2: _SKR (300)
Seat 3: Mouelleux (300)
*** ANTE/BLINDS ***
Mouelleux posts small blind 10
Enzo44213 posts big blind 20
Dealt to _SKR [8d Ks]
*** PRE-FLOP *** 
_SKR folds
Mouelleux folds
Enzo44213 collected 30 from pot
*** SUMMARY ***
Total pot 30 | No rake
Seat 1: Enzo44213 (big blind) won 30


Winamax Poker - Tournament "Expresso Nitro" buyIn: 0.93€ + 0.07€ level: 1 - HandId: #2689823578081198081-2-1674654092 - Holdem no limit (10/20) - 2023/01/25 13:41:32 UTC
Table: 'Expresso Nitro(626273355)#0' 3-max (real money) Seat #3 is the button
Seat 1: Enzo44213 (310)
Seat 2: _SKR (300)
Seat 3: Mouelleux (290)
*** ANTE/BLINDS ***
Enzo44213 posts small blind 10
_SKR posts big blind 20
Dealt to _SKR [4d 7d]
*** PRE-FLOP *** 
Mouelleux raises 270 to 290 and is all-in
Enzo44213 calls 280
_SKR folds
*** FLOP *** [Ac 7h Ad]
*** TURN *** [Ac 7h Ad][3c]
*** RIVER *** [Ac 7h Ad 3c][6d]
*** SHOW DOWN ***
Enzo44213 shows [Jc Kc] (One pair : Aces)
Mouelleux shows [Ah 9h] (Trips of Aces)
Mouelleux collected 600 from pot
*** SUMMARY ***
Total pot 600 | No rake
Board: [Ac 7h Ad 3c 6d]
Seat 1: Enzo44213 (small blind) showed [Jc Kc] and lost with One pair : Aces
Seat 3: Mouelleux (button) showed [Ah 9h] and won 600 with Trips of Aces


Winamax Poker - Tournament "Expresso Nitro" buyIn: 0.93€ + 0.07€ level: 1 - HandId: #2689823578081198081-3-1674654108 - Holdem no limit (10/20) - 2023/01/25 13:41:48 UTC
Table: 'Expresso Nitro(626273355)#0' 3-max (real money) Seat #1 is the button
Seat 1: Enzo44213 (20)
Seat 2: _SKR (280)
Seat 3: Mouelleux (600)
*** ANTE/BLINDS ***
_SKR posts small blind 10
Mouelleux posts big blind 20
Dealt to _SKR [Qd 2s]
*** PRE-FLOP *** 
Enzo44213 calls 20 and is all-in
_SKR folds
*** FLOP *** [7c Kh 2h]
*** TURN *** [7c Kh 2h][6h]
*** RIVER *** [7c Kh 2h 6h][9d]
*** SHOW DOWN ***
Mouelleux shows [Td 2d] (One pair : 2)
Enzo44213 shows [Th Ks] (One pair : Kings)
Enzo44213 collected 50 from pot
*** SUMMARY ***
Total pot 50 | No rake
Board: [7c Kh 2h 6h 9d]
Seat 1: Enzo44213 (button) showed [Th Ks] and won 50 with One pair : Kings
Seat 3: Mouelleux (big blind) showed [Td 2d] and lost with One pair : 2


Winamax Poker - Tournament "Expresso Nitro" buyIn: 0.93€ + 0.07€ level: 1 - HandId: #2689823578081198081-4-1674654121 - Holdem no limit (10/20) - 2023/01/25 13:42:01 UTC
Table: 'Expresso Nitro(626273355)#0' 3-max (real money) Seat #2 is the button
Seat 1: Enzo44213 (50)
Seat 2: _SKR (270)
Seat 3: Mouelleux (580)
*** ANTE/BLINDS ***
Mouelleux posts small blind 10
Enzo44213 posts big blind 20
Dealt to _SKR [7h 3s]
*** PRE-FLOP *** 
_SKR folds
Mouelleux raises 20 to 40
Enzo44213 raises 10 to 50 and is all-in
Mouelleux calls 10
*** FLOP *** [Kd 3d Qs]
*** TURN *** [Kd 3d Qs][7d]
*** RIVER *** [Kd 3d Qs 7d][Jd]
*** SHOW DOWN ***
Enzo44213 shows [Tc 5s] (High card : King)
Mouelleux shows [8d Ad] (Flush Ace high)
Mouelleux collected 100 from pot
*** SUMMARY ***
Total pot 100 | No rake
Board: [Kd 3d Qs 7d Jd]
Seat 1: Enzo44213 (big blind) showed [Tc 5s] and lost with High card : King
Seat 3: Mouelleux (small blind) showed [8d Ad] and won 100 with Flush Ace high


Winamax Poker - Tournament "Expresso Nitro" buyIn: 0.93€ + 0.07€ level: 1 - HandId: #2689823578081198081-5-1674654139 - Holdem no limit (10/20) - 2023/01/25 13:42:19 UTC
Table: 'Expresso Nitro(626273355)#0' 3-max (real money) Seat #2 is the button
Seat 2: _SKR (270)
Seat 3: Mouelleux (630)
*** ANTE/BLINDS ***
_SKR posts small blind 10
Mouelleux posts big blind 20
Dealt to _SKR [Ts 6h]
*** PRE-FLOP *** 
_SKR folds
Mouelleux collected 30 from pot
*** SUMMARY ***
Total pot 30 | No rake
Seat 3: Mouelleux (big blind) won 30


Winamax Poker - Tournament "Expresso Nitro" buyIn: 0.93€ + 0.07€ level: 2 - HandId: #2689823578081198081-6-1674654142 - Holdem no limit (15/30) - 2023/01/25 13:42:22 UTC
Table: 'Expresso Nitro(626273355)#0' 3-max (real money) Seat #3 is the button
Seat 2: _SKR (260)
Seat 3: Mouelleux (640)
*** ANTE/BLINDS ***
Mouelleux posts small blind 15
_SKR posts big blind 30
Dealt to _SKR [5h Ts]
*** PRE-FLOP *** 
Mouelleux folds
_SKR collected 45 from pot
*** SUMMARY ***
Total pot 45 | No rake
Seat 2: _SKR (big blind) won 45


Winamax Poker - Tournament "Expresso Nitro" buyIn: 0.93€ + 0.07€ level: 2 - HandId: #2689823578081198081-7-1674654146 - Holdem no limit (15/30) - 2023/01/25 13:42:26 UTC
Table: 'Expresso Nitro(626273355)#0' 3-max (real money) Seat #2 is the button
Seat 2: _SKR (275)
Seat 3: Mouelleux (625)
*** ANTE/BLINDS ***
_SKR posts small blind 15
Mouelleux posts big blind 30
Dealt to _SKR [Ah Td]
*** PRE-FLOP *** 
_SKR raises 245 to 275 and is all-in
Mouelleux folds
_SKR collected 305 from pot
*** SUMMARY ***
Total pot 305 | No rake
Seat 2: _SKR (small blind) (button) won 305


Winamax Poker - Tournament "Expresso Nitro" buyIn: 0.93€ + 0.07€ level: 2 - HandId: #2689823578081198081-8-1674654151 - Holdem no limit (15/30) - 2023/01/25 13:42:31 UTC
Table: 'Expresso Nitro(626273355)#0' 3-max (real money) Seat #3 is the button
Seat 2: _SKR (305)
Seat 3: Mouelleux (595)
*** ANTE/BLINDS ***
Mouelleux posts small blind 15
_SKR posts big blind 30
Dealt to _SKR [Ah 4s]
*** PRE-FLOP *** 
Mouelleux calls 15
_SKR raises 275 to 305 and is all-in
Mouelleux folds
_SKR collected 335 from pot
*** SUMMARY ***
Total pot 335 | No rake
Seat 2: _SKR (big blind) won 335


Winamax Poker - Tournament "Expresso Nitro" buyIn: 0.93€ + 0.07€ level: 2 - HandId: #2689823578081198081-9-1674654159 - Holdem no limit (15/30) - 2023/01/25 13:42:39 UTC
Table: 'Expresso Nitro(626273355)#0' 3-max (real money) Seat #2 is the button
Seat 2: _SKR (335)
Seat 3: Mouelleux (565)
*** ANTE/BLINDS ***
_SKR posts small blind 15
Mouelleux posts big blind 30
Dealt to _SKR [Kh Tc]
*** PRE-FLOP *** 
_SKR raises 305 to 335 and is all-in
Mouelleux raises 230 to 565 and is all-in
*** FLOP *** [Qs 9s Jh]
*** TURN *** [Qs 9s Jh][3h]
*** RIVER *** [Qs 9s Jh 3h][Qd]
*** SHOW DOWN ***
_SKR shows [Kh Tc] (Straight King high)
Mouelleux shows [Ah 4h] (One pair : Queens)
Mouelleux collected 230 from side pot 1
_SKR collected 670 from main pot
*** SUMMARY ***
Total pot 900 | No rake
Board: [Qs 9s Jh 3h Qd]
Seat 2: _SKR (small blind) (button) showed [Kh Tc] and won 670 with Straight King high
Seat 3: Mouelleux (big blind) showed [Ah 4h] and won 230 with One pair : Queens


Winamax Poker - Tournament "Expresso Nitro" buyIn: 0.93€ + 0.07€ level: 2 - HandId: #2689823578081198081-10-1674654170 - Holdem no limit (15/30) - 2023/01/25 13:42:50 UTC
Table: 'Expresso Nitro(626273355)#0' 3-max (real money) Seat #3 is the button
Seat 2: _SKR (670)
Seat 3: Mouelleux (230)
*** ANTE/BLINDS ***
Mouelleux posts small blind 15
_SKR posts big blind 30
Dealt to _SKR [Ah Kc]
*** PRE-FLOP *** 
Mouelleux raises 200 to 230 and is all-in
_SKR calls 200
*** FLOP *** [7h 2c Th]
*** TURN *** [7h 2c Th][5s]
*** RIVER *** [7h 2c Th 5s][Kh]
*** SHOW DOWN ***
Mouelleux shows [9h Qs] (High card : King)
_SKR shows [Ah Kc] (One pair : Kings)
_SKR collected 460 from pot
*** SUMMARY ***
Total pot 460 | No rake
Board: [7h 2c Th 5s Kh]
Seat 2: _SKR (big blind) showed [Ah Kc] and won 460 with One pair : Kings
Seat 3: Mouelleux (small blind) (button) showed [9h Qs] and lost with High card : King


