Winamax Poker - Tournament "Expresso Nitro" buyIn: 1.86€ + 0.14€ level: 1 - HandId: #2694796505964871681-1-1674958180 - Holdem no limit (10/20) - 2023/01/29 02:09:40 UTC
Table: 'Expresso Nitro(627431205)#0' 3-max (real money) Seat #1 is the button
Seat 1: _SKR (300)
Seat 2: HerrBeton (300)
Seat 3: Rafa775 (300)
*** ANTE/BLINDS ***
HerrBeton posts small blind 10
Rafa775 posts big blind 20
Dealt to _SKR [5c Qh]
*** PRE-FLOP *** 
_SKR folds
HerrBeton folds
Rafa775 collected 30 from pot
*** SUMMARY ***
Total pot 30 | No rake
Seat 3: Rafa775 (big blind) won 30


Winamax Poker - Tournament "Expresso Nitro" buyIn: 1.86€ + 0.14€ level: 1 - HandId: #2694796505964871681-2-1674958190 - Holdem no limit (10/20) - 2023/01/29 02:09:50 UTC
Table: 'Expresso Nitro(627431205)#0' 3-max (real money) Seat #2 is the button
Seat 1: _SKR (300)
Seat 2: HerrBeton (290)
Seat 3: Rafa775 (310)
*** ANTE/BLINDS ***
Rafa775 posts small blind 10
_SKR posts big blind 20
Dealt to _SKR [5c 3h]
*** PRE-FLOP *** 
HerrBeton folds
Rafa775 folds
_SKR collected 30 from pot
*** SUMMARY ***
Total pot 30 | No rake
Seat 1: _SKR (big blind) won 30


Winamax Poker - Tournament "Expresso Nitro" buyIn: 1.86€ + 0.14€ level: 1 - HandId: #2694796505964871681-3-1674958204 - Holdem no limit (10/20) - 2023/01/29 02:10:04 UTC
Table: 'Expresso Nitro(627431205)#0' 3-max (real money) Seat #3 is the button
Seat 1: _SKR (310)
Seat 2: HerrBeton (290)
Seat 3: Rafa775 (300)
*** ANTE/BLINDS ***
_SKR posts small blind 10
HerrBeton posts big blind 20
Dealt to _SKR [3s Qd]
*** PRE-FLOP *** 
Rafa775 calls 20
_SKR folds
HerrBeton checks
*** FLOP *** [2d 5c Jh]
HerrBeton checks
Rafa775 checks
*** TURN *** [2d 5c Jh][7h]
HerrBeton checks
Rafa775 checks
*** RIVER *** [2d 5c Jh 7h][Tc]
HerrBeton checks
Rafa775 bets 20
HerrBeton calls 20
*** SHOW DOWN ***
HerrBeton shows [4d 2c] (One pair : 2)
Rafa775 shows [Td 8s] (One pair : Tens)
Rafa775 collected 90 from pot
*** SUMMARY ***
Total pot 90 | No rake
Board: [2d 5c Jh 7h Tc]
Seat 2: HerrBeton (big blind) showed [4d 2c] and lost with One pair : 2
Seat 3: Rafa775 (button) showed [Td 8s] and won 90 with One pair : Tens


Winamax Poker - Tournament "Expresso Nitro" buyIn: 1.86€ + 0.14€ level: 2 - HandId: #2694796505964871681-4-1674958260 - Holdem no limit (15/30) - 2023/01/29 02:11:00 UTC
Table: 'Expresso Nitro(627431205)#0' 3-max (real money) Seat #1 is the button
Seat 1: _SKR (300)
Seat 2: HerrBeton (250)
Seat 3: Rafa775 (350)
*** ANTE/BLINDS ***
HerrBeton posts small blind 15
Rafa775 posts big blind 30
Dealt to _SKR [2s 4c]
*** PRE-FLOP *** 
_SKR folds
HerrBeton folds
Rafa775 collected 45 from pot
*** SUMMARY ***
Total pot 45 | No rake
Seat 3: Rafa775 (big blind) won 45


Winamax Poker - Tournament "Expresso Nitro" buyIn: 1.86€ + 0.14€ level: 2 - HandId: #2694796505964871681-5-1674958271 - Holdem no limit (15/30) - 2023/01/29 02:11:11 UTC
Table: 'Expresso Nitro(627431205)#0' 3-max (real money) Seat #2 is the button
Seat 1: _SKR (300)
Seat 2: HerrBeton (235)
Seat 3: Rafa775 (365)
*** ANTE/BLINDS ***
Rafa775 posts small blind 15
_SKR posts big blind 30
Dealt to _SKR [4h 3d]
*** PRE-FLOP *** 
HerrBeton folds
Rafa775 folds
_SKR collected 45 from pot
*** SUMMARY ***
Total pot 45 | No rake
Seat 1: _SKR (big blind) won 45


Winamax Poker - Tournament "Expresso Nitro" buyIn: 1.86€ + 0.14€ level: 2 - HandId: #2694796505964871681-6-1674958278 - Holdem no limit (15/30) - 2023/01/29 02:11:18 UTC
Table: 'Expresso Nitro(627431205)#0' 3-max (real money) Seat #3 is the button
Seat 1: _SKR (315)
Seat 2: HerrBeton (235)
Seat 3: Rafa775 (350)
*** ANTE/BLINDS ***
_SKR posts small blind 15
HerrBeton posts big blind 30
Dealt to _SKR [6c 4c]
*** PRE-FLOP *** 
Rafa775 calls 30
_SKR folds
HerrBeton checks
*** FLOP *** [As Ad 7c]
HerrBeton checks
Rafa775 checks
*** TURN *** [As Ad 7c][2h]
HerrBeton bets 30
Rafa775 calls 30
*** RIVER *** [As Ad 7c 2h][8c]
HerrBeton checks
Rafa775 bets 290 and is all-in
HerrBeton folds
Rafa775 collected 425 from pot
*** SUMMARY ***
Total pot 425 | No rake
Board: [As Ad 7c 2h 8c]
Seat 3: Rafa775 (button) won 425


Winamax Poker - Tournament "Expresso Nitro" buyIn: 1.86€ + 0.14€ level: 3 - HandId: #2694796505964871681-7-1674958308 - Holdem no limit (20/40) - 2023/01/29 02:11:48 UTC
Table: 'Expresso Nitro(627431205)#0' 3-max (real money) Seat #1 is the button
Seat 1: _SKR (300)
Seat 2: HerrBeton (175)
Seat 3: Rafa775 (425)
*** ANTE/BLINDS ***
HerrBeton posts small blind 20
Rafa775 posts big blind 40
Dealt to _SKR [5h Ac]
*** PRE-FLOP *** 
_SKR raises 260 to 300 and is all-in
HerrBeton folds
Rafa775 folds
_SKR collected 360 from pot
*** SUMMARY ***
Total pot 360 | No rake
Seat 1: _SKR (button) won 360


Winamax Poker - Tournament "Expresso Nitro" buyIn: 1.86€ + 0.14€ level: 3 - HandId: #2694796505964871681-8-1674958316 - Holdem no limit (20/40) - 2023/01/29 02:11:56 UTC
Table: 'Expresso Nitro(627431205)#0' 3-max (real money) Seat #2 is the button
Seat 1: _SKR (360)
Seat 2: HerrBeton (155)
Seat 3: Rafa775 (385)
*** ANTE/BLINDS ***
Rafa775 posts small blind 20
_SKR posts big blind 40
Dealt to _SKR [9d 7c]
*** PRE-FLOP *** 
HerrBeton folds
Rafa775 calls 20
_SKR checks
*** FLOP *** [6d 3c 2d]
Rafa775 checks
_SKR checks
*** TURN *** [6d 3c 2d][Ts]
Rafa775 bets 40
_SKR folds
Rafa775 collected 120 from pot
*** SUMMARY ***
Total pot 120 | No rake
Board: [6d 3c 2d Ts]
Seat 3: Rafa775 (small blind) won 120


Winamax Poker - Tournament "Expresso Nitro" buyIn: 1.86€ + 0.14€ level: 3 - HandId: #2694796505964871681-9-1674958335 - Holdem no limit (20/40) - 2023/01/29 02:12:15 UTC
Table: 'Expresso Nitro(627431205)#0' 3-max (real money) Seat #3 is the button
Seat 1: _SKR (320)
Seat 2: HerrBeton (155)
Seat 3: Rafa775 (425)
*** ANTE/BLINDS ***
_SKR posts small blind 20
HerrBeton posts big blind 40
Dealt to _SKR [Jd Qh]
*** PRE-FLOP *** 
Rafa775 folds
_SKR raises 220 to 260
HerrBeton folds
_SKR collected 300 from pot
*** SUMMARY ***
Total pot 300 | No rake
Seat 1: _SKR (small blind) won 300


Winamax Poker - Tournament "Expresso Nitro" buyIn: 1.86€ + 0.14€ level: 3 - HandId: #2694796505964871681-10-1674958345 - Holdem no limit (20/40) - 2023/01/29 02:12:25 UTC
Table: 'Expresso Nitro(627431205)#0' 3-max (real money) Seat #1 is the button
Seat 1: _SKR (360)
Seat 2: HerrBeton (115)
Seat 3: Rafa775 (425)
*** ANTE/BLINDS ***
HerrBeton posts small blind 20
Rafa775 posts big blind 40
Dealt to _SKR [6h 8h]
*** PRE-FLOP *** 
_SKR folds
HerrBeton folds
Rafa775 collected 60 from pot
*** SUMMARY ***
Total pot 60 | No rake
Seat 3: Rafa775 (big blind) won 60


Winamax Poker - Tournament "Expresso Nitro" buyIn: 1.86€ + 0.14€ level: 4 - HandId: #2694796505964871681-11-1674958356 - Holdem no limit (30/60) - 2023/01/29 02:12:36 UTC
Table: 'Expresso Nitro(627431205)#0' 3-max (real money) Seat #2 is the button
Seat 1: _SKR (360)
Seat 2: HerrBeton (95)
Seat 3: Rafa775 (445)
*** ANTE/BLINDS ***
Rafa775 posts small blind 30
_SKR posts big blind 60
Dealt to _SKR [Td 9c]
*** PRE-FLOP *** 
HerrBeton raises 35 to 95 and is all-in
Rafa775 folds
_SKR calls 35
*** FLOP *** [4c Ac 6h]
*** TURN *** [4c Ac 6h][3s]
*** RIVER *** [4c Ac 6h 3s][Th]
*** SHOW DOWN ***
HerrBeton shows [Qh Kd] (High card : Ace)
_SKR shows [Td 9c] (One pair : Tens)
_SKR collected 220 from pot
*** SUMMARY ***
Total pot 220 | No rake
Board: [4c Ac 6h 3s Th]
Seat 1: _SKR (big blind) showed [Td 9c] and won 220 with One pair : Tens
Seat 2: HerrBeton (button) showed [Qh Kd] and lost with High card : Ace


Winamax Poker - Tournament "Expresso Nitro" buyIn: 1.86€ + 0.14€ level: 4 - HandId: #2694796505964871681-12-1674958375 - Holdem no limit (30/60) - 2023/01/29 02:12:55 UTC
Table: 'Expresso Nitro(627431205)#0' 3-max (real money) Seat #1 is the button
Seat 1: _SKR (485)
Seat 3: Rafa775 (415)
*** ANTE/BLINDS ***
_SKR posts small blind 30
Rafa775 posts big blind 60
Dealt to _SKR [4c 7d]
*** PRE-FLOP *** 
_SKR folds
Rafa775 collected 90 from pot
*** SUMMARY ***
Total pot 90 | No rake
Seat 3: Rafa775 (big blind) won 90


Winamax Poker - Tournament "Expresso Nitro" buyIn: 1.86€ + 0.14€ level: 4 - HandId: #2694796505964871681-13-1674958380 - Holdem no limit (30/60) - 2023/01/29 02:13:00 UTC
Table: 'Expresso Nitro(627431205)#0' 3-max (real money) Seat #3 is the button
Seat 1: _SKR (455)
Seat 3: Rafa775 (445)
*** ANTE/BLINDS ***
Rafa775 posts small blind 30
_SKR posts big blind 60
Dealt to _SKR [6h 7c]
*** PRE-FLOP *** 
Rafa775 folds
_SKR collected 90 from pot
*** SUMMARY ***
Total pot 90 | No rake
Seat 1: _SKR (big blind) won 90


Winamax Poker - Tournament "Expresso Nitro" buyIn: 1.86€ + 0.14€ level: 4 - HandId: #2694796505964871681-14-1674958394 - Holdem no limit (30/60) - 2023/01/29 02:13:14 UTC
Table: 'Expresso Nitro(627431205)#0' 3-max (real money) Seat #1 is the button
Seat 1: _SKR (485)
Seat 3: Rafa775 (415)
*** ANTE/BLINDS ***
_SKR posts small blind 30
Rafa775 posts big blind 60
Dealt to _SKR [2s 7s]
*** PRE-FLOP *** 
_SKR folds
Rafa775 collected 90 from pot
*** SUMMARY ***
Total pot 90 | No rake
Seat 3: Rafa775 (big blind) won 90


Winamax Poker - Tournament "Expresso Nitro" buyIn: 1.86€ + 0.14€ level: 4 - HandId: #2694796505964871681-15-1674958398 - Holdem no limit (30/60) - 2023/01/29 02:13:18 UTC
Table: 'Expresso Nitro(627431205)#0' 3-max (real money) Seat #3 is the button
Seat 1: _SKR (455)
Seat 3: Rafa775 (445)
*** ANTE/BLINDS ***
Rafa775 posts small blind 30
_SKR posts big blind 60
Dealt to _SKR [2d 4s]
*** PRE-FLOP *** 
Rafa775 raises 60 to 120
_SKR folds
Rafa775 collected 180 from pot
*** SUMMARY ***
Total pot 180 | No rake
Seat 3: Rafa775 (small blind) (button) won 180


Winamax Poker - Tournament "Expresso Nitro" buyIn: 1.86€ + 0.14€ level: 4 - HandId: #2694796505964871681-16-1674958406 - Holdem no limit (30/60) - 2023/01/29 02:13:26 UTC
Table: 'Expresso Nitro(627431205)#0' 3-max (real money) Seat #1 is the button
Seat 1: _SKR (395)
Seat 3: Rafa775 (505)
*** ANTE/BLINDS ***
_SKR posts small blind 30
Rafa775 posts big blind 60
Dealt to _SKR [5s 8c]
*** PRE-FLOP *** 
_SKR folds
Rafa775 collected 90 from pot
*** SUMMARY ***
Total pot 90 | No rake
Seat 3: Rafa775 (big blind) won 90


Winamax Poker - Tournament "Expresso Nitro" buyIn: 1.86€ + 0.14€ level: 4 - HandId: #2694796505964871681-17-1674958410 - Holdem no limit (30/60) - 2023/01/29 02:13:30 UTC
Table: 'Expresso Nitro(627431205)#0' 3-max (real money) Seat #3 is the button
Seat 1: _SKR (365)
Seat 3: Rafa775 (535)
*** ANTE/BLINDS ***
Rafa775 posts small blind 30
_SKR posts big blind 60
Dealt to _SKR [Jc 9d]
*** PRE-FLOP *** 
Rafa775 calls 30
_SKR raises 305 to 365 and is all-in
Rafa775 folds
_SKR collected 425 from pot
*** SUMMARY ***
Total pot 425 | No rake
Seat 1: _SKR (big blind) won 425


Winamax Poker - Tournament "Expresso Nitro" buyIn: 1.86€ + 0.14€ level: 5 - HandId: #2694796505964871681-18-1674958425 - Holdem no limit (40/80) - 2023/01/29 02:13:45 UTC
Table: 'Expresso Nitro(627431205)#0' 3-max (real money) Seat #1 is the button
Seat 1: _SKR (425)
Seat 3: Rafa775 (475)
*** ANTE/BLINDS ***
_SKR posts small blind 40
Rafa775 posts big blind 80
Dealt to _SKR [2s 7s]
*** PRE-FLOP *** 
_SKR folds
Rafa775 collected 120 from pot
*** SUMMARY ***
Total pot 120 | No rake
Seat 3: Rafa775 (big blind) won 120


Winamax Poker - Tournament "Expresso Nitro" buyIn: 1.86€ + 0.14€ level: 5 - HandId: #2694796505964871681-19-1674958431 - Holdem no limit (40/80) - 2023/01/29 02:13:51 UTC
Table: 'Expresso Nitro(627431205)#0' 3-max (real money) Seat #3 is the button
Seat 1: _SKR (385)
Seat 3: Rafa775 (515)
*** ANTE/BLINDS ***
Rafa775 posts small blind 40
_SKR posts big blind 80
Dealt to _SKR [5h Qc]
*** PRE-FLOP *** 
Rafa775 raises 435 to 515 and is all-in
_SKR calls 305 and is all-in
*** FLOP *** [Qs 2h 6s]
*** TURN *** [Qs 2h 6s][2c]
*** RIVER *** [Qs 2h 6s 2c][Js]
*** SHOW DOWN ***
_SKR shows [5h Qc] (Two pairs : Queens and 2)
Rafa775 shows [Tc Kc] (One pair : 2)
Rafa775 collected 130 from side pot 1
_SKR collected 770 from main pot
*** SUMMARY ***
Total pot 900 | No rake
Board: [Qs 2h 6s 2c Js]
Seat 1: _SKR (big blind) showed [5h Qc] and won 770 with Two pairs : Queens and 2
Seat 3: Rafa775 (small blind) (button) showed [Tc Kc] and won 130 with One pair : 2


Winamax Poker - Tournament "Expresso Nitro" buyIn: 1.86€ + 0.14€ level: 5 - HandId: #2694796505964871681-20-1674958445 - Holdem no limit (40/80) - 2023/01/29 02:14:05 UTC
Table: 'Expresso Nitro(627431205)#0' 3-max (real money) Seat #1 is the button
Seat 1: _SKR (770)
Seat 3: Rafa775 (130)
*** ANTE/BLINDS ***
_SKR posts small blind 40
Rafa775 posts big blind 80
Dealt to _SKR [Qd Kh]
*** PRE-FLOP *** 
_SKR raises 80 to 160
Rafa775 calls 50 and is all-in
*** FLOP *** [Ts 7c 4d]
*** TURN *** [Ts 7c 4d][2c]
*** RIVER *** [Ts 7c 4d 2c][8c]
*** SHOW DOWN ***
_SKR shows [Qd Kh] (High card : King)
Rafa775 shows [Ks Kd] (One pair : Kings)
Rafa775 collected 260 from main pot
_SKR collected 30 from side pot 1
*** SUMMARY ***
Total pot 290 | No rake
Board: [Ts 7c 4d 2c 8c]
Seat 1: _SKR (small blind) (button) showed [Qd Kh] and won 30 with High card : King
Seat 3: Rafa775 (big blind) showed [Ks Kd] and won 260 with One pair : Kings


Winamax Poker - Tournament "Expresso Nitro" buyIn: 1.86€ + 0.14€ level: 5 - HandId: #2694796505964871681-21-1674958457 - Holdem no limit (40/80) - 2023/01/29 02:14:17 UTC
Table: 'Expresso Nitro(627431205)#0' 3-max (real money) Seat #3 is the button
Seat 1: _SKR (640)
Seat 3: Rafa775 (260)
*** ANTE/BLINDS ***
Rafa775 posts small blind 40
_SKR posts big blind 80
Dealt to _SKR [5h Td]
*** PRE-FLOP *** 
Rafa775 folds
_SKR collected 120 from pot
*** SUMMARY ***
Total pot 120 | No rake
Seat 1: _SKR (big blind) won 120


Winamax Poker - Tournament "Expresso Nitro" buyIn: 1.86€ + 0.14€ level: 5 - HandId: #2694796505964871681-22-1674958460 - Holdem no limit (40/80) - 2023/01/29 02:14:20 UTC
Table: 'Expresso Nitro(627431205)#0' 3-max (real money) Seat #1 is the button
Seat 1: _SKR (680)
Seat 3: Rafa775 (220)
*** ANTE/BLINDS ***
_SKR posts small blind 40
Rafa775 posts big blind 80
Dealt to _SKR [2d 5h]
*** PRE-FLOP *** 
_SKR folds
Rafa775 collected 120 from pot
*** SUMMARY ***
Total pot 120 | No rake
Seat 3: Rafa775 (big blind) won 120


Winamax Poker - Tournament "Expresso Nitro" buyIn: 1.86€ + 0.14€ level: 5 - HandId: #2694796505964871681-23-1674958465 - Holdem no limit (40/80) - 2023/01/29 02:14:25 UTC
Table: 'Expresso Nitro(627431205)#0' 3-max (real money) Seat #3 is the button
Seat 1: _SKR (640)
Seat 3: Rafa775 (260)
*** ANTE/BLINDS ***
Rafa775 posts small blind 40
_SKR posts big blind 80
Dealt to _SKR [Js Jc]
*** PRE-FLOP *** 
Rafa775 raises 180 to 260 and is all-in
_SKR calls 180
*** FLOP *** [Kh Kc Qd]
*** TURN *** [Kh Kc Qd][6s]
*** RIVER *** [Kh Kc Qd 6s][8h]
*** SHOW DOWN ***
Rafa775 shows [Tc 9h] (One pair : Kings)
_SKR shows [Js Jc] (Two pairs : Kings and Jacks)
_SKR collected 520 from pot
*** SUMMARY ***
Total pot 520 | No rake
Board: [Kh Kc Qd 6s 8h]
Seat 1: _SKR (big blind) showed [Js Jc] and won 520 with Two pairs : Kings and Jacks
Seat 3: Rafa775 (small blind) (button) showed [Tc 9h] and lost with One pair : Kings


