Winamax Poker - Tournament "Expresso Nitro" buyIn: 0.93€ + 0.07€ level: 1 - HandId: #2675042087354761217-1-1673741375 - Holdem no limit (10/20) - 2023/01/15 00:09:35 UTC
Table: 'Expresso Nitro(622831771)#0' 3-max (real money) Seat #1 is the button
Seat 1: -Razorback- (300)
Seat 2: _SKR (300)
Seat 3: yoyoyo59 (300)
*** ANTE/BLINDS ***
_SKR posts small blind 10
yoyoyo59 posts big blind 20
Dealt to _SKR [8s Ks]
*** PRE-FLOP *** 
-Razorback- raises 20 to 40
_SKR raises 260 to 300 and is all-in
yoyoyo59 folds
-Razorback- calls 260 and is all-in
*** FLOP *** [Jc 6h 9d]
*** TURN *** [Jc 6h 9d][7d]
*** RIVER *** [Jc 6h 9d 7d][Ah]
*** SHOW DOWN ***
-Razorback- shows [Qs Ts] (High card : Ace)
_SKR shows [8s Ks] (High card : Ace)
_SKR collected 620 from pot
*** SUMMARY ***
Total pot 620 | No rake
Board: [Jc 6h 9d 7d Ah]
Seat 1: -Razorback- (button) showed [Qs Ts] and lost with High card : Ace
Seat 2: _SKR (small blind) showed [8s Ks] and won 620 with High card : Ace


Winamax Poker - Tournament "Expresso Nitro" buyIn: 0.93€ + 0.07€ level: 1 - HandId: #2675042087354761217-2-1673741402 - Holdem no limit (10/20) - 2023/01/15 00:10:02 UTC
Table: 'Expresso Nitro(622831771)#0' 3-max (real money) Seat #3 is the button
Seat 2: _SKR (620)
Seat 3: yoyoyo59 (280)
*** ANTE/BLINDS ***
yoyoyo59 posts small blind 10
_SKR posts big blind 20
Dealt to _SKR [Jh 4h]
*** PRE-FLOP *** 
yoyoyo59 calls 10
_SKR checks
*** FLOP *** [3d 2c 9h]
_SKR checks
yoyoyo59 checks
*** TURN *** [3d 2c 9h][8s]
_SKR checks
yoyoyo59 bets 20
_SKR folds
yoyoyo59 collected 60 from pot
*** SUMMARY ***
Total pot 60 | No rake
Board: [3d 2c 9h 8s]
Seat 3: yoyoyo59 (small blind) (button) won 60


Winamax Poker - Tournament "Expresso Nitro" buyIn: 0.93€ + 0.07€ level: 1 - HandId: #2675042087354761217-3-1673741417 - Holdem no limit (10/20) - 2023/01/15 00:10:17 UTC
Table: 'Expresso Nitro(622831771)#0' 3-max (real money) Seat #2 is the button
Seat 2: _SKR (600)
Seat 3: yoyoyo59 (300)
*** ANTE/BLINDS ***
_SKR posts small blind 10
yoyoyo59 posts big blind 20
Dealt to _SKR [2c 5c]
*** PRE-FLOP *** 
_SKR folds
yoyoyo59 collected 30 from pot
*** SUMMARY ***
Total pot 30 | No rake
Seat 3: yoyoyo59 (big blind) won 30


Winamax Poker - Tournament "Expresso Nitro" buyIn: 0.93€ + 0.07€ level: 1 - HandId: #2675042087354761217-4-1673741421 - Holdem no limit (10/20) - 2023/01/15 00:10:21 UTC
Table: 'Expresso Nitro(622831771)#0' 3-max (real money) Seat #3 is the button
Seat 2: _SKR (590)
Seat 3: yoyoyo59 (310)
*** ANTE/BLINDS ***
yoyoyo59 posts small blind 10
_SKR posts big blind 20
Dealt to _SKR [8d Td]
*** PRE-FLOP *** 
yoyoyo59 calls 10
_SKR checks
*** FLOP *** [2d Ts 5c]
_SKR checks
yoyoyo59 checks
*** TURN *** [2d Ts 5c][Jd]
_SKR bets 26
yoyoyo59 calls 26
*** RIVER *** [2d Ts 5c Jd][Ad]
_SKR bets 74
yoyoyo59 calls 74
*** SHOW DOWN ***
yoyoyo59 shows [Tc 8h] (One pair : Tens)
_SKR shows [8d Td] (Flush Ace high)
_SKR collected 240 from pot
*** SUMMARY ***
Total pot 240 | No rake
Board: [2d Ts 5c Jd Ad]
Seat 2: _SKR (big blind) showed [8d Td] and won 240 with Flush Ace high
Seat 3: yoyoyo59 (small blind) (button) showed [Tc 8h] and lost with One pair : Tens


Winamax Poker - Tournament "Expresso Nitro" buyIn: 0.93€ + 0.07€ level: 2 - HandId: #2675042087354761217-5-1673741449 - Holdem no limit (15/30) - 2023/01/15 00:10:49 UTC
Table: 'Expresso Nitro(622831771)#0' 3-max (real money) Seat #2 is the button
Seat 2: _SKR (710)
Seat 3: yoyoyo59 (190)
*** ANTE/BLINDS ***
_SKR posts small blind 15
yoyoyo59 posts big blind 30
Dealt to _SKR [9c 2d]
*** PRE-FLOP *** 
_SKR folds
yoyoyo59 collected 45 from pot
*** SUMMARY ***
Total pot 45 | No rake
Seat 3: yoyoyo59 (big blind) won 45


Winamax Poker - Tournament "Expresso Nitro" buyIn: 0.93€ + 0.07€ level: 2 - HandId: #2675042087354761217-6-1673741453 - Holdem no limit (15/30) - 2023/01/15 00:10:53 UTC
Table: 'Expresso Nitro(622831771)#0' 3-max (real money) Seat #3 is the button
Seat 2: _SKR (695)
Seat 3: yoyoyo59 (205)
*** ANTE/BLINDS ***
yoyoyo59 posts small blind 15
_SKR posts big blind 30
Dealt to _SKR [2h 6c]
*** PRE-FLOP *** 
yoyoyo59 calls 15
_SKR checks
*** FLOP *** [Ks 4c 5h]
_SKR checks
yoyoyo59 bets 30
_SKR calls 30
*** TURN *** [Ks 4c 5h][Qd]
_SKR checks
yoyoyo59 checks
*** RIVER *** [Ks 4c 5h Qd][5d]
_SKR bets 96
yoyoyo59 calls 96
*** SHOW DOWN ***
_SKR shows [2h 6c] (One pair : 5)
yoyoyo59 shows [3d Kc] (Two pairs : Kings and 5)
yoyoyo59 collected 312 from pot
*** SUMMARY ***
Total pot 312 | No rake
Board: [Ks 4c 5h Qd 5d]
Seat 2: _SKR (big blind) showed [2h 6c] and lost with One pair : 5
Seat 3: yoyoyo59 (small blind) (button) showed [3d Kc] and won 312 with Two pairs : Kings and 5


Winamax Poker - Tournament "Expresso Nitro" buyIn: 0.93€ + 0.07€ level: 2 - HandId: #2675042087354761217-7-1673741482 - Holdem no limit (15/30) - 2023/01/15 00:11:22 UTC
Table: 'Expresso Nitro(622831771)#0' 3-max (real money) Seat #2 is the button
Seat 2: _SKR (539)
Seat 3: yoyoyo59 (361)
*** ANTE/BLINDS ***
_SKR posts small blind 15
yoyoyo59 posts big blind 30
Dealt to _SKR [Ts Kd]
*** PRE-FLOP *** 
_SKR raises 509 to 539 and is all-in
yoyoyo59 calls 331 and is all-in
*** FLOP *** [5s 9c Jh]
*** TURN *** [5s 9c Jh][Kh]
*** RIVER *** [5s 9c Jh Kh][2d]
*** SHOW DOWN ***
yoyoyo59 shows [7d 5d] (One pair : 5)
_SKR shows [Ts Kd] (One pair : Kings)
_SKR collected 900 from pot
*** SUMMARY ***
Total pot 900 | No rake
Board: [5s 9c Jh Kh 2d]
Seat 2: _SKR (small blind) (button) showed [Ts Kd] and won 900 with One pair : Kings
Seat 3: yoyoyo59 (big blind) showed [7d 5d] and lost with One pair : 5


