Winamax Poker - Tournament "Expresso Nitro" buyIn: 1.86€ + 0.14€ level: 1 - HandId: #2698203845254709249-1-1675185395 - Holdem no limit (10/20) - 2023/01/31 17:16:35 UTC
Table: 'Expresso Nitro(628224538)#0' 3-max (real money) Seat #2 is the button
Seat 1: _SKR (300)
Seat 2: Cybri (300)
Seat 3: Vnik (300)
*** ANTE/BLINDS ***
Vnik posts small blind 10
_SKR posts big blind 20
Dealt to _SKR [3h 5h]
*** PRE-FLOP *** 
Cybri folds
Vnik folds
_SKR collected 30 from pot
*** SUMMARY ***
Total pot 30 | No rake
Seat 1: _SKR (big blind) won 30


Winamax Poker - Tournament "Expresso Nitro" buyIn: 1.86€ + 0.14€ level: 1 - HandId: #2698203845254709249-2-1675185400 - Holdem no limit (10/20) - 2023/01/31 17:16:40 UTC
Table: 'Expresso Nitro(628224538)#0' 3-max (real money) Seat #3 is the button
Seat 1: _SKR (310)
Seat 2: Cybri (300)
Seat 3: Vnik (290)
*** ANTE/BLINDS ***
_SKR posts small blind 10
Cybri posts big blind 20
Dealt to _SKR [5d Js]
*** PRE-FLOP *** 
Vnik raises 20 to 40
_SKR folds
Cybri raises 260 to 300 and is all-in
Vnik calls 250 and is all-in
*** FLOP *** [Qh 4h 6d]
*** TURN *** [Qh 4h 6d][Jc]
*** RIVER *** [Qh 4h 6d Jc][Tc]
*** SHOW DOWN ***
Vnik shows [8c 8d] (One pair : 8)
Cybri shows [Kc As] (Straight Ace high)
Cybri collected 600 from pot
*** SUMMARY ***
Total pot 600 | No rake
Board: [Qh 4h 6d Jc Tc]
Seat 2: Cybri (big blind) showed [Kc As] and won 600 with Straight Ace high
Seat 3: Vnik (button) showed [8c 8d] and lost with One pair : 8


Winamax Poker - Tournament "Expresso Nitro" buyIn: 1.86€ + 0.14€ level: 1 - HandId: #2698203845254709249-3-1675185429 - Holdem no limit (10/20) - 2023/01/31 17:17:09 UTC
Table: 'Expresso Nitro(628224538)#0' 3-max (real money) Seat #2 is the button
Seat 1: _SKR (300)
Seat 2: Cybri (600)
*** ANTE/BLINDS ***
Cybri posts small blind 10
_SKR posts big blind 20
Dealt to _SKR [Jd 3c]
*** PRE-FLOP *** 
Cybri raises 580 to 600 and is all-in
_SKR folds
Cybri collected 620 from pot
*** SUMMARY ***
Total pot 620 | No rake
Seat 2: Cybri (small blind) (button) won 620


Winamax Poker - Tournament "Expresso Nitro" buyIn: 1.86€ + 0.14€ level: 1 - HandId: #2698203845254709249-4-1675185434 - Holdem no limit (10/20) - 2023/01/31 17:17:14 UTC
Table: 'Expresso Nitro(628224538)#0' 3-max (real money) Seat #1 is the button
Seat 1: _SKR (280)
Seat 2: Cybri (620)
*** ANTE/BLINDS ***
_SKR posts small blind 10
Cybri posts big blind 20
Dealt to _SKR [Ad Qs]
*** PRE-FLOP *** 
_SKR raises 260 to 280 and is all-in
Cybri folds
_SKR collected 300 from pot
*** SUMMARY ***
Total pot 300 | No rake
Seat 1: _SKR (small blind) (button) won 300


Winamax Poker - Tournament "Expresso Nitro" buyIn: 1.86€ + 0.14€ level: 1 - HandId: #2698203845254709249-5-1675185443 - Holdem no limit (10/20) - 2023/01/31 17:17:23 UTC
Table: 'Expresso Nitro(628224538)#0' 3-max (real money) Seat #2 is the button
Seat 1: _SKR (300)
Seat 2: Cybri (600)
*** ANTE/BLINDS ***
Cybri posts small blind 10
_SKR posts big blind 20
Dealt to _SKR [5h 7d]
*** PRE-FLOP *** 
Cybri calls 10
_SKR checks
*** FLOP *** [8s Kc Jc]
_SKR checks
Cybri bets 20
_SKR folds
Cybri collected 60 from pot
*** SUMMARY ***
Total pot 60 | No rake
Board: [8s Kc Jc]
Seat 2: Cybri (small blind) (button) won 60


Winamax Poker - Tournament "Expresso Nitro" buyIn: 1.86€ + 0.14€ level: 2 - HandId: #2698203845254709249-6-1675185459 - Holdem no limit (15/30) - 2023/01/31 17:17:39 UTC
Table: 'Expresso Nitro(628224538)#0' 3-max (real money) Seat #1 is the button
Seat 1: _SKR (280)
Seat 2: Cybri (620)
*** ANTE/BLINDS ***
_SKR posts small blind 15
Cybri posts big blind 30
Dealt to _SKR [5h 4d]
*** PRE-FLOP *** 
_SKR folds
Cybri collected 45 from pot
*** SUMMARY ***
Total pot 45 | No rake
Seat 2: Cybri (big blind) won 45


Winamax Poker - Tournament "Expresso Nitro" buyIn: 1.86€ + 0.14€ level: 2 - HandId: #2698203845254709249-7-1675185463 - Holdem no limit (15/30) - 2023/01/31 17:17:43 UTC
Table: 'Expresso Nitro(628224538)#0' 3-max (real money) Seat #2 is the button
Seat 1: _SKR (265)
Seat 2: Cybri (635)
*** ANTE/BLINDS ***
Cybri posts small blind 15
_SKR posts big blind 30
Dealt to _SKR [Jc Ac]
*** PRE-FLOP *** 
Cybri calls 15
_SKR raises 235 to 265 and is all-in
Cybri folds
_SKR collected 295 from pot
*** SUMMARY ***
Total pot 295 | No rake
Seat 1: _SKR (big blind) won 295


Winamax Poker - Tournament "Expresso Nitro" buyIn: 1.86€ + 0.14€ level: 2 - HandId: #2698203845254709249-8-1675185478 - Holdem no limit (15/30) - 2023/01/31 17:17:58 UTC
Table: 'Expresso Nitro(628224538)#0' 3-max (real money) Seat #1 is the button
Seat 1: _SKR (295)
Seat 2: Cybri (605)
*** ANTE/BLINDS ***
_SKR posts small blind 15
Cybri posts big blind 30
Dealt to _SKR [Jd 6s]
*** PRE-FLOP *** 
_SKR folds
Cybri collected 45 from pot
*** SUMMARY ***
Total pot 45 | No rake
Seat 2: Cybri (big blind) won 45


Winamax Poker - Tournament "Expresso Nitro" buyIn: 1.86€ + 0.14€ level: 2 - HandId: #2698203845254709249-9-1675185483 - Holdem no limit (15/30) - 2023/01/31 17:18:03 UTC
Table: 'Expresso Nitro(628224538)#0' 3-max (real money) Seat #2 is the button
Seat 1: _SKR (280)
Seat 2: Cybri (620)
*** ANTE/BLINDS ***
Cybri posts small blind 15
_SKR posts big blind 30
Dealt to _SKR [8d 8c]
*** PRE-FLOP *** 
Cybri calls 15
_SKR raises 250 to 280 and is all-in
Cybri folds
_SKR collected 310 from pot
*** SUMMARY ***
Total pot 310 | No rake
Seat 1: _SKR (big blind) won 310


Winamax Poker - Tournament "Expresso Nitro" buyIn: 1.86€ + 0.14€ level: 2 - HandId: #2698203845254709249-10-1675185493 - Holdem no limit (15/30) - 2023/01/31 17:18:13 UTC
Table: 'Expresso Nitro(628224538)#0' 3-max (real money) Seat #1 is the button
Seat 1: _SKR (310)
Seat 2: Cybri (590)
*** ANTE/BLINDS ***
_SKR posts small blind 15
Cybri posts big blind 30
Dealt to _SKR [5h Th]
*** PRE-FLOP *** 
_SKR folds
Cybri collected 45 from pot
*** SUMMARY ***
Total pot 45 | No rake
Seat 2: Cybri (big blind) won 45


Winamax Poker - Tournament "Expresso Nitro" buyIn: 1.86€ + 0.14€ level: 2 - HandId: #2698203845254709249-11-1675185505 - Holdem no limit (15/30) - 2023/01/31 17:18:25 UTC
Table: 'Expresso Nitro(628224538)#0' 3-max (real money) Seat #2 is the button
Seat 1: _SKR (295)
Seat 2: Cybri (605)
*** ANTE/BLINDS ***
Cybri posts small blind 15
_SKR posts big blind 30
Dealt to _SKR [5d 8h]
*** PRE-FLOP *** 
Cybri calls 15
_SKR checks
*** FLOP *** [2h 2d Kc]
_SKR checks
Cybri bets 30
_SKR folds
Cybri collected 90 from pot
*** SUMMARY ***
Total pot 90 | No rake
Board: [2h 2d Kc]
Seat 2: Cybri (small blind) (button) won 90


Winamax Poker - Tournament "Expresso Nitro" buyIn: 1.86€ + 0.14€ level: 3 - HandId: #2698203845254709249-12-1675185526 - Holdem no limit (20/40) - 2023/01/31 17:18:46 UTC
Table: 'Expresso Nitro(628224538)#0' 3-max (real money) Seat #1 is the button
Seat 1: _SKR (265)
Seat 2: Cybri (635)
*** ANTE/BLINDS ***
_SKR posts small blind 20
Cybri posts big blind 40
Dealt to _SKR [9c Ac]
*** PRE-FLOP *** 
_SKR raises 225 to 265 and is all-in
Cybri raises 225 to 490
*** FLOP *** [4c 5h 2s]
*** TURN *** [4c 5h 2s][Ks]
*** RIVER *** [4c 5h 2s Ks][7s]
*** SHOW DOWN ***
_SKR shows [9c Ac] (High card : Ace)
Cybri shows [9h Qh] (High card : King)
Cybri collected 225 from side pot 1
_SKR collected 530 from main pot
*** SUMMARY ***
Total pot 755 | No rake
Board: [4c 5h 2s Ks 7s]
Seat 1: _SKR (small blind) (button) showed [9c Ac] and won 530 with High card : Ace
Seat 2: Cybri (big blind) showed [9h Qh] and won 225 with High card : King


Winamax Poker - Tournament "Expresso Nitro" buyIn: 1.86€ + 0.14€ level: 3 - HandId: #2698203845254709249-13-1675185537 - Holdem no limit (20/40) - 2023/01/31 17:18:57 UTC
Table: 'Expresso Nitro(628224538)#0' 3-max (real money) Seat #2 is the button
Seat 1: _SKR (530)
Seat 2: Cybri (370)
*** ANTE/BLINDS ***
Cybri posts small blind 20
_SKR posts big blind 40
Dealt to _SKR [Jh 4s]
*** PRE-FLOP *** 
Cybri folds
_SKR collected 60 from pot
*** SUMMARY ***
Total pot 60 | No rake
Seat 1: _SKR (big blind) won 60


Winamax Poker - Tournament "Expresso Nitro" buyIn: 1.86€ + 0.14€ level: 3 - HandId: #2698203845254709249-14-1675185542 - Holdem no limit (20/40) - 2023/01/31 17:19:02 UTC
Table: 'Expresso Nitro(628224538)#0' 3-max (real money) Seat #1 is the button
Seat 1: _SKR (550)
Seat 2: Cybri (350)
*** ANTE/BLINDS ***
_SKR posts small blind 20
Cybri posts big blind 40
Dealt to _SKR [3c 2c]
*** PRE-FLOP *** 
_SKR folds
Cybri collected 60 from pot
*** SUMMARY ***
Total pot 60 | No rake
Seat 2: Cybri (big blind) won 60


Winamax Poker - Tournament "Expresso Nitro" buyIn: 1.86€ + 0.14€ level: 3 - HandId: #2698203845254709249-15-1675185545 - Holdem no limit (20/40) - 2023/01/31 17:19:05 UTC
Table: 'Expresso Nitro(628224538)#0' 3-max (real money) Seat #2 is the button
Seat 1: _SKR (530)
Seat 2: Cybri (370)
*** ANTE/BLINDS ***
Cybri posts small blind 20
_SKR posts big blind 40
Dealt to _SKR [9h Qh]
*** PRE-FLOP *** 
Cybri calls 20
_SKR raises 490 to 530 and is all-in
Cybri calls 330 and is all-in
*** FLOP *** [5c Qc 6s]
*** TURN *** [5c Qc 6s][As]
*** RIVER *** [5c Qc 6s As][Ad]
*** SHOW DOWN ***
_SKR shows [9h Qh] (Two pairs : Aces and Queens)
Cybri shows [Ac 7s] (Trips of Aces)
Cybri collected 740 from main pot
_SKR collected 160 from side pot 1
*** SUMMARY ***
Total pot 900 | No rake
Board: [5c Qc 6s As Ad]
Seat 1: _SKR (big blind) showed [9h Qh] and won 160 with Two pairs : Aces and Queens
Seat 2: Cybri (small blind) (button) showed [Ac 7s] and won 740 with Trips of Aces


Winamax Poker - Tournament "Expresso Nitro" buyIn: 1.86€ + 0.14€ level: 3 - HandId: #2698203845254709249-16-1675185559 - Holdem no limit (20/40) - 2023/01/31 17:19:19 UTC
Table: 'Expresso Nitro(628224538)#0' 3-max (real money) Seat #1 is the button
Seat 1: _SKR (160)
Seat 2: Cybri (740)
*** ANTE/BLINDS ***
_SKR posts small blind 20
Cybri posts big blind 40
Dealt to _SKR [4s 8c]
*** PRE-FLOP *** 
_SKR folds
Cybri collected 60 from pot
*** SUMMARY ***
Total pot 60 | No rake
Seat 2: Cybri (big blind) won 60


Winamax Poker - Tournament "Expresso Nitro" buyIn: 1.86€ + 0.14€ level: 3 - HandId: #2698203845254709249-17-1675185564 - Holdem no limit (20/40) - 2023/01/31 17:19:24 UTC
Table: 'Expresso Nitro(628224538)#0' 3-max (real money) Seat #2 is the button
Seat 1: _SKR (140)
Seat 2: Cybri (760)
*** ANTE/BLINDS ***
Cybri posts small blind 20
_SKR posts big blind 40
Dealt to _SKR [7s 2s]
*** PRE-FLOP *** 
Cybri folds
_SKR collected 60 from pot
*** SUMMARY ***
Total pot 60 | No rake
Seat 1: _SKR (big blind) won 60


Winamax Poker - Tournament "Expresso Nitro" buyIn: 1.86€ + 0.14€ level: 3 - HandId: #2698203845254709249-18-1675185568 - Holdem no limit (20/40) - 2023/01/31 17:19:28 UTC
Table: 'Expresso Nitro(628224538)#0' 3-max (real money) Seat #1 is the button
Seat 1: _SKR (160)
Seat 2: Cybri (740)
*** ANTE/BLINDS ***
_SKR posts small blind 20
Cybri posts big blind 40
Dealt to _SKR [5h 6d]
*** PRE-FLOP *** 
_SKR folds
Cybri collected 60 from pot
*** SUMMARY ***
Total pot 60 | No rake
Seat 2: Cybri (big blind) won 60


Winamax Poker - Tournament "Expresso Nitro" buyIn: 1.86€ + 0.14€ level: 4 - HandId: #2698203845254709249-19-1675185572 - Holdem no limit (30/60) - 2023/01/31 17:19:32 UTC
Table: 'Expresso Nitro(628224538)#0' 3-max (real money) Seat #2 is the button
Seat 1: _SKR (140)
Seat 2: Cybri (760)
*** ANTE/BLINDS ***
Cybri posts small blind 30
_SKR posts big blind 60
Dealt to _SKR [Js 5h]
*** PRE-FLOP *** 
Cybri folds
_SKR collected 90 from pot
*** SUMMARY ***
Total pot 90 | No rake
Seat 1: _SKR (big blind) won 90


Winamax Poker - Tournament "Expresso Nitro" buyIn: 1.86€ + 0.14€ level: 4 - HandId: #2698203845254709249-20-1675185575 - Holdem no limit (30/60) - 2023/01/31 17:19:35 UTC
Table: 'Expresso Nitro(628224538)#0' 3-max (real money) Seat #1 is the button
Seat 1: _SKR (170)
Seat 2: Cybri (730)
*** ANTE/BLINDS ***
_SKR posts small blind 30
Cybri posts big blind 60
Dealt to _SKR [Qh Jc]
*** PRE-FLOP *** 
_SKR raises 110 to 170 and is all-in
Cybri raises 255 to 425
*** FLOP *** [9d Ac Qc]
*** TURN *** [9d Ac Qc][Jh]
*** RIVER *** [9d Ac Qc Jh][5d]
*** SHOW DOWN ***
_SKR shows [Qh Jc] (Two pairs : Queens and Jacks)
Cybri shows [3h Kh] (High card : Ace)
Cybri collected 255 from side pot 1
_SKR collected 340 from main pot
*** SUMMARY ***
Total pot 595 | No rake
Board: [9d Ac Qc Jh 5d]
Seat 1: _SKR (small blind) (button) showed [Qh Jc] and won 340 with Two pairs : Queens and Jacks
Seat 2: Cybri (big blind) showed [3h Kh] and won 255 with High card : Ace


Winamax Poker - Tournament "Expresso Nitro" buyIn: 1.86€ + 0.14€ level: 4 - HandId: #2698203845254709249-21-1675185589 - Holdem no limit (30/60) - 2023/01/31 17:19:49 UTC
Table: 'Expresso Nitro(628224538)#0' 3-max (real money) Seat #2 is the button
Seat 1: _SKR (340)
Seat 2: Cybri (560)
*** ANTE/BLINDS ***
Cybri posts small blind 30
_SKR posts big blind 60
Dealt to _SKR [Ks 4c]
*** PRE-FLOP *** 
Cybri folds
_SKR collected 90 from pot
*** SUMMARY ***
Total pot 90 | No rake
Seat 1: _SKR (big blind) won 90


Winamax Poker - Tournament "Expresso Nitro" buyIn: 1.86€ + 0.14€ level: 4 - HandId: #2698203845254709249-22-1675185593 - Holdem no limit (30/60) - 2023/01/31 17:19:53 UTC
Table: 'Expresso Nitro(628224538)#0' 3-max (real money) Seat #1 is the button
Seat 1: _SKR (370)
Seat 2: Cybri (530)
*** ANTE/BLINDS ***
_SKR posts small blind 30
Cybri posts big blind 60
Dealt to _SKR [Ks 6s]
*** PRE-FLOP *** 
_SKR raises 310 to 370 and is all-in
Cybri folds
_SKR collected 430 from pot
*** SUMMARY ***
Total pot 430 | No rake
Seat 1: _SKR (small blind) (button) won 430


Winamax Poker - Tournament "Expresso Nitro" buyIn: 1.86€ + 0.14€ level: 4 - HandId: #2698203845254709249-23-1675185607 - Holdem no limit (30/60) - 2023/01/31 17:20:07 UTC
Table: 'Expresso Nitro(628224538)#0' 3-max (real money) Seat #2 is the button
Seat 1: _SKR (430)
Seat 2: Cybri (470)
*** ANTE/BLINDS ***
Cybri posts small blind 30
_SKR posts big blind 60
Dealt to _SKR [6c 3c]
*** PRE-FLOP *** 
Cybri raises 410 to 470 and is all-in
_SKR folds
Cybri collected 530 from pot
*** SUMMARY ***
Total pot 530 | No rake
Seat 2: Cybri (small blind) (button) won 530


Winamax Poker - Tournament "Expresso Nitro" buyIn: 1.86€ + 0.14€ level: 4 - HandId: #2698203845254709249-24-1675185615 - Holdem no limit (30/60) - 2023/01/31 17:20:15 UTC
Table: 'Expresso Nitro(628224538)#0' 3-max (real money) Seat #1 is the button
Seat 1: _SKR (370)
Seat 2: Cybri (530)
*** ANTE/BLINDS ***
_SKR posts small blind 30
Cybri posts big blind 60
Dealt to _SKR [5d 9d]
*** PRE-FLOP *** 
_SKR raises 310 to 370 and is all-in
Cybri folds
_SKR collected 430 from pot
*** SUMMARY ***
Total pot 430 | No rake
Seat 1: _SKR (small blind) (button) won 430


Winamax Poker - Tournament "Expresso Nitro" buyIn: 1.86€ + 0.14€ level: 4 - HandId: #2698203845254709249-25-1675185621 - Holdem no limit (30/60) - 2023/01/31 17:20:21 UTC
Table: 'Expresso Nitro(628224538)#0' 3-max (real money) Seat #2 is the button
Seat 1: _SKR (430)
Seat 2: Cybri (470)
*** ANTE/BLINDS ***
Cybri posts small blind 30
_SKR posts big blind 60
Dealt to _SKR [8c Ad]
*** PRE-FLOP *** 
Cybri folds
_SKR collected 90 from pot
*** SUMMARY ***
Total pot 90 | No rake
Seat 1: _SKR (big blind) won 90


Winamax Poker - Tournament "Expresso Nitro" buyIn: 1.86€ + 0.14€ level: 4 - HandId: #2698203845254709249-26-1675185624 - Holdem no limit (30/60) - 2023/01/31 17:20:24 UTC
Table: 'Expresso Nitro(628224538)#0' 3-max (real money) Seat #1 is the button
Seat 1: _SKR (460)
Seat 2: Cybri (440)
*** ANTE/BLINDS ***
_SKR posts small blind 30
Cybri posts big blind 60
Dealt to _SKR [3s Kh]
*** PRE-FLOP *** 
_SKR raises 400 to 460 and is all-in
Cybri folds
_SKR collected 520 from pot
*** SUMMARY ***
Total pot 520 | No rake
Seat 1: _SKR (small blind) (button) won 520


Winamax Poker - Tournament "Expresso Nitro" buyIn: 1.86€ + 0.14€ level: 4 - HandId: #2698203845254709249-27-1675185630 - Holdem no limit (30/60) - 2023/01/31 17:20:30 UTC
Table: 'Expresso Nitro(628224538)#0' 3-max (real money) Seat #2 is the button
Seat 1: _SKR (520)
Seat 2: Cybri (380)
*** ANTE/BLINDS ***
Cybri posts small blind 30
_SKR posts big blind 60
Dealt to _SKR [5d 5h]
*** PRE-FLOP *** 
Cybri raises 320 to 380 and is all-in
_SKR calls 320
*** FLOP *** [6d 8h 5s]
*** TURN *** [6d 8h 5s][7d]
*** RIVER *** [6d 8h 5s 7d][Jd]
*** SHOW DOWN ***
_SKR shows [5d 5h] (Trips of 5)
Cybri shows [Jh 4d] (Straight 8 high)
Cybri collected 760 from pot
*** SUMMARY ***
Total pot 760 | No rake
Board: [6d 8h 5s 7d Jd]
Seat 1: _SKR (big blind) showed [5d 5h] and lost with Trips of 5
Seat 2: Cybri (small blind) (button) showed [Jh 4d] and won 760 with Straight 8 high


Winamax Poker - Tournament "Expresso Nitro" buyIn: 1.86€ + 0.14€ level: 5 - HandId: #2698203845254709249-28-1675185644 - Holdem no limit (40/80) - 2023/01/31 17:20:44 UTC
Table: 'Expresso Nitro(628224538)#0' 3-max (real money) Seat #1 is the button
Seat 1: _SKR (140)
Seat 2: Cybri (760)
*** ANTE/BLINDS ***
_SKR posts small blind 40
Cybri posts big blind 80
Dealt to _SKR [9c 7s]
*** PRE-FLOP *** 
_SKR raises 60 to 140 and is all-in
Cybri folds
_SKR collected 220 from pot
*** SUMMARY ***
Total pot 220 | No rake
Seat 1: _SKR (small blind) (button) won 220


Winamax Poker - Tournament "Expresso Nitro" buyIn: 1.86€ + 0.14€ level: 5 - HandId: #2698203845254709249-29-1675185650 - Holdem no limit (40/80) - 2023/01/31 17:20:50 UTC
Table: 'Expresso Nitro(628224538)#0' 3-max (real money) Seat #2 is the button
Seat 1: _SKR (220)
Seat 2: Cybri (680)
*** ANTE/BLINDS ***
Cybri posts small blind 40
_SKR posts big blind 80
Dealt to _SKR [Td 3s]
*** PRE-FLOP *** 
Cybri raises 600 to 680 and is all-in
_SKR calls 140 and is all-in
*** FLOP *** [Qs 9s Qc]
*** TURN *** [Qs 9s Qc][Kh]
*** RIVER *** [Qs 9s Qc Kh][9d]
*** SHOW DOWN ***
_SKR shows [Td 3s] (Two pairs : Queens and 9)
Cybri shows [Ad 6s] (Two pairs : Queens and 9)
Cybri collected 900 from pot
*** SUMMARY ***
Total pot 900 | No rake
Board: [Qs 9s Qc Kh 9d]
Seat 1: _SKR (big blind) showed [Td 3s] and lost with Two pairs : Queens and 9
Seat 2: Cybri (small blind) (button) showed [Ad 6s] and won 900 with Two pairs : Queens and 9


