Winamax Poker - Tournament "Expresso Nitro" buyIn: 0.93€ + 0.07€ level: 1 - HandId: #2666593573150916609-1-1673284256 - Holdem no limit (10/20) - 2023/01/09 17:10:56 UTC
Table: 'Expresso Nitro(620864698)#0' 3-max (real money) Seat #1 is the button
Seat 1: PresidentZ (300)
Seat 2: Narcyss (300)
Seat 3: _SKR (300)
*** ANTE/BLINDS ***
Narcyss posts small blind 10
_SKR posts big blind 20
Dealt to _SKR [8s 2h]
*** PRE-FLOP *** 
PresidentZ folds
Narcyss folds
_SKR collected 30 from pot
*** SUMMARY ***
Total pot 30 | No rake
Seat 3: _SKR (big blind) won 30


Winamax Poker - Tournament "Expresso Nitro" buyIn: 0.93€ + 0.07€ level: 1 - HandId: #2666593573150916609-2-1673284263 - Holdem no limit (10/20) - 2023/01/09 17:11:03 UTC
Table: 'Expresso Nitro(620864698)#0' 3-max (real money) Seat #2 is the button
Seat 1: PresidentZ (300)
Seat 2: Narcyss (290)
Seat 3: _SKR (310)
*** ANTE/BLINDS ***
_SKR posts small blind 10
PresidentZ posts big blind 20
Dealt to _SKR [5d Kd]
*** PRE-FLOP *** 
Narcyss folds
_SKR calls 10
PresidentZ checks
*** FLOP *** [9s 8h Ks]
_SKR bets 20
PresidentZ folds
_SKR collected 60 from pot
*** SUMMARY ***
Total pot 60 | No rake
Board: [9s 8h Ks]
Seat 3: _SKR (small blind) won 60


Winamax Poker - Tournament "Expresso Nitro" buyIn: 0.93€ + 0.07€ level: 1 - HandId: #2666593573150916609-3-1673284277 - Holdem no limit (10/20) - 2023/01/09 17:11:17 UTC
Table: 'Expresso Nitro(620864698)#0' 3-max (real money) Seat #3 is the button
Seat 1: PresidentZ (280)
Seat 2: Narcyss (290)
Seat 3: _SKR (330)
*** ANTE/BLINDS ***
PresidentZ posts small blind 10
Narcyss posts big blind 20
Dealt to _SKR [6d Qh]
*** PRE-FLOP *** 
_SKR folds
PresidentZ folds
Narcyss collected 30 from pot
*** SUMMARY ***
Total pot 30 | No rake
Seat 2: Narcyss (big blind) won 30


Winamax Poker - Tournament "Expresso Nitro" buyIn: 0.93€ + 0.07€ level: 1 - HandId: #2666593573150916609-4-1673284284 - Holdem no limit (10/20) - 2023/01/09 17:11:24 UTC
Table: 'Expresso Nitro(620864698)#0' 3-max (real money) Seat #1 is the button
Seat 1: PresidentZ (270)
Seat 2: Narcyss (300)
Seat 3: _SKR (330)
*** ANTE/BLINDS ***
Narcyss posts small blind 10
_SKR posts big blind 20
Dealt to _SKR [2s 7c]
*** PRE-FLOP *** 
PresidentZ folds
Narcyss raises 20 to 40
_SKR folds
Narcyss collected 60 from pot
*** SUMMARY ***
Total pot 60 | No rake
Seat 2: Narcyss (small blind) won 60


Winamax Poker - Tournament "Expresso Nitro" buyIn: 0.93€ + 0.07€ level: 1 - HandId: #2666593573150916609-5-1673284294 - Holdem no limit (10/20) - 2023/01/09 17:11:34 UTC
Table: 'Expresso Nitro(620864698)#0' 3-max (real money) Seat #2 is the button
Seat 1: PresidentZ (270)
Seat 2: Narcyss (320)
Seat 3: _SKR (310)
*** ANTE/BLINDS ***
_SKR posts small blind 10
PresidentZ posts big blind 20
Dealt to _SKR [8c 7d]
*** PRE-FLOP *** 
Narcyss folds
_SKR calls 10
PresidentZ checks
*** FLOP *** [7c Tc 6d]
_SKR bets 20
PresidentZ folds
_SKR collected 60 from pot
*** SUMMARY ***
Total pot 60 | No rake
Board: [7c Tc 6d]
Seat 3: _SKR (small blind) won 60


Winamax Poker - Tournament "Expresso Nitro" buyIn: 0.93€ + 0.07€ level: 1 - HandId: #2666593573150916609-6-1673284304 - Holdem no limit (10/20) - 2023/01/09 17:11:44 UTC
Table: 'Expresso Nitro(620864698)#0' 3-max (real money) Seat #3 is the button
Seat 1: PresidentZ (250)
Seat 2: Narcyss (320)
Seat 3: _SKR (330)
*** ANTE/BLINDS ***
PresidentZ posts small blind 10
Narcyss posts big blind 20
Dealt to _SKR [2d 3c]
*** PRE-FLOP *** 
_SKR folds
PresidentZ raises 20 to 40
Narcyss folds
PresidentZ collected 60 from pot
*** SUMMARY ***
Total pot 60 | No rake
Seat 1: PresidentZ (small blind) won 60


Winamax Poker - Tournament "Expresso Nitro" buyIn: 0.93€ + 0.07€ level: 2 - HandId: #2666593573150916609-7-1673284317 - Holdem no limit (15/30) - 2023/01/09 17:11:57 UTC
Table: 'Expresso Nitro(620864698)#0' 3-max (real money) Seat #1 is the button
Seat 1: PresidentZ (270)
Seat 2: Narcyss (300)
Seat 3: _SKR (330)
*** ANTE/BLINDS ***
Narcyss posts small blind 15
_SKR posts big blind 30
Dealt to _SKR [3c 4h]
*** PRE-FLOP *** 
PresidentZ folds
Narcyss folds
_SKR collected 45 from pot
*** SUMMARY ***
Total pot 45 | No rake
Seat 3: _SKR (big blind) won 45


Winamax Poker - Tournament "Expresso Nitro" buyIn: 0.93€ + 0.07€ level: 2 - HandId: #2666593573150916609-8-1673284330 - Holdem no limit (15/30) - 2023/01/09 17:12:10 UTC
Table: 'Expresso Nitro(620864698)#0' 3-max (real money) Seat #2 is the button
Seat 1: PresidentZ (270)
Seat 2: Narcyss (285)
Seat 3: _SKR (345)
*** ANTE/BLINDS ***
_SKR posts small blind 15
PresidentZ posts big blind 30
Dealt to _SKR [7h As]
*** PRE-FLOP *** 
Narcyss folds
_SKR raises 315 to 345 and is all-in
PresidentZ folds
_SKR collected 375 from pot
*** SUMMARY ***
Total pot 375 | No rake
Seat 3: _SKR (small blind) won 375


Winamax Poker - Tournament "Expresso Nitro" buyIn: 0.93€ + 0.07€ level: 2 - HandId: #2666593573150916609-9-1673284339 - Holdem no limit (15/30) - 2023/01/09 17:12:19 UTC
Table: 'Expresso Nitro(620864698)#0' 3-max (real money) Seat #3 is the button
Seat 1: PresidentZ (240)
Seat 2: Narcyss (285)
Seat 3: _SKR (375)
*** ANTE/BLINDS ***
PresidentZ posts small blind 15
Narcyss posts big blind 30
Dealt to _SKR [Ac 5h]
*** PRE-FLOP *** 
_SKR raises 345 to 375 and is all-in
PresidentZ folds
Narcyss folds
_SKR collected 420 from pot
*** SUMMARY ***
Total pot 420 | No rake
Seat 3: _SKR (button) won 420


Winamax Poker - Tournament "Expresso Nitro" buyIn: 0.93€ + 0.07€ level: 2 - HandId: #2666593573150916609-10-1673284355 - Holdem no limit (15/30) - 2023/01/09 17:12:35 UTC
Table: 'Expresso Nitro(620864698)#0' 3-max (real money) Seat #1 is the button
Seat 1: PresidentZ (225)
Seat 2: Narcyss (255)
Seat 3: _SKR (420)
*** ANTE/BLINDS ***
Narcyss posts small blind 15
_SKR posts big blind 30
Dealt to _SKR [Ks Kh]
*** PRE-FLOP *** 
PresidentZ folds
Narcyss folds
_SKR collected 45 from pot
*** SUMMARY ***
Total pot 45 | No rake
Seat 3: _SKR (big blind) won 45


Winamax Poker - Tournament "Expresso Nitro" buyIn: 0.93€ + 0.07€ level: 2 - HandId: #2666593573150916609-11-1673284359 - Holdem no limit (15/30) - 2023/01/09 17:12:39 UTC
Table: 'Expresso Nitro(620864698)#0' 3-max (real money) Seat #2 is the button
Seat 1: PresidentZ (225)
Seat 2: Narcyss (240)
Seat 3: _SKR (435)
*** ANTE/BLINDS ***
_SKR posts small blind 15
PresidentZ posts big blind 30
Dealt to _SKR [Qh As]
*** PRE-FLOP *** 
Narcyss raises 210 to 240 and is all-in
_SKR raises 195 to 435 and is all-in
PresidentZ folds
*** FLOP *** [6c 9c 6h]
*** TURN *** [6c 9c 6h][7s]
*** RIVER *** [6c 9c 6h 7s][7d]
*** SHOW DOWN ***
Narcyss shows [5h Ad] (Two pairs : 7 and 6)
_SKR shows [Qh As] (Two pairs : 7 and 6)
_SKR collected 450 from side pot 1
Narcyss collected 255 from main pot
*** SUMMARY ***
Total pot 705 | No rake
Board: [6c 9c 6h 7s 7d]
Seat 2: Narcyss (button) showed [5h Ad] and won 255 with Two pairs : 7 and 6
Seat 3: _SKR (small blind) showed [Qh As] and won 450 with Two pairs : 7 and 6


Winamax Poker - Tournament "Expresso Nitro" buyIn: 0.93€ + 0.07€ level: 3 - HandId: #2666593573150916609-12-1673284373 - Holdem no limit (20/40) - 2023/01/09 17:12:53 UTC
Table: 'Expresso Nitro(620864698)#0' 3-max (real money) Seat #3 is the button
Seat 1: PresidentZ (195)
Seat 2: Narcyss (255)
Seat 3: _SKR (450)
*** ANTE/BLINDS ***
PresidentZ posts small blind 20
Narcyss posts big blind 40
Dealt to _SKR [Js Kd]
*** PRE-FLOP *** 
_SKR raises 410 to 450 and is all-in
PresidentZ folds
Narcyss folds
_SKR collected 510 from pot
*** SUMMARY ***
Total pot 510 | No rake
Seat 3: _SKR (button) won 510


Winamax Poker - Tournament "Expresso Nitro" buyIn: 0.93€ + 0.07€ level: 3 - HandId: #2666593573150916609-13-1673284393 - Holdem no limit (20/40) - 2023/01/09 17:13:13 UTC
Table: 'Expresso Nitro(620864698)#0' 3-max (real money) Seat #1 is the button
Seat 1: PresidentZ (175)
Seat 2: Narcyss (215)
Seat 3: _SKR (510)
*** ANTE/BLINDS ***
Narcyss posts small blind 20
_SKR posts big blind 40
Dealt to _SKR [3s 3d]
*** PRE-FLOP *** 
PresidentZ folds
Narcyss folds
_SKR collected 60 from pot
*** SUMMARY ***
Total pot 60 | No rake
Seat 3: _SKR (big blind) won 60


Winamax Poker - Tournament "Expresso Nitro" buyIn: 0.93€ + 0.07€ level: 3 - HandId: #2666593573150916609-14-1673284399 - Holdem no limit (20/40) - 2023/01/09 17:13:19 UTC
Table: 'Expresso Nitro(620864698)#0' 3-max (real money) Seat #2 is the button
Seat 1: PresidentZ (175)
Seat 2: Narcyss (195)
Seat 3: _SKR (530)
*** ANTE/BLINDS ***
_SKR posts small blind 20
PresidentZ posts big blind 40
Dealt to _SKR [8h Qs]
*** PRE-FLOP *** 
Narcyss raises 155 to 195 and is all-in
_SKR folds
PresidentZ folds
Narcyss collected 255 from pot
*** SUMMARY ***
Total pot 255 | No rake
Seat 2: Narcyss (button) won 255


Winamax Poker - Tournament "Expresso Nitro" buyIn: 0.93€ + 0.07€ level: 3 - HandId: #2666593573150916609-15-1673284422 - Holdem no limit (20/40) - 2023/01/09 17:13:42 UTC
Table: 'Expresso Nitro(620864698)#0' 3-max (real money) Seat #3 is the button
Seat 1: PresidentZ (135)
Seat 2: Narcyss (255)
Seat 3: _SKR (510)
*** ANTE/BLINDS ***
PresidentZ posts small blind 20
Narcyss posts big blind 40
Dealt to _SKR [7c Qs]
*** PRE-FLOP *** 
_SKR folds
PresidentZ raises 95 to 135 and is all-in
Narcyss folds
PresidentZ collected 175 from pot
*** SUMMARY ***
Total pot 175 | No rake
Seat 1: PresidentZ (small blind) won 175


Winamax Poker - Tournament "Expresso Nitro" buyIn: 0.93€ + 0.07€ level: 3 - HandId: #2666593573150916609-16-1673284430 - Holdem no limit (20/40) - 2023/01/09 17:13:50 UTC
Table: 'Expresso Nitro(620864698)#0' 3-max (real money) Seat #1 is the button
Seat 1: PresidentZ (175)
Seat 2: Narcyss (215)
Seat 3: _SKR (510)
*** ANTE/BLINDS ***
Narcyss posts small blind 20
_SKR posts big blind 40
Dealt to _SKR [Qd 8c]
*** PRE-FLOP *** 
PresidentZ folds
Narcyss raises 175 to 215 and is all-in
_SKR calls 175
*** FLOP *** [4d Ts 3c]
*** TURN *** [4d Ts 3c][Jc]
*** RIVER *** [4d Ts 3c Jc][Ah]
*** SHOW DOWN ***
_SKR shows [Qd 8c] (High card : Ace)
Narcyss shows [Kd 9c] (High card : Ace)
Narcyss collected 430 from pot
*** SUMMARY ***
Total pot 430 | No rake
Board: [4d Ts 3c Jc Ah]
Seat 2: Narcyss (small blind) showed [Kd 9c] and won 430 with High card : Ace
Seat 3: _SKR (big blind) showed [Qd 8c] and lost with High card : Ace


Winamax Poker - Tournament "Expresso Nitro" buyIn: 0.93€ + 0.07€ level: 4 - HandId: #2666593573150916609-17-1673284450 - Holdem no limit (30/60) - 2023/01/09 17:14:10 UTC
Table: 'Expresso Nitro(620864698)#0' 3-max (real money) Seat #2 is the button
Seat 1: PresidentZ (175)
Seat 2: Narcyss (430)
Seat 3: _SKR (295)
*** ANTE/BLINDS ***
_SKR posts small blind 30
PresidentZ posts big blind 60
Dealt to _SKR [Ks 9h]
*** PRE-FLOP *** 
Narcyss folds
_SKR raises 235 to 295 and is all-in
PresidentZ folds
_SKR collected 355 from pot
*** SUMMARY ***
Total pot 355 | No rake
Seat 3: _SKR (small blind) won 355


Winamax Poker - Tournament "Expresso Nitro" buyIn: 0.93€ + 0.07€ level: 4 - HandId: #2666593573150916609-18-1673284464 - Holdem no limit (30/60) - 2023/01/09 17:14:24 UTC
Table: 'Expresso Nitro(620864698)#0' 3-max (real money) Seat #3 is the button
Seat 1: PresidentZ (115)
Seat 2: Narcyss (430)
Seat 3: _SKR (355)
*** ANTE/BLINDS ***
PresidentZ posts small blind 30
Narcyss posts big blind 60
Dealt to _SKR [8s 3c]
*** PRE-FLOP *** 
_SKR folds
PresidentZ folds
Narcyss collected 90 from pot
*** SUMMARY ***
Total pot 90 | No rake
Seat 2: Narcyss (big blind) won 90


Winamax Poker - Tournament "Expresso Nitro" buyIn: 0.93€ + 0.07€ level: 4 - HandId: #2666593573150916609-19-1673284473 - Holdem no limit (30/60) - 2023/01/09 17:14:33 UTC
Table: 'Expresso Nitro(620864698)#0' 3-max (real money) Seat #1 is the button
Seat 1: PresidentZ (85)
Seat 2: Narcyss (460)
Seat 3: _SKR (355)
*** ANTE/BLINDS ***
Narcyss posts small blind 30
_SKR posts big blind 60
Dealt to _SKR [4c 8c]
*** PRE-FLOP *** 
PresidentZ folds
Narcyss folds
_SKR collected 90 from pot
*** SUMMARY ***
Total pot 90 | No rake
Seat 3: _SKR (big blind) won 90


Winamax Poker - Tournament "Expresso Nitro" buyIn: 0.93€ + 0.07€ level: 4 - HandId: #2666593573150916609-20-1673284490 - Holdem no limit (30/60) - 2023/01/09 17:14:50 UTC
Table: 'Expresso Nitro(620864698)#0' 3-max (real money) Seat #2 is the button
Seat 1: PresidentZ (85)
Seat 2: Narcyss (430)
Seat 3: _SKR (385)
*** ANTE/BLINDS ***
_SKR posts small blind 30
PresidentZ posts big blind 60
Dealt to _SKR [Kc 6d]
*** PRE-FLOP *** 
Narcyss folds
_SKR raises 325 to 385 and is all-in
PresidentZ calls 25 and is all-in
*** FLOP *** [3h Ac 8d]
*** TURN *** [3h Ac 8d][3c]
*** RIVER *** [3h Ac 8d 3c][9d]
*** SHOW DOWN ***
PresidentZ shows [Kd 7d] (One pair : 3)
_SKR shows [Kc 6d] (One pair : 3)
_SKR collected 385 from side pot 1
PresidentZ collected 85 from main pot
*** SUMMARY ***
Total pot 470 | No rake
Board: [3h Ac 8d 3c 9d]
Seat 1: PresidentZ (big blind) showed [Kd 7d] and won 85 with One pair : 3
Seat 3: _SKR (small blind) showed [Kc 6d] and won 385 with One pair : 3


Winamax Poker - Tournament "Expresso Nitro" buyIn: 0.93€ + 0.07€ level: 5 - HandId: #2666593573150916609-21-1673284507 - Holdem no limit (40/80) - 2023/01/09 17:15:07 UTC
Table: 'Expresso Nitro(620864698)#0' 3-max (real money) Seat #3 is the button
Seat 1: PresidentZ (85)
Seat 2: Narcyss (430)
Seat 3: _SKR (385)
*** ANTE/BLINDS ***
PresidentZ posts small blind 40
Narcyss posts big blind 80
Dealt to _SKR [3d 5d]
*** PRE-FLOP *** 
_SKR folds
PresidentZ raises 5 to 85 and is all-in
Narcyss folds
PresidentZ collected 165 from pot
*** SUMMARY ***
Total pot 165 | No rake
Seat 1: PresidentZ (small blind) won 165


Winamax Poker - Tournament "Expresso Nitro" buyIn: 0.93€ + 0.07€ level: 5 - HandId: #2666593573150916609-22-1673284525 - Holdem no limit (40/80) - 2023/01/09 17:15:25 UTC
Table: 'Expresso Nitro(620864698)#0' 3-max (real money) Seat #1 is the button
Seat 1: PresidentZ (165)
Seat 2: Narcyss (350)
Seat 3: _SKR (385)
*** ANTE/BLINDS ***
Narcyss posts small blind 40
_SKR posts big blind 80
Dealt to _SKR [3s Ks]
*** PRE-FLOP *** 
PresidentZ raises 85 to 165 and is all-in
Narcyss folds
_SKR calls 85
*** FLOP *** [Qs Jd 6s]
*** TURN *** [Qs Jd 6s][As]
*** RIVER *** [Qs Jd 6s As][3c]
*** SHOW DOWN ***
PresidentZ shows [Jc 9d] (One pair : Jacks)
_SKR shows [3s Ks] (Flush Ace high)
_SKR collected 370 from pot
*** SUMMARY ***
Total pot 370 | No rake
Board: [Qs Jd 6s As 3c]
Seat 1: PresidentZ (button) showed [Jc 9d] and lost with One pair : Jacks
Seat 3: _SKR (big blind) showed [3s Ks] and won 370 with Flush Ace high


Winamax Poker - Tournament "Expresso Nitro" buyIn: 0.93€ + 0.07€ level: 5 - HandId: #2666593573150916609-23-1673284539 - Holdem no limit (40/80) - 2023/01/09 17:15:39 UTC
Table: 'Expresso Nitro(620864698)#0' 3-max (real money) Seat #3 is the button
Seat 2: Narcyss (310)
Seat 3: _SKR (590)
*** ANTE/BLINDS ***
_SKR posts small blind 40
Narcyss posts big blind 80
Dealt to _SKR [6s 9h]
*** PRE-FLOP *** 
_SKR folds
Narcyss collected 120 from pot
*** SUMMARY ***
Total pot 120 | No rake
Seat 2: Narcyss (big blind) won 120


Winamax Poker - Tournament "Expresso Nitro" buyIn: 0.93€ + 0.07€ level: 5 - HandId: #2666593573150916609-24-1673284545 - Holdem no limit (40/80) - 2023/01/09 17:15:45 UTC
Table: 'Expresso Nitro(620864698)#0' 3-max (real money) Seat #2 is the button
Seat 2: Narcyss (350)
Seat 3: _SKR (550)
*** ANTE/BLINDS ***
Narcyss posts small blind 40
_SKR posts big blind 80
Dealt to _SKR [Qs 2s]
*** PRE-FLOP *** 
Narcyss folds
_SKR collected 120 from pot
*** SUMMARY ***
Total pot 120 | No rake
Seat 3: _SKR (big blind) won 120


Winamax Poker - Tournament "Expresso Nitro" buyIn: 0.93€ + 0.07€ level: 5 - HandId: #2666593573150916609-25-1673284548 - Holdem no limit (40/80) - 2023/01/09 17:15:48 UTC
Table: 'Expresso Nitro(620864698)#0' 3-max (real money) Seat #3 is the button
Seat 2: Narcyss (310)
Seat 3: _SKR (590)
*** ANTE/BLINDS ***
_SKR posts small blind 40
Narcyss posts big blind 80
Dealt to _SKR [Ts 4s]
*** PRE-FLOP *** 
_SKR folds
Narcyss collected 120 from pot
*** SUMMARY ***
Total pot 120 | No rake
Seat 2: Narcyss (big blind) won 120


Winamax Poker - Tournament "Expresso Nitro" buyIn: 0.93€ + 0.07€ level: 6 - HandId: #2666593573150916609-26-1673284553 - Holdem no limit (50/100) - 2023/01/09 17:15:53 UTC
Table: 'Expresso Nitro(620864698)#0' 3-max (real money) Seat #2 is the button
Seat 2: Narcyss (350)
Seat 3: _SKR (550)
*** ANTE/BLINDS ***
Narcyss posts small blind 50
_SKR posts big blind 100
Dealt to _SKR [9d 7c]
*** PRE-FLOP *** 
Narcyss raises 250 to 350 and is all-in
_SKR folds
Narcyss collected 450 from pot
*** SUMMARY ***
Total pot 450 | No rake
Seat 2: Narcyss (small blind) (button) won 450


Winamax Poker - Tournament "Expresso Nitro" buyIn: 0.93€ + 0.07€ level: 6 - HandId: #2666593573150916609-27-1673284565 - Holdem no limit (50/100) - 2023/01/09 17:16:05 UTC
Table: 'Expresso Nitro(620864698)#0' 3-max (real money) Seat #3 is the button
Seat 2: Narcyss (450)
Seat 3: _SKR (450)
*** ANTE/BLINDS ***
_SKR posts small blind 50
Narcyss posts big blind 100
Dealt to _SKR [9s 9h]
*** PRE-FLOP *** 
_SKR raises 350 to 450 and is all-in
Narcyss folds
_SKR collected 550 from pot
*** SUMMARY ***
Total pot 550 | No rake
Seat 3: _SKR (small blind) (button) won 550


Winamax Poker - Tournament "Expresso Nitro" buyIn: 0.93€ + 0.07€ level: 6 - HandId: #2666593573150916609-28-1673284571 - Holdem no limit (50/100) - 2023/01/09 17:16:11 UTC
Table: 'Expresso Nitro(620864698)#0' 3-max (real money) Seat #2 is the button
Seat 2: Narcyss (350)
Seat 3: _SKR (550)
*** ANTE/BLINDS ***
Narcyss posts small blind 50
_SKR posts big blind 100
Dealt to _SKR [Ac 7h]
*** PRE-FLOP *** 
Narcyss folds
_SKR collected 150 from pot
*** SUMMARY ***
Total pot 150 | No rake
Seat 3: _SKR (big blind) won 150


Winamax Poker - Tournament "Expresso Nitro" buyIn: 0.93€ + 0.07€ level: 6 - HandId: #2666593573150916609-29-1673284575 - Holdem no limit (50/100) - 2023/01/09 17:16:15 UTC
Table: 'Expresso Nitro(620864698)#0' 3-max (real money) Seat #3 is the button
Seat 2: Narcyss (300)
Seat 3: _SKR (600)
*** ANTE/BLINDS ***
_SKR posts small blind 50
Narcyss posts big blind 100
Dealt to _SKR [Th 5d]
*** PRE-FLOP *** 
_SKR folds
Narcyss shows [2c 4d] (High card : 4)
Narcyss collected 150 from pot
*** SUMMARY ***
Total pot 150 | No rake
Seat 2: Narcyss (big blind) showed [2c 4d] and won 150 with High card : 4


Winamax Poker - Tournament "Expresso Nitro" buyIn: 0.93€ + 0.07€ level: 6 - HandId: #2666593573150916609-30-1673284580 - Holdem no limit (50/100) - 2023/01/09 17:16:20 UTC
Table: 'Expresso Nitro(620864698)#0' 3-max (real money) Seat #2 is the button
Seat 2: Narcyss (350)
Seat 3: _SKR (550)
*** ANTE/BLINDS ***
Narcyss posts small blind 50
_SKR posts big blind 100
Dealt to _SKR [9d 2s]
*** PRE-FLOP *** 
Narcyss raises 250 to 350 and is all-in
_SKR folds
Narcyss collected 450 from pot
*** SUMMARY ***
Total pot 450 | No rake
Seat 2: Narcyss (small blind) (button) won 450


Winamax Poker - Tournament "Expresso Nitro" buyIn: 0.93€ + 0.07€ level: 6 - HandId: #2666593573150916609-31-1673284589 - Holdem no limit (50/100) - 2023/01/09 17:16:29 UTC
Table: 'Expresso Nitro(620864698)#0' 3-max (real money) Seat #3 is the button
Seat 2: Narcyss (450)
Seat 3: _SKR (450)
*** ANTE/BLINDS ***
_SKR posts small blind 50
Narcyss posts big blind 100
Dealt to _SKR [Kh Th]
*** PRE-FLOP *** 
_SKR raises 350 to 450 and is all-in
Narcyss calls 350 and is all-in
*** FLOP *** [4s Kc 3s]
*** TURN *** [4s Kc 3s][9c]
*** RIVER *** [4s Kc 3s 9c][Ks]
*** SHOW DOWN ***
Narcyss shows [Ah 2d] (One pair : Kings)
_SKR shows [Kh Th] (Trips of Kings)
_SKR collected 900 from pot
*** SUMMARY ***
Total pot 900 | No rake
Board: [4s Kc 3s 9c Ks]
Seat 2: Narcyss (big blind) showed [Ah 2d] and lost with One pair : Kings
Seat 3: _SKR (small blind) (button) showed [Kh Th] and won 900 with Trips of Kings


