Winamax Poker - Tournament "Expresso Nitro" buyIn: 0.93€ + 0.07€ level: 1 - HandId: #2680846744245239809-1-1674081871 - Holdem no limit (10/20) - 2023/01/18 22:44:31 UTC
Table: 'Expresso Nitro(624183273)#0' 3-max (real money) Seat #1 is the button
Seat 1: asiadudus (300)
Seat 2: _SKR (300)
Seat 3: Kobi1983 (300)
*** ANTE/BLINDS ***
_SKR posts small blind 10
Kobi1983 posts big blind 20
Dealt to _SKR [Qd 5h]
*** PRE-FLOP *** 
asiadudus folds
_SKR folds
Kobi1983 collected 30 from pot
*** SUMMARY ***
Total pot 30 | No rake
Seat 3: Kobi1983 (big blind) won 30


Winamax Poker - Tournament "Expresso Nitro" buyIn: 0.93€ + 0.07€ level: 1 - HandId: #2680846744245239809-2-1674081883 - Holdem no limit (10/20) - 2023/01/18 22:44:43 UTC
Table: 'Expresso Nitro(624183273)#0' 3-max (real money) Seat #2 is the button
Seat 1: asiadudus (300)
Seat 2: _SKR (290)
Seat 3: Kobi1983 (310)
*** ANTE/BLINDS ***
Kobi1983 posts small blind 10
asiadudus posts big blind 20
Dealt to _SKR [Td 3c]
*** PRE-FLOP *** 
_SKR folds
Kobi1983 folds
asiadudus collected 30 from pot
*** SUMMARY ***
Total pot 30 | No rake
Seat 1: asiadudus (big blind) won 30


Winamax Poker - Tournament "Expresso Nitro" buyIn: 0.93€ + 0.07€ level: 1 - HandId: #2680846744245239809-3-1674081890 - Holdem no limit (10/20) - 2023/01/18 22:44:50 UTC
Table: 'Expresso Nitro(624183273)#0' 3-max (real money) Seat #3 is the button
Seat 1: asiadudus (310)
Seat 2: _SKR (290)
Seat 3: Kobi1983 (300)
*** ANTE/BLINDS ***
asiadudus posts small blind 10
_SKR posts big blind 20
Dealt to _SKR [4d Kh]
*** PRE-FLOP *** 
Kobi1983 raises 50 to 70
asiadudus calls 60
_SKR folds
*** FLOP *** [3s 5h Js]
asiadudus bets 160
Kobi1983 raises 70 to 230 and is all-in
asiadudus calls 70
*** TURN *** [3s 5h Js][As]
*** RIVER *** [3s 5h Js As][8d]
*** SHOW DOWN ***
Kobi1983 shows [Kc Qh] (High card : Ace)
asiadudus shows [Jh 3h] (Two pairs : Jacks and 3)
asiadudus collected 620 from pot
*** SUMMARY ***
Total pot 620 | No rake
Board: [3s 5h Js As 8d]
Seat 1: asiadudus (small blind) showed [Jh 3h] and won 620 with Two pairs : Jacks and 3
Seat 3: Kobi1983 (button) showed [Kc Qh] and lost with High card : Ace


Winamax Poker - Tournament "Expresso Nitro" buyIn: 0.93€ + 0.07€ level: 1 - HandId: #2680846744245239809-4-1674081917 - Holdem no limit (10/20) - 2023/01/18 22:45:17 UTC
Table: 'Expresso Nitro(624183273)#0' 3-max (real money) Seat #2 is the button
Seat 1: asiadudus (630)
Seat 2: _SKR (270)
*** ANTE/BLINDS ***
_SKR posts small blind 10
asiadudus posts big blind 20
Dealt to _SKR [Qc 3h]
*** PRE-FLOP *** 
_SKR folds
asiadudus collected 30 from pot
*** SUMMARY ***
Total pot 30 | No rake
Seat 1: asiadudus (big blind) won 30


Winamax Poker - Tournament "Expresso Nitro" buyIn: 0.93€ + 0.07€ level: 1 - HandId: #2680846744245239809-5-1674081921 - Holdem no limit (10/20) - 2023/01/18 22:45:21 UTC
Table: 'Expresso Nitro(624183273)#0' 3-max (real money) Seat #1 is the button
Seat 1: asiadudus (640)
Seat 2: _SKR (260)
*** ANTE/BLINDS ***
asiadudus posts small blind 10
_SKR posts big blind 20
Dealt to _SKR [6c 6h]
*** PRE-FLOP *** 
asiadudus calls 10
_SKR raises 240 to 260 and is all-in
asiadudus folds
_SKR collected 280 from pot
*** SUMMARY ***
Total pot 280 | No rake
Seat 2: _SKR (big blind) won 280


Winamax Poker - Tournament "Expresso Nitro" buyIn: 0.93€ + 0.07€ level: 2 - HandId: #2680846744245239809-6-1674081936 - Holdem no limit (15/30) - 2023/01/18 22:45:36 UTC
Table: 'Expresso Nitro(624183273)#0' 3-max (real money) Seat #2 is the button
Seat 1: asiadudus (620)
Seat 2: _SKR (280)
*** ANTE/BLINDS ***
_SKR posts small blind 15
asiadudus posts big blind 30
Dealt to _SKR [5d 4d]
*** PRE-FLOP *** 
_SKR folds
asiadudus collected 45 from pot
*** SUMMARY ***
Total pot 45 | No rake
Seat 1: asiadudus (big blind) won 45


Winamax Poker - Tournament "Expresso Nitro" buyIn: 0.93€ + 0.07€ level: 2 - HandId: #2680846744245239809-7-1674081941 - Holdem no limit (15/30) - 2023/01/18 22:45:41 UTC
Table: 'Expresso Nitro(624183273)#0' 3-max (real money) Seat #1 is the button
Seat 1: asiadudus (635)
Seat 2: _SKR (265)
*** ANTE/BLINDS ***
asiadudus posts small blind 15
_SKR posts big blind 30
Dealt to _SKR [2c Ts]
*** PRE-FLOP *** 
asiadudus raises 60 to 90
_SKR folds
asiadudus collected 120 from pot
*** SUMMARY ***
Total pot 120 | No rake
Seat 1: asiadudus (small blind) (button) won 120


Winamax Poker - Tournament "Expresso Nitro" buyIn: 0.93€ + 0.07€ level: 2 - HandId: #2680846744245239809-8-1674081960 - Holdem no limit (15/30) - 2023/01/18 22:46:00 UTC
Table: 'Expresso Nitro(624183273)#0' 3-max (real money) Seat #2 is the button
Seat 1: asiadudus (665)
Seat 2: _SKR (235)
*** ANTE/BLINDS ***
_SKR posts small blind 15
asiadudus posts big blind 30
Dealt to _SKR [4h 6d]
*** PRE-FLOP *** 
_SKR folds
asiadudus collected 45 from pot
*** SUMMARY ***
Total pot 45 | No rake
Seat 1: asiadudus (big blind) won 45


Winamax Poker - Tournament "Expresso Nitro" buyIn: 0.93€ + 0.07€ level: 2 - HandId: #2680846744245239809-9-1674081969 - Holdem no limit (15/30) - 2023/01/18 22:46:09 UTC
Table: 'Expresso Nitro(624183273)#0' 3-max (real money) Seat #1 is the button
Seat 1: asiadudus (680)
Seat 2: _SKR (220)
*** ANTE/BLINDS ***
asiadudus posts small blind 15
_SKR posts big blind 30
Dealt to _SKR [5h 2d]
*** PRE-FLOP *** 
asiadudus calls 15
_SKR checks
*** FLOP *** [Kd 9s 3h]
_SKR checks
asiadudus checks
*** TURN *** [Kd 9s 3h][Qh]
_SKR checks
asiadudus checks
*** RIVER *** [Kd 9s 3h Qh][6h]
_SKR checks
asiadudus bets 650 and is all-in
_SKR folds
asiadudus collected 710 from pot
*** SUMMARY ***
Total pot 710 | No rake
Board: [Kd 9s 3h Qh 6h]
Seat 1: asiadudus (small blind) (button) won 710


Winamax Poker - Tournament "Expresso Nitro" buyIn: 0.93€ + 0.07€ level: 3 - HandId: #2680846744245239809-10-1674082027 - Holdem no limit (20/40) - 2023/01/18 22:47:07 UTC
Table: 'Expresso Nitro(624183273)#0' 3-max (real money) Seat #2 is the button
Seat 1: asiadudus (710)
Seat 2: _SKR (190)
*** ANTE/BLINDS ***
_SKR posts small blind 20
asiadudus posts big blind 40
Dealt to _SKR [2h Td]
*** PRE-FLOP *** 
_SKR folds
asiadudus collected 60 from pot
*** SUMMARY ***
Total pot 60 | No rake
Seat 1: asiadudus (big blind) won 60


Winamax Poker - Tournament "Expresso Nitro" buyIn: 0.93€ + 0.07€ level: 3 - HandId: #2680846744245239809-11-1674082030 - Holdem no limit (20/40) - 2023/01/18 22:47:10 UTC
Table: 'Expresso Nitro(624183273)#0' 3-max (real money) Seat #1 is the button
Seat 1: asiadudus (730)
Seat 2: _SKR (170)
*** ANTE/BLINDS ***
asiadudus posts small blind 20
_SKR posts big blind 40
Dealt to _SKR [4d 7d]
*** PRE-FLOP *** 
asiadudus raises 690 to 730 and is all-in
_SKR folds
asiadudus collected 770 from pot
*** SUMMARY ***
Total pot 770 | No rake
Seat 1: asiadudus (small blind) (button) won 770


Winamax Poker - Tournament "Expresso Nitro" buyIn: 0.93€ + 0.07€ level: 3 - HandId: #2680846744245239809-12-1674082043 - Holdem no limit (20/40) - 2023/01/18 22:47:23 UTC
Table: 'Expresso Nitro(624183273)#0' 3-max (real money) Seat #2 is the button
Seat 1: asiadudus (770)
Seat 2: _SKR (130)
*** ANTE/BLINDS ***
_SKR posts small blind 20
asiadudus posts big blind 40
Dealt to _SKR [8s Td]
*** PRE-FLOP *** 
_SKR folds
asiadudus collected 60 from pot
*** SUMMARY ***
Total pot 60 | No rake
Seat 1: asiadudus (big blind) won 60


Winamax Poker - Tournament "Expresso Nitro" buyIn: 0.93€ + 0.07€ level: 4 - HandId: #2680846744245239809-13-1674082048 - Holdem no limit (30/60) - 2023/01/18 22:47:28 UTC
Table: 'Expresso Nitro(624183273)#0' 3-max (real money) Seat #1 is the button
Seat 1: asiadudus (790)
Seat 2: _SKR (110)
*** ANTE/BLINDS ***
asiadudus posts small blind 30
_SKR posts big blind 60
Dealt to _SKR [7c 9s]
*** PRE-FLOP *** 
asiadudus raises 730 to 790 and is all-in
_SKR calls 50 and is all-in
*** FLOP *** [4s Jh Qc]
*** TURN *** [4s Jh Qc][2h]
*** RIVER *** [4s Jh Qc 2h][Ac]
*** SHOW DOWN ***
_SKR shows [7c 9s] (High card : Ace)
asiadudus shows [4c 4d] (Trips of 4)
asiadudus collected 900 from pot
*** SUMMARY ***
Total pot 900 | No rake
Board: [4s Jh Qc 2h Ac]
Seat 1: asiadudus (small blind) (button) showed [4c 4d] and won 900 with Trips of 4
Seat 2: _SKR (big blind) showed [7c 9s] and lost with High card : Ace


