Winamax Poker - Tournament "Expresso Nitro" buyIn: 0.93€ + 0.07€ level: 1 - HandId: #2717801686537076737-1-1676235824 - Holdem no limit (10/20) - 2023/02/12 21:03:44 UTC
Table: 'Expresso Nitro(632787516)#0' 3-max (real money) Seat #2 is the button
Seat 1: alie59 (300)
Seat 2: Carlo.T (300)
Seat 3: _SKR (300)
*** ANTE/BLINDS ***
_SKR posts small blind 10
alie59 posts big blind 20
Dealt to _SKR [6d 5s]
*** PRE-FLOP *** 
Carlo.T folds
_SKR folds
alie59 collected 30 from pot
*** SUMMARY ***
Total pot 30 | No rake
Seat 1: alie59 (big blind) won 30


Winamax Poker - Tournament "Expresso Nitro" buyIn: 0.93€ + 0.07€ level: 1 - HandId: #2717801686537076737-2-1676235830 - Holdem no limit (10/20) - 2023/02/12 21:03:50 UTC
Table: 'Expresso Nitro(632787516)#0' 3-max (real money) Seat #3 is the button
Seat 1: alie59 (310)
Seat 2: Carlo.T (300)
Seat 3: _SKR (290)
*** ANTE/BLINDS ***
alie59 posts small blind 10
Carlo.T posts big blind 20
Dealt to _SKR [4c 7h]
*** PRE-FLOP *** 
_SKR folds
alie59 calls 10
Carlo.T checks
*** FLOP *** [Jh 8c 5c]
alie59 checks
Carlo.T bets 30
alie59 folds
Carlo.T collected 70 from pot
*** SUMMARY ***
Total pot 70 | No rake
Board: [Jh 8c 5c]
Seat 2: Carlo.T (big blind) won 70


Winamax Poker - Tournament "Expresso Nitro" buyIn: 0.93€ + 0.07€ level: 1 - HandId: #2717801686537076737-3-1676235847 - Holdem no limit (10/20) - 2023/02/12 21:04:07 UTC
Table: 'Expresso Nitro(632787516)#0' 3-max (real money) Seat #1 is the button
Seat 1: alie59 (290)
Seat 2: Carlo.T (320)
Seat 3: _SKR (290)
*** ANTE/BLINDS ***
Carlo.T posts small blind 10
_SKR posts big blind 20
Dealt to _SKR [Qs 2s]
*** PRE-FLOP *** 
alie59 folds
Carlo.T raises 300 to 320 and is all-in
_SKR folds
Carlo.T collected 340 from pot
*** SUMMARY ***
Total pot 340 | No rake
Seat 2: Carlo.T (small blind) won 340


Winamax Poker - Tournament "Expresso Nitro" buyIn: 0.93€ + 0.07€ level: 1 - HandId: #2717801686537076737-4-1676235860 - Holdem no limit (10/20) - 2023/02/12 21:04:20 UTC
Table: 'Expresso Nitro(632787516)#0' 3-max (real money) Seat #2 is the button
Seat 1: alie59 (290)
Seat 2: Carlo.T (340)
Seat 3: _SKR (270)
*** ANTE/BLINDS ***
_SKR posts small blind 10
alie59 posts big blind 20
Dealt to _SKR [4d 9s]
*** PRE-FLOP *** 
Carlo.T folds
_SKR folds
alie59 collected 30 from pot
*** SUMMARY ***
Total pot 30 | No rake
Seat 1: alie59 (big blind) won 30


Winamax Poker - Tournament "Expresso Nitro" buyIn: 0.93€ + 0.07€ level: 1 - HandId: #2717801686537076737-5-1676235866 - Holdem no limit (10/20) - 2023/02/12 21:04:26 UTC
Table: 'Expresso Nitro(632787516)#0' 3-max (real money) Seat #3 is the button
Seat 1: alie59 (300)
Seat 2: Carlo.T (340)
Seat 3: _SKR (260)
*** ANTE/BLINDS ***
alie59 posts small blind 10
Carlo.T posts big blind 20
Dealt to _SKR [Th Kc]
*** PRE-FLOP *** 
_SKR raises 20 to 40
alie59 calls 30
Carlo.T calls 20
*** FLOP *** [Kh 2c Ks]
alie59 checks
Carlo.T checks
_SKR bets 42
alie59 calls 42
Carlo.T folds
*** TURN *** [Kh 2c Ks][Ah]
alie59 checks
_SKR checks
*** RIVER *** [Kh 2c Ks Ah][3c]
alie59 bets 133
_SKR calls 133
*** SHOW DOWN ***
alie59 shows [6s As] (Two pairs : Aces and Kings)
_SKR shows [Th Kc] (Trips of Kings)
_SKR collected 470 from pot
*** SUMMARY ***
Total pot 470 | No rake
Board: [Kh 2c Ks Ah 3c]
Seat 1: alie59 (small blind) showed [6s As] and lost with Two pairs : Aces and Kings
Seat 3: _SKR (button) showed [Th Kc] and won 470 with Trips of Kings


Winamax Poker - Tournament "Expresso Nitro" buyIn: 0.93€ + 0.07€ level: 2 - HandId: #2717801686537076737-6-1676235906 - Holdem no limit (15/30) - 2023/02/12 21:05:06 UTC
Table: 'Expresso Nitro(632787516)#0' 3-max (real money) Seat #1 is the button
Seat 1: alie59 (85)
Seat 2: Carlo.T (300)
Seat 3: _SKR (515)
*** ANTE/BLINDS ***
Carlo.T posts small blind 15
_SKR posts big blind 30
Dealt to _SKR [4c Jd]
*** PRE-FLOP *** 
alie59 folds
Carlo.T folds
_SKR collected 45 from pot
*** SUMMARY ***
Total pot 45 | No rake
Seat 3: _SKR (big blind) won 45


Winamax Poker - Tournament "Expresso Nitro" buyIn: 0.93€ + 0.07€ level: 2 - HandId: #2717801686537076737-7-1676235913 - Holdem no limit (15/30) - 2023/02/12 21:05:13 UTC
Table: 'Expresso Nitro(632787516)#0' 3-max (real money) Seat #2 is the button
Seat 1: alie59 (85)
Seat 2: Carlo.T (285)
Seat 3: _SKR (530)
*** ANTE/BLINDS ***
_SKR posts small blind 15
alie59 posts big blind 30
Dealt to _SKR [Qh Td]
*** PRE-FLOP *** 
Carlo.T raises 255 to 285 and is all-in
_SKR folds
alie59 folds
Carlo.T collected 330 from pot
*** SUMMARY ***
Total pot 330 | No rake
Seat 2: Carlo.T (button) won 330


Winamax Poker - Tournament "Expresso Nitro" buyIn: 0.93€ + 0.07€ level: 2 - HandId: #2717801686537076737-8-1676235924 - Holdem no limit (15/30) - 2023/02/12 21:05:24 UTC
Table: 'Expresso Nitro(632787516)#0' 3-max (real money) Seat #3 is the button
Seat 1: alie59 (55)
Seat 2: Carlo.T (330)
Seat 3: _SKR (515)
*** ANTE/BLINDS ***
alie59 posts small blind 15
Carlo.T posts big blind 30
Dealt to _SKR [Ad 4c]
*** PRE-FLOP *** 
_SKR raises 485 to 515 and is all-in
alie59 calls 40 and is all-in
Carlo.T folds
*** FLOP *** [2d 8d 4s]
*** TURN *** [2d 8d 4s][7h]
*** RIVER *** [2d 8d 4s 7h][5c]
*** SHOW DOWN ***
alie59 shows [Jd 9h] (High card : Jack)
_SKR shows [Ad 4c] (One pair : 4)
_SKR collected 600 from pot
*** SUMMARY ***
Total pot 600 | No rake
Board: [2d 8d 4s 7h 5c]
Seat 1: alie59 (small blind) showed [Jd 9h] and lost with High card : Jack
Seat 3: _SKR (button) showed [Ad 4c] and won 600 with One pair : 4


Winamax Poker - Tournament "Expresso Nitro" buyIn: 0.93€ + 0.07€ level: 3 - HandId: #2717801686537076737-9-1676235943 - Holdem no limit (20/40) - 2023/02/12 21:05:43 UTC
Table: 'Expresso Nitro(632787516)#0' 3-max (real money) Seat #2 is the button
Seat 2: Carlo.T (300)
Seat 3: _SKR (600)
*** ANTE/BLINDS ***
Carlo.T posts small blind 20
_SKR posts big blind 40
Dealt to _SKR [6d 4c]
*** PRE-FLOP *** 
Carlo.T folds
_SKR collected 60 from pot
*** SUMMARY ***
Total pot 60 | No rake
Seat 3: _SKR (big blind) won 60


Winamax Poker - Tournament "Expresso Nitro" buyIn: 0.93€ + 0.07€ level: 3 - HandId: #2717801686537076737-10-1676235950 - Holdem no limit (20/40) - 2023/02/12 21:05:50 UTC
Table: 'Expresso Nitro(632787516)#0' 3-max (real money) Seat #3 is the button
Seat 2: Carlo.T (280)
Seat 3: _SKR (620)
*** ANTE/BLINDS ***
_SKR posts small blind 20
Carlo.T posts big blind 40
Dealt to _SKR [Td 2h]
*** PRE-FLOP *** 
_SKR folds
Carlo.T collected 60 from pot
*** SUMMARY ***
Total pot 60 | No rake
Seat 2: Carlo.T (big blind) won 60


Winamax Poker - Tournament "Expresso Nitro" buyIn: 0.93€ + 0.07€ level: 3 - HandId: #2717801686537076737-11-1676235955 - Holdem no limit (20/40) - 2023/02/12 21:05:55 UTC
Table: 'Expresso Nitro(632787516)#0' 3-max (real money) Seat #2 is the button
Seat 2: Carlo.T (300)
Seat 3: _SKR (600)
*** ANTE/BLINDS ***
Carlo.T posts small blind 20
_SKR posts big blind 40
Dealt to _SKR [6d 7d]
*** PRE-FLOP *** 
Carlo.T folds
_SKR collected 60 from pot
*** SUMMARY ***
Total pot 60 | No rake
Seat 3: _SKR (big blind) won 60


Winamax Poker - Tournament "Expresso Nitro" buyIn: 0.93€ + 0.07€ level: 3 - HandId: #2717801686537076737-12-1676235959 - Holdem no limit (20/40) - 2023/02/12 21:05:59 UTC
Table: 'Expresso Nitro(632787516)#0' 3-max (real money) Seat #3 is the button
Seat 2: Carlo.T (280)
Seat 3: _SKR (620)
*** ANTE/BLINDS ***
_SKR posts small blind 20
Carlo.T posts big blind 40
Dealt to _SKR [9h 8d]
*** PRE-FLOP *** 
_SKR raises 580 to 620 and is all-in
Carlo.T calls 240 and is all-in
*** FLOP *** [6h 4s Qs]
*** TURN *** [6h 4s Qs][4c]
*** RIVER *** [6h 4s Qs 4c][8c]
*** SHOW DOWN ***
Carlo.T shows [Kc 4h] (Trips of 4)
_SKR shows [9h 8d] (Two pairs : 8 and 4)
_SKR collected 340 from side pot 1
Carlo.T collected 560 from main pot
*** SUMMARY ***
Total pot 900 | No rake
Board: [6h 4s Qs 4c 8c]
Seat 2: Carlo.T (big blind) showed [Kc 4h] and won 560 with Trips of 4
Seat 3: _SKR (small blind) (button) showed [9h 8d] and won 340 with Two pairs : 8 and 4


Winamax Poker - Tournament "Expresso Nitro" buyIn: 0.93€ + 0.07€ level: 3 - HandId: #2717801686537076737-13-1676235971 - Holdem no limit (20/40) - 2023/02/12 21:06:11 UTC
Table: 'Expresso Nitro(632787516)#0' 3-max (real money) Seat #2 is the button
Seat 2: Carlo.T (560)
Seat 3: _SKR (340)
*** ANTE/BLINDS ***
Carlo.T posts small blind 20
_SKR posts big blind 40
Dealt to _SKR [7s 5d]
*** PRE-FLOP *** 
Carlo.T folds
_SKR collected 60 from pot
*** SUMMARY ***
Total pot 60 | No rake
Seat 3: _SKR (big blind) won 60


Winamax Poker - Tournament "Expresso Nitro" buyIn: 0.93€ + 0.07€ level: 3 - HandId: #2717801686537076737-14-1676235974 - Holdem no limit (20/40) - 2023/02/12 21:06:14 UTC
Table: 'Expresso Nitro(632787516)#0' 3-max (real money) Seat #3 is the button
Seat 2: Carlo.T (540)
Seat 3: _SKR (360)
*** ANTE/BLINDS ***
_SKR posts small blind 20
Carlo.T posts big blind 40
Dealt to _SKR [9d 2c]
*** PRE-FLOP *** 
_SKR folds
Carlo.T collected 60 from pot
*** SUMMARY ***
Total pot 60 | No rake
Seat 2: Carlo.T (big blind) won 60


Winamax Poker - Tournament "Expresso Nitro" buyIn: 0.93€ + 0.07€ level: 3 - HandId: #2717801686537076737-15-1676235986 - Holdem no limit (20/40) - 2023/02/12 21:06:26 UTC
Table: 'Expresso Nitro(632787516)#0' 3-max (real money) Seat #2 is the button
Seat 2: Carlo.T (560)
Seat 3: _SKR (340)
*** ANTE/BLINDS ***
Carlo.T posts small blind 20
_SKR posts big blind 40
Dealt to _SKR [Jc 3h]
*** PRE-FLOP *** 
Carlo.T folds
_SKR collected 60 from pot
*** SUMMARY ***
Total pot 60 | No rake
Seat 3: _SKR (big blind) won 60


Winamax Poker - Tournament "Expresso Nitro" buyIn: 0.93€ + 0.07€ level: 3 - HandId: #2717801686537076737-16-1676235990 - Holdem no limit (20/40) - 2023/02/12 21:06:30 UTC
Table: 'Expresso Nitro(632787516)#0' 3-max (real money) Seat #3 is the button
Seat 2: Carlo.T (540)
Seat 3: _SKR (360)
*** ANTE/BLINDS ***
_SKR posts small blind 20
Carlo.T posts big blind 40
Dealt to _SKR [As 8s]
*** PRE-FLOP *** 
_SKR raises 320 to 360 and is all-in
Carlo.T folds
_SKR collected 400 from pot
*** SUMMARY ***
Total pot 400 | No rake
Seat 3: _SKR (small blind) (button) won 400


Winamax Poker - Tournament "Expresso Nitro" buyIn: 0.93€ + 0.07€ level: 3 - HandId: #2717801686537076737-17-1676235997 - Holdem no limit (20/40) - 2023/02/12 21:06:37 UTC
Table: 'Expresso Nitro(632787516)#0' 3-max (real money) Seat #2 is the button
Seat 2: Carlo.T (500)
Seat 3: _SKR (400)
*** ANTE/BLINDS ***
Carlo.T posts small blind 20
_SKR posts big blind 40
Dealt to _SKR [9s 7s]
*** PRE-FLOP *** 
Carlo.T folds
_SKR collected 60 from pot
*** SUMMARY ***
Total pot 60 | No rake
Seat 3: _SKR (big blind) won 60


Winamax Poker - Tournament "Expresso Nitro" buyIn: 0.93€ + 0.07€ level: 4 - HandId: #2717801686537076737-18-1676236001 - Holdem no limit (30/60) - 2023/02/12 21:06:41 UTC
Table: 'Expresso Nitro(632787516)#0' 3-max (real money) Seat #3 is the button
Seat 2: Carlo.T (480)
Seat 3: _SKR (420)
*** ANTE/BLINDS ***
_SKR posts small blind 30
Carlo.T posts big blind 60
Dealt to _SKR [3s Tc]
*** PRE-FLOP *** 
_SKR folds
Carlo.T collected 90 from pot
*** SUMMARY ***
Total pot 90 | No rake
Seat 2: Carlo.T (big blind) won 90


Winamax Poker - Tournament "Expresso Nitro" buyIn: 0.93€ + 0.07€ level: 4 - HandId: #2717801686537076737-19-1676236005 - Holdem no limit (30/60) - 2023/02/12 21:06:45 UTC
Table: 'Expresso Nitro(632787516)#0' 3-max (real money) Seat #2 is the button
Seat 2: Carlo.T (510)
Seat 3: _SKR (390)
*** ANTE/BLINDS ***
Carlo.T posts small blind 30
_SKR posts big blind 60
Dealt to _SKR [Ac Qh]
*** PRE-FLOP *** 
Carlo.T raises 450 to 510 and is all-in
_SKR calls 330 and is all-in
*** FLOP *** [6s As Ks]
*** TURN *** [6s As Ks][9s]
*** RIVER *** [6s As Ks 9s][Kh]
*** SHOW DOWN ***
Carlo.T shows [8h Qc] (One pair : Kings)
_SKR shows [Ac Qh] (Two pairs : Aces and Kings)
_SKR collected 780 from main pot
Carlo.T collected 120 from side pot 1
*** SUMMARY ***
Total pot 900 | No rake
Board: [6s As Ks 9s Kh]
Seat 2: Carlo.T (small blind) (button) showed [8h Qc] and won 120 with One pair : Kings
Seat 3: _SKR (big blind) showed [Ac Qh] and won 780 with Two pairs : Aces and Kings


Winamax Poker - Tournament "Expresso Nitro" buyIn: 0.93€ + 0.07€ level: 4 - HandId: #2717801686537076737-20-1676236019 - Holdem no limit (30/60) - 2023/02/12 21:06:59 UTC
Table: 'Expresso Nitro(632787516)#0' 3-max (real money) Seat #3 is the button
Seat 2: Carlo.T (120)
Seat 3: _SKR (780)
*** ANTE/BLINDS ***
_SKR posts small blind 30
Carlo.T posts big blind 60
Dealt to _SKR [Td 7h]
*** PRE-FLOP *** 
_SKR raises 60 to 120
Carlo.T calls 60 and is all-in
*** FLOP *** [9s Qc Jd]
*** TURN *** [9s Qc Jd][Ac]
*** RIVER *** [9s Qc Jd Ac][8d]
*** SHOW DOWN ***
Carlo.T shows [3s 3h] (One pair : 3)
_SKR shows [Td 7h] (Straight Queen high)
_SKR collected 240 from pot
*** SUMMARY ***
Total pot 240 | No rake
Board: [9s Qc Jd Ac 8d]
Seat 2: Carlo.T (big blind) showed [3s 3h] and lost with One pair : 3
Seat 3: _SKR (small blind) (button) showed [Td 7h] and won 240 with Straight Queen high


