Winamax Poker - Tournament "Expresso Nitro" buyIn: 0.93€ + 0.07€ level: 1 - HandId: #2692529519146827777-1-1674829043 - Holdem no limit (10/20) - 2023/01/27 14:17:23 UTC
Table: 'Expresso Nitro(626903381)#0' 3-max (real money) Seat #3 is the button
Seat 1: Kboum (300)
Seat 2: _SKR (300)
Seat 3: MAN 06210 (300)
*** ANTE/BLINDS ***
Kboum posts small blind 10
_SKR posts big blind 20
Dealt to _SKR [Qs 2s]
*** PRE-FLOP *** 
MAN 06210 folds
Kboum raises 280 to 300 and is all-in
_SKR folds
Kboum collected 320 from pot
*** SUMMARY ***
Total pot 320 | No rake
Seat 1: Kboum (small blind) won 320


Winamax Poker - Tournament "Expresso Nitro" buyIn: 0.93€ + 0.07€ level: 1 - HandId: #2692529519146827777-2-1674829056 - Holdem no limit (10/20) - 2023/01/27 14:17:36 UTC
Table: 'Expresso Nitro(626903381)#0' 3-max (real money) Seat #1 is the button
Seat 1: Kboum (320)
Seat 2: _SKR (280)
Seat 3: MAN 06210 (300)
*** ANTE/BLINDS ***
_SKR posts small blind 10
MAN 06210 posts big blind 20
Dealt to _SKR [Ts Jc]
*** PRE-FLOP *** 
Kboum raises 300 to 320 and is all-in
_SKR folds
MAN 06210 folds
Kboum collected 350 from pot
*** SUMMARY ***
Total pot 350 | No rake
Seat 1: Kboum (button) won 350


Winamax Poker - Tournament "Expresso Nitro" buyIn: 0.93€ + 0.07€ level: 1 - HandId: #2692529519146827777-3-1674829067 - Holdem no limit (10/20) - 2023/01/27 14:17:47 UTC
Table: 'Expresso Nitro(626903381)#0' 3-max (real money) Seat #2 is the button
Seat 1: Kboum (350)
Seat 2: _SKR (270)
Seat 3: MAN 06210 (280)
*** ANTE/BLINDS ***
MAN 06210 posts small blind 10
Kboum posts big blind 20
Dealt to _SKR [5s 4h]
*** PRE-FLOP *** 
_SKR folds
MAN 06210 calls 10
Kboum raises 330 to 350 and is all-in
MAN 06210 folds
Kboum collected 370 from pot
*** SUMMARY ***
Total pot 370 | No rake
Seat 1: Kboum (big blind) won 370


Winamax Poker - Tournament "Expresso Nitro" buyIn: 0.93€ + 0.07€ level: 1 - HandId: #2692529519146827777-4-1674829078 - Holdem no limit (10/20) - 2023/01/27 14:17:58 UTC
Table: 'Expresso Nitro(626903381)#0' 3-max (real money) Seat #3 is the button
Seat 1: Kboum (370)
Seat 2: _SKR (270)
Seat 3: MAN 06210 (260)
*** ANTE/BLINDS ***
Kboum posts small blind 10
_SKR posts big blind 20
Dealt to _SKR [5c Ac]
*** PRE-FLOP *** 
MAN 06210 folds
Kboum folds
_SKR collected 30 from pot
*** SUMMARY ***
Total pot 30 | No rake
Seat 2: _SKR (big blind) won 30


Winamax Poker - Tournament "Expresso Nitro" buyIn: 0.93€ + 0.07€ level: 1 - HandId: #2692529519146827777-5-1674829082 - Holdem no limit (10/20) - 2023/01/27 14:18:02 UTC
Table: 'Expresso Nitro(626903381)#0' 3-max (real money) Seat #1 is the button
Seat 1: Kboum (360)
Seat 2: _SKR (280)
Seat 3: MAN 06210 (260)
*** ANTE/BLINDS ***
_SKR posts small blind 10
MAN 06210 posts big blind 20
Dealt to _SKR [Js Ts]
*** PRE-FLOP *** 
Kboum folds
_SKR raises 20 to 40
MAN 06210 calls 20
*** FLOP *** [Kc 9c 8s]
_SKR checks
MAN 06210 bets 30
_SKR calls 30
*** TURN *** [Kc 9c 8s][Td]
_SKR checks
MAN 06210 bets 190 and is all-in
_SKR folds
MAN 06210 collected 330 from pot
*** SUMMARY ***
Total pot 330 | No rake
Board: [Kc 9c 8s Td]
Seat 3: MAN 06210 (big blind) won 330


Winamax Poker - Tournament "Expresso Nitro" buyIn: 0.93€ + 0.07€ level: 2 - HandId: #2692529519146827777-6-1674829139 - Holdem no limit (15/30) - 2023/01/27 14:18:59 UTC
Table: 'Expresso Nitro(626903381)#0' 3-max (real money) Seat #2 is the button
Seat 1: Kboum (360)
Seat 2: _SKR (210)
Seat 3: MAN 06210 (330)
*** ANTE/BLINDS ***
MAN 06210 posts small blind 15
Kboum posts big blind 30
Dealt to _SKR [Kc Jd]
*** PRE-FLOP *** 
_SKR raises 180 to 210 and is all-in
MAN 06210 folds
Kboum folds
_SKR collected 255 from pot
*** SUMMARY ***
Total pot 255 | No rake
Seat 2: _SKR (button) won 255


Winamax Poker - Tournament "Expresso Nitro" buyIn: 0.93€ + 0.07€ level: 2 - HandId: #2692529519146827777-7-1674829148 - Holdem no limit (15/30) - 2023/01/27 14:19:08 UTC
Table: 'Expresso Nitro(626903381)#0' 3-max (real money) Seat #3 is the button
Seat 1: Kboum (330)
Seat 2: _SKR (255)
Seat 3: MAN 06210 (315)
*** ANTE/BLINDS ***
Kboum posts small blind 15
_SKR posts big blind 30
Dealt to _SKR [9d Qd]
*** PRE-FLOP *** 
MAN 06210 folds
Kboum raises 300 to 330 and is all-in
_SKR folds
Kboum collected 360 from pot
*** SUMMARY ***
Total pot 360 | No rake
Seat 1: Kboum (small blind) won 360


Winamax Poker - Tournament "Expresso Nitro" buyIn: 0.93€ + 0.07€ level: 2 - HandId: #2692529519146827777-8-1674829155 - Holdem no limit (15/30) - 2023/01/27 14:19:15 UTC
Table: 'Expresso Nitro(626903381)#0' 3-max (real money) Seat #1 is the button
Seat 1: Kboum (360)
Seat 2: _SKR (225)
Seat 3: MAN 06210 (315)
*** ANTE/BLINDS ***
_SKR posts small blind 15
MAN 06210 posts big blind 30
Dealt to _SKR [7c Qs]
*** PRE-FLOP *** 
Kboum folds
_SKR raises 195 to 225 and is all-in
MAN 06210 folds
_SKR collected 255 from pot
*** SUMMARY ***
Total pot 255 | No rake
Seat 2: _SKR (small blind) won 255


Winamax Poker - Tournament "Expresso Nitro" buyIn: 0.93€ + 0.07€ level: 3 - HandId: #2692529519146827777-9-1674829165 - Holdem no limit (20/40) - 2023/01/27 14:19:25 UTC
Table: 'Expresso Nitro(626903381)#0' 3-max (real money) Seat #2 is the button
Seat 1: Kboum (360)
Seat 2: _SKR (255)
Seat 3: MAN 06210 (285)
*** ANTE/BLINDS ***
MAN 06210 posts small blind 20
Kboum posts big blind 40
Dealt to _SKR [3d 3c]
*** PRE-FLOP *** 
_SKR raises 215 to 255 and is all-in
MAN 06210 raises 30 to 285 and is all-in
Kboum folds
*** FLOP *** [Ac Ts 9s]
*** TURN *** [Ac Ts 9s][Td]
*** RIVER *** [Ac Ts 9s Td][6c]
*** SHOW DOWN ***
_SKR shows [3d 3c] (Two pairs : Tens and 3)
MAN 06210 shows [As 8h] (Two pairs : Aces and Tens)
MAN 06210 collected 580 from pot
*** SUMMARY ***
Total pot 580 | No rake
Board: [Ac Ts 9s Td 6c]
Seat 2: _SKR (button) showed [3d 3c] and lost with Two pairs : Tens and 3
Seat 3: MAN 06210 (small blind) showed [As 8h] and won 580 with Two pairs : Aces and Tens


