Winamax Poker - Tournament "Expresso Nitro" buyIn: 1.86€ + 0.14€ level: 1 - HandId: #2696926981542379521-1-1675103699 - Holdem no limit (10/20) - 2023/01/30 18:34:59 UTC
Table: 'Expresso Nitro(627927245)#0' 3-max (real money) Seat #2 is the button
Seat 1: Jimcha80000 (300)
Seat 2: _SKR (300)
Seat 3: La Bud (300)
*** ANTE/BLINDS ***
La Bud posts small blind 10
Jimcha80000 posts big blind 20
Dealt to _SKR [9c Ad]
*** PRE-FLOP *** 
_SKR raises 280 to 300 and is all-in
La Bud folds
Jimcha80000 folds
_SKR collected 330 from pot
*** SUMMARY ***
Total pot 330 | No rake
Seat 2: _SKR (button) won 330


Winamax Poker - Tournament "Expresso Nitro" buyIn: 1.86€ + 0.14€ level: 1 - HandId: #2696926981542379521-2-1675103713 - Holdem no limit (10/20) - 2023/01/30 18:35:13 UTC
Table: 'Expresso Nitro(627927245)#0' 3-max (real money) Seat #3 is the button
Seat 1: Jimcha80000 (280)
Seat 2: _SKR (330)
Seat 3: La Bud (290)
*** ANTE/BLINDS ***
Jimcha80000 posts small blind 10
_SKR posts big blind 20
Dealt to _SKR [Jd 4h]
*** PRE-FLOP *** 
La Bud folds
Jimcha80000 raises 20 to 40
_SKR folds
Jimcha80000 collected 60 from pot
*** SUMMARY ***
Total pot 60 | No rake
Seat 1: Jimcha80000 (small blind) won 60


Winamax Poker - Tournament "Expresso Nitro" buyIn: 1.86€ + 0.14€ level: 1 - HandId: #2696926981542379521-3-1675103723 - Holdem no limit (10/20) - 2023/01/30 18:35:23 UTC
Table: 'Expresso Nitro(627927245)#0' 3-max (real money) Seat #1 is the button
Seat 1: Jimcha80000 (300)
Seat 2: _SKR (310)
Seat 3: La Bud (290)
*** ANTE/BLINDS ***
_SKR posts small blind 10
La Bud posts big blind 20
Dealt to _SKR [3s 7s]
*** PRE-FLOP *** 
Jimcha80000 raises 20 to 40
_SKR folds
La Bud folds
Jimcha80000 collected 70 from pot
*** SUMMARY ***
Total pot 70 | No rake
Seat 1: Jimcha80000 (button) won 70


Winamax Poker - Tournament "Expresso Nitro" buyIn: 1.86€ + 0.14€ level: 1 - HandId: #2696926981542379521-4-1675103731 - Holdem no limit (10/20) - 2023/01/30 18:35:31 UTC
Table: 'Expresso Nitro(627927245)#0' 3-max (real money) Seat #2 is the button
Seat 1: Jimcha80000 (330)
Seat 2: _SKR (300)
Seat 3: La Bud (270)
*** ANTE/BLINDS ***
La Bud posts small blind 10
Jimcha80000 posts big blind 20
Dealt to _SKR [Ah 6c]
*** PRE-FLOP *** 
_SKR raises 280 to 300 and is all-in
La Bud folds
Jimcha80000 folds
_SKR collected 330 from pot
*** SUMMARY ***
Total pot 330 | No rake
Seat 2: _SKR (button) won 330


Winamax Poker - Tournament "Expresso Nitro" buyIn: 1.86€ + 0.14€ level: 1 - HandId: #2696926981542379521-5-1675103739 - Holdem no limit (10/20) - 2023/01/30 18:35:39 UTC
Table: 'Expresso Nitro(627927245)#0' 3-max (real money) Seat #3 is the button
Seat 1: Jimcha80000 (310)
Seat 2: _SKR (330)
Seat 3: La Bud (260)
*** ANTE/BLINDS ***
Jimcha80000 posts small blind 10
_SKR posts big blind 20
Dealt to _SKR [Ac 7c]
*** PRE-FLOP *** 
La Bud raises 240 to 260 and is all-in
Jimcha80000 folds
_SKR folds
La Bud collected 290 from pot
*** SUMMARY ***
Total pot 290 | No rake
Seat 3: La Bud (button) won 290


Winamax Poker - Tournament "Expresso Nitro" buyIn: 1.86€ + 0.14€ level: 1 - HandId: #2696926981542379521-6-1675103747 - Holdem no limit (10/20) - 2023/01/30 18:35:47 UTC
Table: 'Expresso Nitro(627927245)#0' 3-max (real money) Seat #1 is the button
Seat 1: Jimcha80000 (300)
Seat 2: _SKR (310)
Seat 3: La Bud (290)
*** ANTE/BLINDS ***
_SKR posts small blind 10
La Bud posts big blind 20
Dealt to _SKR [7d 9s]
*** PRE-FLOP *** 
Jimcha80000 folds
_SKR folds
La Bud collected 30 from pot
*** SUMMARY ***
Total pot 30 | No rake
Seat 3: La Bud (big blind) won 30


Winamax Poker - Tournament "Expresso Nitro" buyIn: 1.86€ + 0.14€ level: 1 - HandId: #2696926981542379521-7-1675103753 - Holdem no limit (10/20) - 2023/01/30 18:35:53 UTC
Table: 'Expresso Nitro(627927245)#0' 3-max (real money) Seat #2 is the button
Seat 1: Jimcha80000 (300)
Seat 2: _SKR (300)
Seat 3: La Bud (300)
*** ANTE/BLINDS ***
La Bud posts small blind 10
Jimcha80000 posts big blind 20
Dealt to _SKR [5d 6s]
*** PRE-FLOP *** 
_SKR folds
La Bud folds
Jimcha80000 collected 30 from pot
*** SUMMARY ***
Total pot 30 | No rake
Seat 1: Jimcha80000 (big blind) won 30


Winamax Poker - Tournament "Expresso Nitro" buyIn: 1.86€ + 0.14€ level: 2 - HandId: #2696926981542379521-8-1675103761 - Holdem no limit (15/30) - 2023/01/30 18:36:01 UTC
Table: 'Expresso Nitro(627927245)#0' 3-max (real money) Seat #3 is the button
Seat 1: Jimcha80000 (310)
Seat 2: _SKR (300)
Seat 3: La Bud (290)
*** ANTE/BLINDS ***
Jimcha80000 posts small blind 15
_SKR posts big blind 30
Dealt to _SKR [Qs Ts]
*** PRE-FLOP *** 
La Bud folds
Jimcha80000 calls 15
_SKR raises 270 to 300 and is all-in
Jimcha80000 folds
_SKR collected 330 from pot
*** SUMMARY ***
Total pot 330 | No rake
Seat 2: _SKR (big blind) won 330


Winamax Poker - Tournament "Expresso Nitro" buyIn: 1.86€ + 0.14€ level: 2 - HandId: #2696926981542379521-9-1675103772 - Holdem no limit (15/30) - 2023/01/30 18:36:12 UTC
Table: 'Expresso Nitro(627927245)#0' 3-max (real money) Seat #1 is the button
Seat 1: Jimcha80000 (280)
Seat 2: _SKR (330)
Seat 3: La Bud (290)
*** ANTE/BLINDS ***
_SKR posts small blind 15
La Bud posts big blind 30
Dealt to _SKR [4c 4s]
*** PRE-FLOP *** 
Jimcha80000 calls 30
_SKR raises 300 to 330 and is all-in
La Bud folds
Jimcha80000 folds
_SKR collected 390 from pot
*** SUMMARY ***
Total pot 390 | No rake
Seat 2: _SKR (small blind) won 390


Winamax Poker - Tournament "Expresso Nitro" buyIn: 1.86€ + 0.14€ level: 2 - HandId: #2696926981542379521-10-1675103781 - Holdem no limit (15/30) - 2023/01/30 18:36:21 UTC
Table: 'Expresso Nitro(627927245)#0' 3-max (real money) Seat #2 is the button
Seat 1: Jimcha80000 (250)
Seat 2: _SKR (390)
Seat 3: La Bud (260)
*** ANTE/BLINDS ***
La Bud posts small blind 15
Jimcha80000 posts big blind 30
Dealt to _SKR [8d 7h]
*** PRE-FLOP *** 
_SKR folds
La Bud folds
Jimcha80000 collected 45 from pot
*** SUMMARY ***
Total pot 45 | No rake
Seat 1: Jimcha80000 (big blind) won 45


Winamax Poker - Tournament "Expresso Nitro" buyIn: 1.86€ + 0.14€ level: 2 - HandId: #2696926981542379521-11-1675103787 - Holdem no limit (15/30) - 2023/01/30 18:36:27 UTC
Table: 'Expresso Nitro(627927245)#0' 3-max (real money) Seat #3 is the button
Seat 1: Jimcha80000 (265)
Seat 2: _SKR (390)
Seat 3: La Bud (245)
*** ANTE/BLINDS ***
Jimcha80000 posts small blind 15
_SKR posts big blind 30
Dealt to _SKR [3d 3c]
*** PRE-FLOP *** 
La Bud raises 215 to 245 and is all-in
Jimcha80000 folds
_SKR calls 215
*** FLOP *** [Th 8d Ah]
*** TURN *** [Th 8d Ah][Jd]
*** RIVER *** [Th 8d Ah Jd][9d]
*** SHOW DOWN ***
_SKR shows [3d 3c] (One pair : 3)
La Bud shows [Kh Qc] (Straight Ace high)
La Bud collected 505 from pot
*** SUMMARY ***
Total pot 505 | No rake
Board: [Th 8d Ah Jd 9d]
Seat 2: _SKR (big blind) showed [3d 3c] and lost with One pair : 3
Seat 3: La Bud (button) showed [Kh Qc] and won 505 with Straight Ace high


Winamax Poker - Tournament "Expresso Nitro" buyIn: 1.86€ + 0.14€ level: 2 - HandId: #2696926981542379521-12-1675103804 - Holdem no limit (15/30) - 2023/01/30 18:36:44 UTC
Table: 'Expresso Nitro(627927245)#0' 3-max (real money) Seat #1 is the button
Seat 1: Jimcha80000 (250)
Seat 2: _SKR (145)
Seat 3: La Bud (505)
*** ANTE/BLINDS ***
_SKR posts small blind 15
La Bud posts big blind 30
Dealt to _SKR [5h Td]
*** PRE-FLOP *** 
Jimcha80000 folds
_SKR folds
La Bud collected 45 from pot
*** SUMMARY ***
Total pot 45 | No rake
Seat 3: La Bud (big blind) won 45


Winamax Poker - Tournament "Expresso Nitro" buyIn: 1.86€ + 0.14€ level: 2 - HandId: #2696926981542379521-13-1675103811 - Holdem no limit (15/30) - 2023/01/30 18:36:51 UTC
Table: 'Expresso Nitro(627927245)#0' 3-max (real money) Seat #2 is the button
Seat 1: Jimcha80000 (250)
Seat 2: _SKR (130)
Seat 3: La Bud (520)
*** ANTE/BLINDS ***
La Bud posts small blind 15
Jimcha80000 posts big blind 30
Dealt to _SKR [8d 2h]
*** PRE-FLOP *** 
_SKR folds
La Bud calls 15
Jimcha80000 raises 220 to 250 and is all-in
La Bud folds
Jimcha80000 collected 280 from pot
*** SUMMARY ***
Total pot 280 | No rake
Seat 1: Jimcha80000 (big blind) won 280


Winamax Poker - Tournament "Expresso Nitro" buyIn: 1.86€ + 0.14€ level: 3 - HandId: #2696926981542379521-14-1675103819 - Holdem no limit (20/40) - 2023/01/30 18:36:59 UTC
Table: 'Expresso Nitro(627927245)#0' 3-max (real money) Seat #3 is the button
Seat 1: Jimcha80000 (280)
Seat 2: _SKR (130)
Seat 3: La Bud (490)
*** ANTE/BLINDS ***
Jimcha80000 posts small blind 20
_SKR posts big blind 40
Dealt to _SKR [8c 6d]
*** PRE-FLOP *** 
La Bud folds
Jimcha80000 calls 20
_SKR checks
*** FLOP *** [6c 5c 7h]
Jimcha80000 bets 40
_SKR raises 50 to 90 and is all-in
Jimcha80000 raises 150 to 240 and is all-in
*** TURN *** [6c 5c 7h][Jh]
*** RIVER *** [6c 5c 7h Jh][8d]
*** SHOW DOWN ***
_SKR shows [8c 6d] (Two pairs : 8 and 6)
Jimcha80000 shows [4c Ts] (Straight 8 high)
Jimcha80000 collected 410 from pot
*** SUMMARY ***
Total pot 410 | No rake
Board: [6c 5c 7h Jh 8d]
Seat 1: Jimcha80000 (small blind) showed [4c Ts] and won 410 with Straight 8 high
Seat 2: _SKR (big blind) showed [8c 6d] and lost with Two pairs : 8 and 6


