Winamax Poker - Tournament "Expresso Nitro" buyIn: 1.86€ + 0.14€ level: 1 - HandId: #2697281019991556097-1-1675116191 - Holdem no limit (10/20) - 2023/01/30 22:03:11 UTC
Table: 'Expresso Nitro(628009676)#0' 3-max (real money) Seat #1 is the button
Seat 1: _SKR (300)
Seat 2: EL BARILLO (300)
Seat 3: Netsuko123 (300)
*** ANTE/BLINDS ***
EL BARILLO posts small blind 10
Netsuko123 posts big blind 20
Dealt to _SKR [5h 8s]
*** PRE-FLOP *** 
_SKR folds
EL BARILLO folds
Netsuko123 collected 30 from pot
*** SUMMARY ***
Total pot 30 | No rake
Seat 3: Netsuko123 (big blind) won 30


Winamax Poker - Tournament "Expresso Nitro" buyIn: 1.86€ + 0.14€ level: 1 - HandId: #2697281019991556097-2-1675116198 - Holdem no limit (10/20) - 2023/01/30 22:03:18 UTC
Table: 'Expresso Nitro(628009676)#0' 3-max (real money) Seat #2 is the button
Seat 1: _SKR (300)
Seat 2: EL BARILLO (290)
Seat 3: Netsuko123 (310)
*** ANTE/BLINDS ***
Netsuko123 posts small blind 10
_SKR posts big blind 20
Dealt to _SKR [Ad 4d]
*** PRE-FLOP *** 
EL BARILLO calls 20
Netsuko123 folds
_SKR raises 280 to 300 and is all-in
EL BARILLO folds
_SKR collected 330 from pot
*** SUMMARY ***
Total pot 330 | No rake
Seat 1: _SKR (big blind) won 330


Winamax Poker - Tournament "Expresso Nitro" buyIn: 1.86€ + 0.14€ level: 1 - HandId: #2697281019991556097-3-1675116217 - Holdem no limit (10/20) - 2023/01/30 22:03:37 UTC
Table: 'Expresso Nitro(628009676)#0' 3-max (real money) Seat #3 is the button
Seat 1: _SKR (330)
Seat 2: EL BARILLO (270)
Seat 3: Netsuko123 (300)
*** ANTE/BLINDS ***
_SKR posts small blind 10
EL BARILLO posts big blind 20
Dealt to _SKR [2c 2s]
*** PRE-FLOP *** 
Netsuko123 folds
_SKR raises 310 to 330 and is all-in
EL BARILLO calls 250 and is all-in
*** FLOP *** [3s 6s Kd]
*** TURN *** [3s 6s Kd][4s]
*** RIVER *** [3s 6s Kd 4s][8h]
*** SHOW DOWN ***
_SKR shows [2c 2s] (One pair : 2)
EL BARILLO shows [8d Ac] (One pair : 8)
EL BARILLO collected 540 from main pot
_SKR collected 60 from side pot 1
*** SUMMARY ***
Total pot 600 | No rake
Board: [3s 6s Kd 4s 8h]
Seat 1: _SKR (small blind) showed [2c 2s] and won 60 with One pair : 2
Seat 2: EL BARILLO (big blind) showed [8d Ac] and won 540 with One pair : 8


Winamax Poker - Tournament "Expresso Nitro" buyIn: 1.86€ + 0.14€ level: 1 - HandId: #2697281019991556097-4-1675116236 - Holdem no limit (10/20) - 2023/01/30 22:03:56 UTC
Table: 'Expresso Nitro(628009676)#0' 3-max (real money) Seat #1 is the button
Seat 1: _SKR (60)
Seat 2: EL BARILLO (540)
Seat 3: Netsuko123 (300)
*** ANTE/BLINDS ***
EL BARILLO posts small blind 10
Netsuko123 posts big blind 20
Dealt to _SKR [Kd Js]
*** PRE-FLOP *** 
_SKR raises 40 to 60 and is all-in
EL BARILLO calls 50
Netsuko123 folds
*** FLOP *** [5c Ks Td]
*** TURN *** [5c Ks Td][2s]
*** RIVER *** [5c Ks Td 2s][8d]
*** SHOW DOWN ***
EL BARILLO shows [Jh 8h] (One pair : 8)
_SKR shows [Kd Js] (One pair : Kings)
_SKR collected 140 from pot
*** SUMMARY ***
Total pot 140 | No rake
Board: [5c Ks Td 2s 8d]
Seat 1: _SKR (button) showed [Kd Js] and won 140 with One pair : Kings
Seat 2: EL BARILLO (small blind) showed [Jh 8h] and lost with One pair : 8


Winamax Poker - Tournament "Expresso Nitro" buyIn: 1.86€ + 0.14€ level: 2 - HandId: #2697281019991556097-5-1675116252 - Holdem no limit (15/30) - 2023/01/30 22:04:12 UTC
Table: 'Expresso Nitro(628009676)#0' 3-max (real money) Seat #2 is the button
Seat 1: _SKR (140)
Seat 2: EL BARILLO (480)
Seat 3: Netsuko123 (280)
*** ANTE/BLINDS ***
Netsuko123 posts small blind 15
_SKR posts big blind 30
Dealt to _SKR [9s 2s]
*** PRE-FLOP *** 
EL BARILLO raises 450 to 480 and is all-in
Netsuko123 folds
_SKR folds
EL BARILLO collected 525 from pot
*** SUMMARY ***
Total pot 525 | No rake
Seat 2: EL BARILLO (button) won 525


Winamax Poker - Tournament "Expresso Nitro" buyIn: 1.86€ + 0.14€ level: 2 - HandId: #2697281019991556097-6-1675116262 - Holdem no limit (15/30) - 2023/01/30 22:04:22 UTC
Table: 'Expresso Nitro(628009676)#0' 3-max (real money) Seat #3 is the button
Seat 1: _SKR (110)
Seat 2: EL BARILLO (525)
Seat 3: Netsuko123 (265)
*** ANTE/BLINDS ***
_SKR posts small blind 15
EL BARILLO posts big blind 30
Dealt to _SKR [2h 6s]
*** PRE-FLOP *** 
Netsuko123 raises 45 to 75
_SKR folds
EL BARILLO raises 450 to 525 and is all-in
Netsuko123 calls 190 and is all-in
*** FLOP *** [Jc 3s 3h]
*** TURN *** [Jc 3s 3h][Th]
*** RIVER *** [Jc 3s 3h Th][Jh]
*** SHOW DOWN ***
Netsuko123 shows [Qd 9h] (Two pairs : Jacks and 3)
EL BARILLO shows [9c As] (Two pairs : Jacks and 3)
EL BARILLO collected 805 from pot
*** SUMMARY ***
Total pot 805 | No rake
Board: [Jc 3s 3h Th Jh]
Seat 2: EL BARILLO (big blind) showed [9c As] and won 805 with Two pairs : Jacks and 3
Seat 3: Netsuko123 (button) showed [Qd 9h] and lost with Two pairs : Jacks and 3


Winamax Poker - Tournament "Expresso Nitro" buyIn: 1.86€ + 0.14€ level: 2 - HandId: #2697281019991556097-7-1675116283 - Holdem no limit (15/30) - 2023/01/30 22:04:43 UTC
Table: 'Expresso Nitro(628009676)#0' 3-max (real money) Seat #2 is the button
Seat 1: _SKR (95)
Seat 2: EL BARILLO (805)
*** ANTE/BLINDS ***
EL BARILLO posts small blind 15
_SKR posts big blind 30
Dealt to _SKR [6s Qs]
*** PRE-FLOP *** 
EL BARILLO raises 775 to 805 and is all-in
_SKR calls 65 and is all-in
*** FLOP *** [Qh Tc Ts]
*** TURN *** [Qh Tc Ts][As]
*** RIVER *** [Qh Tc Ts As][7s]
*** SHOW DOWN ***
_SKR shows [6s Qs] (Flush Ace high)
EL BARILLO shows [Jc 5h] (One pair : Tens)
EL BARILLO collected 710 from side pot 1
_SKR collected 190 from main pot
*** SUMMARY ***
Total pot 900 | No rake
Board: [Qh Tc Ts As 7s]
Seat 1: _SKR (big blind) showed [6s Qs] and won 190 with Flush Ace high
Seat 2: EL BARILLO (small blind) (button) showed [Jc 5h] and won 710 with One pair : Tens


Winamax Poker - Tournament "Expresso Nitro" buyIn: 1.86€ + 0.14€ level: 2 - HandId: #2697281019991556097-8-1675116306 - Holdem no limit (15/30) - 2023/01/30 22:05:06 UTC
Table: 'Expresso Nitro(628009676)#0' 3-max (real money) Seat #1 is the button
Seat 1: _SKR (190)
Seat 2: EL BARILLO (710)
*** ANTE/BLINDS ***
_SKR posts small blind 15
EL BARILLO posts big blind 30
Dealt to _SKR [2d 6d]
*** PRE-FLOP *** 
_SKR folds
EL BARILLO collected 45 from pot
*** SUMMARY ***
Total pot 45 | No rake
Seat 2: EL BARILLO (big blind) won 45


Winamax Poker - Tournament "Expresso Nitro" buyIn: 1.86€ + 0.14€ level: 3 - HandId: #2697281019991556097-9-1675116319 - Holdem no limit (20/40) - 2023/01/30 22:05:19 UTC
Table: 'Expresso Nitro(628009676)#0' 3-max (real money) Seat #2 is the button
Seat 1: _SKR (175)
Seat 2: EL BARILLO (725)
*** ANTE/BLINDS ***
EL BARILLO posts small blind 20
_SKR posts big blind 40
Dealt to _SKR [Ah 4d]
*** PRE-FLOP *** 
EL BARILLO folds
_SKR collected 60 from pot
*** SUMMARY ***
Total pot 60 | No rake
Seat 1: _SKR (big blind) won 60


Winamax Poker - Tournament "Expresso Nitro" buyIn: 1.86€ + 0.14€ level: 3 - HandId: #2697281019991556097-10-1675116326 - Holdem no limit (20/40) - 2023/01/30 22:05:26 UTC
Table: 'Expresso Nitro(628009676)#0' 3-max (real money) Seat #1 is the button
Seat 1: _SKR (195)
Seat 2: EL BARILLO (705)
*** ANTE/BLINDS ***
_SKR posts small blind 20
EL BARILLO posts big blind 40
Dealt to _SKR [3c Ah]
*** PRE-FLOP *** 
_SKR raises 155 to 195 and is all-in
EL BARILLO raises 510 to 705 and is all-in
*** FLOP *** [Ts 6s 7h]
*** TURN *** [Ts 6s 7h][5c]
*** RIVER *** [Ts 6s 7h 5c][Jd]
*** SHOW DOWN ***
_SKR shows [3c Ah] (High card : Ace)
EL BARILLO shows [8s Kd] (High card : King)
EL BARILLO collected 510 from side pot 1
_SKR collected 390 from main pot
*** SUMMARY ***
Total pot 900 | No rake
Board: [Ts 6s 7h 5c Jd]
Seat 1: _SKR (small blind) (button) showed [3c Ah] and won 390 with High card : Ace
Seat 2: EL BARILLO (big blind) showed [8s Kd] and won 510 with High card : King


Winamax Poker - Tournament "Expresso Nitro" buyIn: 1.86€ + 0.14€ level: 3 - HandId: #2697281019991556097-11-1675116338 - Holdem no limit (20/40) - 2023/01/30 22:05:38 UTC
Table: 'Expresso Nitro(628009676)#0' 3-max (real money) Seat #2 is the button
Seat 1: _SKR (390)
Seat 2: EL BARILLO (510)
*** ANTE/BLINDS ***
EL BARILLO posts small blind 20
_SKR posts big blind 40
Dealt to _SKR [9d 2s]
*** PRE-FLOP *** 
EL BARILLO calls 20
_SKR checks
*** FLOP *** [2c Jd Td]
_SKR checks
EL BARILLO bets 470 and is all-in
_SKR folds
EL BARILLO collected 550 from pot
*** SUMMARY ***
Total pot 550 | No rake
Board: [2c Jd Td]
Seat 2: EL BARILLO (small blind) (button) won 550


Winamax Poker - Tournament "Expresso Nitro" buyIn: 1.86€ + 0.14€ level: 3 - HandId: #2697281019991556097-12-1675116366 - Holdem no limit (20/40) - 2023/01/30 22:06:06 UTC
Table: 'Expresso Nitro(628009676)#0' 3-max (real money) Seat #1 is the button
Seat 1: _SKR (350)
Seat 2: EL BARILLO (550)
*** ANTE/BLINDS ***
_SKR posts small blind 20
EL BARILLO posts big blind 40
Dealt to _SKR [Th Js]
*** PRE-FLOP *** 
_SKR raises 310 to 350 and is all-in
EL BARILLO folds
_SKR collected 390 from pot
*** SUMMARY ***
Total pot 390 | No rake
Seat 1: _SKR (small blind) (button) won 390


Winamax Poker - Tournament "Expresso Nitro" buyIn: 1.86€ + 0.14€ level: 4 - HandId: #2697281019991556097-13-1675116378 - Holdem no limit (30/60) - 2023/01/30 22:06:18 UTC
Table: 'Expresso Nitro(628009676)#0' 3-max (real money) Seat #2 is the button
Seat 1: _SKR (390)
Seat 2: EL BARILLO (510)
*** ANTE/BLINDS ***
EL BARILLO posts small blind 30
_SKR posts big blind 60
Dealt to _SKR [9s 5d]
*** PRE-FLOP *** 
EL BARILLO folds
_SKR collected 90 from pot
*** SUMMARY ***
Total pot 90 | No rake
Seat 1: _SKR (big blind) won 90


Winamax Poker - Tournament "Expresso Nitro" buyIn: 1.86€ + 0.14€ level: 4 - HandId: #2697281019991556097-14-1675116381 - Holdem no limit (30/60) - 2023/01/30 22:06:21 UTC
Table: 'Expresso Nitro(628009676)#0' 3-max (real money) Seat #1 is the button
Seat 1: _SKR (420)
Seat 2: EL BARILLO (480)
*** ANTE/BLINDS ***
_SKR posts small blind 30
EL BARILLO posts big blind 60
Dealt to _SKR [4s 5c]
*** PRE-FLOP *** 
_SKR folds
EL BARILLO collected 90 from pot
*** SUMMARY ***
Total pot 90 | No rake
Seat 2: EL BARILLO (big blind) won 90


Winamax Poker - Tournament "Expresso Nitro" buyIn: 1.86€ + 0.14€ level: 4 - HandId: #2697281019991556097-15-1675116391 - Holdem no limit (30/60) - 2023/01/30 22:06:31 UTC
Table: 'Expresso Nitro(628009676)#0' 3-max (real money) Seat #2 is the button
Seat 1: _SKR (390)
Seat 2: EL BARILLO (510)
*** ANTE/BLINDS ***
EL BARILLO posts small blind 30
_SKR posts big blind 60
Dealt to _SKR [5s 3s]
*** PRE-FLOP *** 
EL BARILLO folds
_SKR collected 90 from pot
*** SUMMARY ***
Total pot 90 | No rake
Seat 1: _SKR (big blind) won 90


Winamax Poker - Tournament "Expresso Nitro" buyIn: 1.86€ + 0.14€ level: 4 - HandId: #2697281019991556097-16-1675116395 - Holdem no limit (30/60) - 2023/01/30 22:06:35 UTC
Table: 'Expresso Nitro(628009676)#0' 3-max (real money) Seat #1 is the button
Seat 1: _SKR (420)
Seat 2: EL BARILLO (480)
*** ANTE/BLINDS ***
_SKR posts small blind 30
EL BARILLO posts big blind 60
Dealt to _SKR [6d 2h]
*** PRE-FLOP *** 
_SKR folds
EL BARILLO collected 90 from pot
*** SUMMARY ***
Total pot 90 | No rake
Seat 2: EL BARILLO (big blind) won 90


Winamax Poker - Tournament "Expresso Nitro" buyIn: 1.86€ + 0.14€ level: 4 - HandId: #2697281019991556097-17-1675116399 - Holdem no limit (30/60) - 2023/01/30 22:06:39 UTC
Table: 'Expresso Nitro(628009676)#0' 3-max (real money) Seat #2 is the button
Seat 1: _SKR (390)
Seat 2: EL BARILLO (510)
*** ANTE/BLINDS ***
EL BARILLO posts small blind 30
_SKR posts big blind 60
Dealt to _SKR [As 8d]
*** PRE-FLOP *** 
EL BARILLO folds
_SKR collected 90 from pot
*** SUMMARY ***
Total pot 90 | No rake
Seat 1: _SKR (big blind) won 90


Winamax Poker - Tournament "Expresso Nitro" buyIn: 1.86€ + 0.14€ level: 4 - HandId: #2697281019991556097-18-1675116402 - Holdem no limit (30/60) - 2023/01/30 22:06:42 UTC
Table: 'Expresso Nitro(628009676)#0' 3-max (real money) Seat #1 is the button
Seat 1: _SKR (420)
Seat 2: EL BARILLO (480)
*** ANTE/BLINDS ***
_SKR posts small blind 30
EL BARILLO posts big blind 60
Dealt to _SKR [7s 8c]
*** PRE-FLOP *** 
_SKR folds
EL BARILLO collected 90 from pot
*** SUMMARY ***
Total pot 90 | No rake
Seat 2: EL BARILLO (big blind) won 90


Winamax Poker - Tournament "Expresso Nitro" buyIn: 1.86€ + 0.14€ level: 4 - HandId: #2697281019991556097-19-1675116408 - Holdem no limit (30/60) - 2023/01/30 22:06:48 UTC
Table: 'Expresso Nitro(628009676)#0' 3-max (real money) Seat #2 is the button
Seat 1: _SKR (390)
Seat 2: EL BARILLO (510)
*** ANTE/BLINDS ***
EL BARILLO posts small blind 30
_SKR posts big blind 60
Dealt to _SKR [3c 3s]
*** PRE-FLOP *** 
EL BARILLO folds
_SKR collected 90 from pot
*** SUMMARY ***
Total pot 90 | No rake
Seat 1: _SKR (big blind) won 90


Winamax Poker - Tournament "Expresso Nitro" buyIn: 1.86€ + 0.14€ level: 4 - HandId: #2697281019991556097-20-1675116412 - Holdem no limit (30/60) - 2023/01/30 22:06:52 UTC
Table: 'Expresso Nitro(628009676)#0' 3-max (real money) Seat #1 is the button
Seat 1: _SKR (420)
Seat 2: EL BARILLO (480)
*** ANTE/BLINDS ***
_SKR posts small blind 30
EL BARILLO posts big blind 60
Dealt to _SKR [7d Ts]
*** PRE-FLOP *** 
_SKR folds
EL BARILLO collected 90 from pot
*** SUMMARY ***
Total pot 90 | No rake
Seat 2: EL BARILLO (big blind) won 90


Winamax Poker - Tournament "Expresso Nitro" buyIn: 1.86€ + 0.14€ level: 4 - HandId: #2697281019991556097-21-1675116421 - Holdem no limit (30/60) - 2023/01/30 22:07:01 UTC
Table: 'Expresso Nitro(628009676)#0' 3-max (real money) Seat #2 is the button
Seat 1: _SKR (390)
Seat 2: EL BARILLO (510)
*** ANTE/BLINDS ***
EL BARILLO posts small blind 30
_SKR posts big blind 60
Dealt to _SKR [7s Th]
*** PRE-FLOP *** 
EL BARILLO folds
_SKR collected 90 from pot
*** SUMMARY ***
Total pot 90 | No rake
Seat 1: _SKR (big blind) won 90


Winamax Poker - Tournament "Expresso Nitro" buyIn: 1.86€ + 0.14€ level: 4 - HandId: #2697281019991556097-22-1675116424 - Holdem no limit (30/60) - 2023/01/30 22:07:04 UTC
Table: 'Expresso Nitro(628009676)#0' 3-max (real money) Seat #1 is the button
Seat 1: _SKR (420)
Seat 2: EL BARILLO (480)
*** ANTE/BLINDS ***
_SKR posts small blind 30
EL BARILLO posts big blind 60
Dealt to _SKR [5s 5h]
*** PRE-FLOP *** 
_SKR raises 360 to 420 and is all-in
EL BARILLO raises 60 to 480 and is all-in
*** FLOP *** [8h 5c 7h]
*** TURN *** [8h 5c 7h][Ah]
*** RIVER *** [8h 5c 7h Ah][9h]
*** SHOW DOWN ***
_SKR shows [5s 5h] (Flush Ace high)
EL BARILLO shows [Jd Ac] (One pair : Aces)
EL BARILLO collected 60 from side pot 1
_SKR collected 840 from main pot
*** SUMMARY ***
Total pot 900 | No rake
Board: [8h 5c 7h Ah 9h]
Seat 1: _SKR (small blind) (button) showed [5s 5h] and won 840 with Flush Ace high
Seat 2: EL BARILLO (big blind) showed [Jd Ac] and won 60 with One pair : Aces


Winamax Poker - Tournament "Expresso Nitro" buyIn: 1.86€ + 0.14€ level: 5 - HandId: #2697281019991556097-23-1675116440 - Holdem no limit (40/80) - 2023/01/30 22:07:20 UTC
Table: 'Expresso Nitro(628009676)#0' 3-max (real money) Seat #2 is the button
Seat 1: _SKR (840)
Seat 2: EL BARILLO (60)
*** ANTE/BLINDS ***
EL BARILLO posts small blind 40
_SKR posts big blind 80
Dealt to _SKR [4s Tc]
*** PRE-FLOP *** 
EL BARILLO calls 20 and is all-in
*** FLOP *** [Ac 6h 2c]
*** TURN *** [Ac 6h 2c][Qc]
*** RIVER *** [Ac 6h 2c Qc][8c]
*** SHOW DOWN ***
EL BARILLO shows [6s 7h] (One pair : 6)
_SKR shows [4s Tc] (Flush Ace high)
_SKR collected 140 from pot
*** SUMMARY ***
Total pot 140 | No rake
Board: [Ac 6h 2c Qc 8c]
Seat 1: _SKR (big blind) showed [4s Tc] and won 140 with Flush Ace high
Seat 2: EL BARILLO (small blind) (button) showed [6s 7h] and lost with One pair : 6


