Winamax Poker - Tournament "Expresso Nitro" buyIn: 1.86€ + 0.14€ level: 1 - HandId: #2696854383710175233-1-1675100949 - Holdem no limit (10/20) - 2023/01/30 17:49:09 UTC
Table: 'Expresso Nitro(627910342)#0' 3-max (real money) Seat #2 is the button
Seat 1: LAROTKA10 (300)
Seat 2: _SKR (300)
Seat 3: HUlooGEser (300)
*** ANTE/BLINDS ***
HUlooGEser posts small blind 10
LAROTKA10 posts big blind 20
Dealt to _SKR [3s 8d]
*** PRE-FLOP *** 
_SKR folds
HUlooGEser raises 40 to 60
LAROTKA10 folds
HUlooGEser collected 80 from pot
*** SUMMARY ***
Total pot 80 | No rake
Seat 3: HUlooGEser (small blind) won 80


Winamax Poker - Tournament "Expresso Nitro" buyIn: 1.86€ + 0.14€ level: 1 - HandId: #2696854383710175233-2-1675100958 - Holdem no limit (10/20) - 2023/01/30 17:49:18 UTC
Table: 'Expresso Nitro(627910342)#0' 3-max (real money) Seat #3 is the button
Seat 1: LAROTKA10 (280)
Seat 2: _SKR (300)
Seat 3: HUlooGEser (320)
*** ANTE/BLINDS ***
LAROTKA10 posts small blind 10
_SKR posts big blind 20
Dealt to _SKR [2s Kd]
*** PRE-FLOP *** 
HUlooGEser folds
LAROTKA10 calls 10
_SKR checks
*** FLOP *** [9s 9c Ts]
LAROTKA10 checks
_SKR checks
*** TURN *** [9s 9c Ts][Ks]
LAROTKA10 bets 20
_SKR calls 20
*** RIVER *** [9s 9c Ts Ks][Th]
LAROTKA10 bets 80
_SKR folds
LAROTKA10 collected 160 from pot
*** SUMMARY ***
Total pot 160 | No rake
Board: [9s 9c Ts Ks Th]
Seat 1: LAROTKA10 (small blind) won 160


Winamax Poker - Tournament "Expresso Nitro" buyIn: 1.86€ + 0.14€ level: 1 - HandId: #2696854383710175233-3-1675101001 - Holdem no limit (10/20) - 2023/01/30 17:50:01 UTC
Table: 'Expresso Nitro(627910342)#0' 3-max (real money) Seat #1 is the button
Seat 1: LAROTKA10 (320)
Seat 2: _SKR (260)
Seat 3: HUlooGEser (320)
*** ANTE/BLINDS ***
_SKR posts small blind 10
HUlooGEser posts big blind 20
Dealt to _SKR [As 4s]
*** PRE-FLOP *** 
LAROTKA10 folds
_SKR raises 240 to 260 and is all-in
HUlooGEser calls 240
*** FLOP *** [2d 7c Js]
*** TURN *** [2d 7c Js][Jh]
*** RIVER *** [2d 7c Js Jh][2h]
*** SHOW DOWN ***
_SKR shows [As 4s] (Two pairs : Jacks and 2)
HUlooGEser shows [Kd Ad] (Two pairs : Jacks and 2)
HUlooGEser collected 260 from pot
_SKR collected 260 from pot
*** SUMMARY ***
Total pot 520 | No rake
Board: [2d 7c Js Jh 2h]
Seat 2: _SKR (small blind) showed [As 4s] and won 260 with Two pairs : Jacks and 2
Seat 3: HUlooGEser (big blind) showed [Kd Ad] and won 260 with Two pairs : Jacks and 2


Winamax Poker - Tournament "Expresso Nitro" buyIn: 1.86€ + 0.14€ level: 2 - HandId: #2696854383710175233-4-1675101017 - Holdem no limit (15/30) - 2023/01/30 17:50:17 UTC
Table: 'Expresso Nitro(627910342)#0' 3-max (real money) Seat #2 is the button
Seat 1: LAROTKA10 (320)
Seat 2: _SKR (260)
Seat 3: HUlooGEser (320)
*** ANTE/BLINDS ***
HUlooGEser posts small blind 15
LAROTKA10 posts big blind 30
Dealt to _SKR [4s Qs]
*** PRE-FLOP *** 
_SKR folds
HUlooGEser folds
LAROTKA10 collected 45 from pot
*** SUMMARY ***
Total pot 45 | No rake
Seat 1: LAROTKA10 (big blind) won 45


Winamax Poker - Tournament "Expresso Nitro" buyIn: 1.86€ + 0.14€ level: 2 - HandId: #2696854383710175233-5-1675101022 - Holdem no limit (15/30) - 2023/01/30 17:50:22 UTC
Table: 'Expresso Nitro(627910342)#0' 3-max (real money) Seat #3 is the button
Seat 1: LAROTKA10 (335)
Seat 2: _SKR (260)
Seat 3: HUlooGEser (305)
*** ANTE/BLINDS ***
LAROTKA10 posts small blind 15
_SKR posts big blind 30
Dealt to _SKR [9d 2d]
*** PRE-FLOP *** 
HUlooGEser raises 60 to 90
LAROTKA10 raises 245 to 335 and is all-in
_SKR folds
HUlooGEser calls 215 and is all-in
*** FLOP *** [Kd 2s 3c]
*** TURN *** [Kd 2s 3c][Ac]
*** RIVER *** [Kd 2s 3c Ac][6h]
*** SHOW DOWN ***
HUlooGEser shows [4h 4c] (One pair : 4)
LAROTKA10 shows [Jh Kh] (One pair : Kings)
LAROTKA10 collected 670 from pot
*** SUMMARY ***
Total pot 670 | No rake
Board: [Kd 2s 3c Ac 6h]
Seat 1: LAROTKA10 (small blind) showed [Jh Kh] and won 670 with One pair : Kings
Seat 3: HUlooGEser (button) showed [4h 4c] and lost with One pair : 4


Winamax Poker - Tournament "Expresso Nitro" buyIn: 1.86€ + 0.14€ level: 2 - HandId: #2696854383710175233-6-1675101050 - Holdem no limit (15/30) - 2023/01/30 17:50:50 UTC
Table: 'Expresso Nitro(627910342)#0' 3-max (real money) Seat #2 is the button
Seat 1: LAROTKA10 (670)
Seat 2: _SKR (230)
*** ANTE/BLINDS ***
_SKR posts small blind 15
LAROTKA10 posts big blind 30
Dealt to _SKR [5d 5s]
*** PRE-FLOP *** 
_SKR raises 200 to 230 and is all-in
LAROTKA10 calls 200
*** FLOP *** [As Ks 3s]
*** TURN *** [As Ks 3s][Ac]
*** RIVER *** [As Ks 3s Ac][Qc]
*** SHOW DOWN ***
_SKR shows [5d 5s] (Two pairs : Aces and 5)
LAROTKA10 shows [Kc Jd] (Two pairs : Aces and Kings)
LAROTKA10 collected 460 from pot
*** SUMMARY ***
Total pot 460 | No rake
Board: [As Ks 3s Ac Qc]
Seat 1: LAROTKA10 (big blind) showed [Kc Jd] and won 460 with Two pairs : Aces and Kings
Seat 2: _SKR (small blind) (button) showed [5d 5s] and lost with Two pairs : Aces and 5


