Winamax Poker - Tournament "Expresso Nitro" buyIn: 0.93€ + 0.07€ level: 1 - HandId: #2728656297254715393-1-1676860134 - Holdem no limit (10/20) - 2023/02/20 02:28:54 UTC
Table: 'Expresso Nitro(635314802)#0' 3-max (real money) Seat #1 is the button
Seat 1: _SKR (300)
Seat 2: Service au T (300)
Seat 3: boumayer60 (300)
*** ANTE/BLINDS ***
Service au T posts small blind 10
boumayer60 posts big blind 20
Dealt to _SKR [9h Jd]
*** PRE-FLOP *** 
_SKR folds
Service au T calls 10
boumayer60 raises 280 to 300 and is all-in
Service au T calls 280 and is all-in
*** FLOP *** [Ah 6c As]
*** TURN *** [Ah 6c As][7d]
*** RIVER *** [Ah 6c As 7d][Jh]
*** SHOW DOWN ***
boumayer60 shows [7c 9c] (Two pairs : Aces and 7)
Service au T shows [Ad 8h] (Trips of Aces)
Service au T collected 600 from pot
*** SUMMARY ***
Total pot 600 | No rake
Board: [Ah 6c As 7d Jh]
Seat 2: Service au T (small blind) showed [Ad 8h] and won 600 with Trips of Aces
Seat 3: boumayer60 (big blind) showed [7c 9c] and lost with Two pairs : Aces and 7


Winamax Poker - Tournament "Expresso Nitro" buyIn: 0.93€ + 0.07€ level: 1 - HandId: #2728656297254715393-2-1676860154 - Holdem no limit (10/20) - 2023/02/20 02:29:14 UTC
Table: 'Expresso Nitro(635314802)#0' 3-max (real money) Seat #1 is the button
Seat 1: _SKR (300)
Seat 2: Service au T (600)
*** ANTE/BLINDS ***
_SKR posts small blind 10
Service au T posts big blind 20
Dealt to _SKR [Ac Qh]
*** PRE-FLOP *** 
_SKR raises 20 to 40
Service au T calls 20
*** FLOP *** [2s Kh Kc]
Service au T checks
_SKR bets 28
Service au T folds
_SKR collected 108 from pot
*** SUMMARY ***
Total pot 108 | No rake
Board: [2s Kh Kc]
Seat 1: _SKR (small blind) (button) won 108


Winamax Poker - Tournament "Expresso Nitro" buyIn: 0.93€ + 0.07€ level: 1 - HandId: #2728656297254715393-3-1676860169 - Holdem no limit (10/20) - 2023/02/20 02:29:29 UTC
Table: 'Expresso Nitro(635314802)#0' 3-max (real money) Seat #2 is the button
Seat 1: _SKR (340)
Seat 2: Service au T (560)
*** ANTE/BLINDS ***
Service au T posts small blind 10
_SKR posts big blind 20
Dealt to _SKR [8s 2h]
*** PRE-FLOP *** 
Service au T folds
_SKR collected 30 from pot
*** SUMMARY ***
Total pot 30 | No rake
Seat 1: _SKR (big blind) won 30


Winamax Poker - Tournament "Expresso Nitro" buyIn: 0.93€ + 0.07€ level: 1 - HandId: #2728656297254715393-4-1676860173 - Holdem no limit (10/20) - 2023/02/20 02:29:33 UTC
Table: 'Expresso Nitro(635314802)#0' 3-max (real money) Seat #1 is the button
Seat 1: _SKR (350)
Seat 2: Service au T (550)
*** ANTE/BLINDS ***
_SKR posts small blind 10
Service au T posts big blind 20
Dealt to _SKR [Th 8c]
*** PRE-FLOP *** 
_SKR folds
Service au T collected 30 from pot
*** SUMMARY ***
Total pot 30 | No rake
Seat 2: Service au T (big blind) won 30


Winamax Poker - Tournament "Expresso Nitro" buyIn: 0.93€ + 0.07€ level: 1 - HandId: #2728656297254715393-5-1676860177 - Holdem no limit (10/20) - 2023/02/20 02:29:37 UTC
Table: 'Expresso Nitro(635314802)#0' 3-max (real money) Seat #2 is the button
Seat 1: _SKR (340)
Seat 2: Service au T (560)
*** ANTE/BLINDS ***
Service au T posts small blind 10
_SKR posts big blind 20
Dealt to _SKR [5c 7c]
*** PRE-FLOP *** 
Service au T folds
_SKR collected 30 from pot
*** SUMMARY ***
Total pot 30 | No rake
Seat 1: _SKR (big blind) won 30


Winamax Poker - Tournament "Expresso Nitro" buyIn: 0.93€ + 0.07€ level: 1 - HandId: #2728656297254715393-6-1676860182 - Holdem no limit (10/20) - 2023/02/20 02:29:42 UTC
Table: 'Expresso Nitro(635314802)#0' 3-max (real money) Seat #1 is the button
Seat 1: _SKR (350)
Seat 2: Service au T (550)
*** ANTE/BLINDS ***
_SKR posts small blind 10
Service au T posts big blind 20
Dealt to _SKR [Jh 6h]
*** PRE-FLOP *** 
_SKR calls 10
Service au T checks
*** FLOP *** [2h 6s Kd]
Service au T checks
_SKR checks
*** TURN *** [2h 6s Kd][9s]
Service au T checks
_SKR bets 20
Service au T folds
_SKR collected 60 from pot
*** SUMMARY ***
Total pot 60 | No rake
Board: [2h 6s Kd 9s]
Seat 1: _SKR (small blind) (button) won 60


Winamax Poker - Tournament "Expresso Nitro" buyIn: 0.93€ + 0.07€ level: 2 - HandId: #2728656297254715393-7-1676860209 - Holdem no limit (15/30) - 2023/02/20 02:30:09 UTC
Table: 'Expresso Nitro(635314802)#0' 3-max (real money) Seat #2 is the button
Seat 1: _SKR (370)
Seat 2: Service au T (530)
*** ANTE/BLINDS ***
Service au T posts small blind 15
_SKR posts big blind 30
Dealt to _SKR [Kd Tc]
*** PRE-FLOP *** 
Service au T folds
_SKR collected 45 from pot
*** SUMMARY ***
Total pot 45 | No rake
Seat 1: _SKR (big blind) won 45


Winamax Poker - Tournament "Expresso Nitro" buyIn: 0.93€ + 0.07€ level: 2 - HandId: #2728656297254715393-8-1676860214 - Holdem no limit (15/30) - 2023/02/20 02:30:14 UTC
Table: 'Expresso Nitro(635314802)#0' 3-max (real money) Seat #1 is the button
Seat 1: _SKR (385)
Seat 2: Service au T (515)
*** ANTE/BLINDS ***
_SKR posts small blind 15
Service au T posts big blind 30
Dealt to _SKR [Kh 9s]
*** PRE-FLOP *** 
_SKR raises 30 to 60
Service au T folds
_SKR collected 90 from pot
*** SUMMARY ***
Total pot 90 | No rake
Seat 1: _SKR (small blind) (button) won 90


Winamax Poker - Tournament "Expresso Nitro" buyIn: 0.93€ + 0.07€ level: 2 - HandId: #2728656297254715393-9-1676860223 - Holdem no limit (15/30) - 2023/02/20 02:30:23 UTC
Table: 'Expresso Nitro(635314802)#0' 3-max (real money) Seat #2 is the button
Seat 1: _SKR (415)
Seat 2: Service au T (485)
*** ANTE/BLINDS ***
Service au T posts small blind 15
_SKR posts big blind 30
Dealt to _SKR [3c 4c]
*** PRE-FLOP *** 
Service au T calls 15
_SKR checks
*** FLOP *** [Ks Qd 7h]
_SKR checks
Service au T checks
*** TURN *** [Ks Qd 7h][Qh]
_SKR checks
Service au T bets 30
_SKR folds
Service au T collected 90 from pot
*** SUMMARY ***
Total pot 90 | No rake
Board: [Ks Qd 7h Qh]
Seat 2: Service au T (small blind) (button) won 90


Winamax Poker - Tournament "Expresso Nitro" buyIn: 0.93€ + 0.07€ level: 3 - HandId: #2728656297254715393-10-1676860254 - Holdem no limit (20/40) - 2023/02/20 02:30:54 UTC
Table: 'Expresso Nitro(635314802)#0' 3-max (real money) Seat #1 is the button
Seat 1: _SKR (385)
Seat 2: Service au T (515)
*** ANTE/BLINDS ***
_SKR posts small blind 20
Service au T posts big blind 40
Dealt to _SKR [4d 4c]
*** PRE-FLOP *** 
_SKR raises 345 to 385 and is all-in
Service au T folds
_SKR collected 425 from pot
*** SUMMARY ***
Total pot 425 | No rake
Seat 1: _SKR (small blind) (button) won 425


Winamax Poker - Tournament "Expresso Nitro" buyIn: 0.93€ + 0.07€ level: 3 - HandId: #2728656297254715393-11-1676860262 - Holdem no limit (20/40) - 2023/02/20 02:31:02 UTC
Table: 'Expresso Nitro(635314802)#0' 3-max (real money) Seat #2 is the button
Seat 1: _SKR (425)
Seat 2: Service au T (475)
*** ANTE/BLINDS ***
Service au T posts small blind 20
_SKR posts big blind 40
Dealt to _SKR [3s 4d]
*** PRE-FLOP *** 
Service au T calls 20
_SKR checks
*** FLOP *** [8d Ah Kc]
_SKR checks
Service au T bets 40
_SKR folds
Service au T collected 120 from pot
*** SUMMARY ***
Total pot 120 | No rake
Board: [8d Ah Kc]
Seat 2: Service au T (small blind) (button) won 120


Winamax Poker - Tournament "Expresso Nitro" buyIn: 0.93€ + 0.07€ level: 3 - HandId: #2728656297254715393-12-1676860283 - Holdem no limit (20/40) - 2023/02/20 02:31:23 UTC
Table: 'Expresso Nitro(635314802)#0' 3-max (real money) Seat #1 is the button
Seat 1: _SKR (385)
Seat 2: Service au T (515)
*** ANTE/BLINDS ***
_SKR posts small blind 20
Service au T posts big blind 40
Dealt to _SKR [3s 4d]
*** PRE-FLOP *** 
_SKR folds
Service au T collected 60 from pot
*** SUMMARY ***
Total pot 60 | No rake
Seat 2: Service au T (big blind) won 60


Winamax Poker - Tournament "Expresso Nitro" buyIn: 0.93€ + 0.07€ level: 3 - HandId: #2728656297254715393-13-1676860286 - Holdem no limit (20/40) - 2023/02/20 02:31:26 UTC
Table: 'Expresso Nitro(635314802)#0' 3-max (real money) Seat #2 is the button
Seat 1: _SKR (365)
Seat 2: Service au T (535)
*** ANTE/BLINDS ***
Service au T posts small blind 20
_SKR posts big blind 40
Dealt to _SKR [5s Ah]
*** PRE-FLOP *** 
Service au T calls 20
_SKR raises 325 to 365 and is all-in
Service au T raises 170 to 535 and is all-in
*** FLOP *** [Qs Qh 7d]
*** TURN *** [Qs Qh 7d][2s]
*** RIVER *** [Qs Qh 7d 2s][2c]
*** SHOW DOWN ***
_SKR shows [5s Ah] (Two pairs : Queens and 2)
Service au T shows [Ac Ts] (Two pairs : Queens and 2)
Service au T collected 535 from side pot 1
_SKR collected 365 from main pot
*** SUMMARY ***
Total pot 900 | No rake
Board: [Qs Qh 7d 2s 2c]
Seat 1: _SKR (big blind) showed [5s Ah] and won 365 with Two pairs : Queens and 2
Seat 2: Service au T (small blind) (button) showed [Ac Ts] and won 535 with Two pairs : Queens and 2


Winamax Poker - Tournament "Expresso Nitro" buyIn: 0.93€ + 0.07€ level: 3 - HandId: #2728656297254715393-14-1676860304 - Holdem no limit (20/40) - 2023/02/20 02:31:44 UTC
Table: 'Expresso Nitro(635314802)#0' 3-max (real money) Seat #1 is the button
Seat 1: _SKR (365)
Seat 2: Service au T (535)
*** ANTE/BLINDS ***
_SKR posts small blind 20
Service au T posts big blind 40
Dealt to _SKR [2h Th]
*** PRE-FLOP *** 
_SKR calls 20
Service au T raises 495 to 535 and is all-in
_SKR folds
Service au T collected 575 from pot
*** SUMMARY ***
Total pot 575 | No rake
Seat 2: Service au T (big blind) won 575


Winamax Poker - Tournament "Expresso Nitro" buyIn: 0.93€ + 0.07€ level: 4 - HandId: #2728656297254715393-15-1676860315 - Holdem no limit (30/60) - 2023/02/20 02:31:55 UTC
Table: 'Expresso Nitro(635314802)#0' 3-max (real money) Seat #2 is the button
Seat 1: _SKR (325)
Seat 2: Service au T (575)
*** ANTE/BLINDS ***
Service au T posts small blind 30
_SKR posts big blind 60
Dealt to _SKR [Ks 6h]
*** PRE-FLOP *** 
Service au T raises 515 to 575 and is all-in
_SKR folds
Service au T collected 635 from pot
*** SUMMARY ***
Total pot 635 | No rake
Seat 2: Service au T (small blind) (button) won 635


Winamax Poker - Tournament "Expresso Nitro" buyIn: 0.93€ + 0.07€ level: 4 - HandId: #2728656297254715393-16-1676860331 - Holdem no limit (30/60) - 2023/02/20 02:32:11 UTC
Table: 'Expresso Nitro(635314802)#0' 3-max (real money) Seat #1 is the button
Seat 1: _SKR (265)
Seat 2: Service au T (635)
*** ANTE/BLINDS ***
_SKR posts small blind 30
Service au T posts big blind 60
Dealt to _SKR [Qd 2h]
*** PRE-FLOP *** 
_SKR raises 205 to 265 and is all-in
Service au T raises 205 to 470
*** FLOP *** [Jd Ah 9s]
*** TURN *** [Jd Ah 9s][3d]
*** RIVER *** [Jd Ah 9s 3d][4d]
*** SHOW DOWN ***
_SKR shows [Qd 2h] (High card : Ace)
Service au T shows [6s Ac] (One pair : Aces)
Service au T collected 735 from pot
*** SUMMARY ***
Total pot 735 | No rake
Board: [Jd Ah 9s 3d 4d]
Seat 1: _SKR (small blind) (button) showed [Qd 2h] and lost with High card : Ace
Seat 2: Service au T (big blind) showed [6s Ac] and won 735 with One pair : Aces


