Winamax Poker - Tournament "Expresso Nitro" buyIn: 0.93€ + 0.07€ level: 1 - HandId: #2718648727102291969-1-1676293438 - Holdem no limit (10/20) - 2023/02/13 13:03:58 UTC
Table: 'Expresso Nitro(632984733)#0' 3-max (real money) Seat #2 is the button
Seat 1: _SKR (300)
Seat 2: Ludoboooooom (300)
Seat 3: Paul3125 (300)
*** ANTE/BLINDS ***
Paul3125 posts small blind 10
_SKR posts big blind 20
Dealt to _SKR [8c 2c]
*** PRE-FLOP *** 
Ludoboooooom calls 20
Paul3125 folds
_SKR checks
*** FLOP *** [4s 3s 5c]
_SKR checks
Ludoboooooom checks
*** TURN *** [4s 3s 5c][7d]
_SKR checks
Ludoboooooom bets 50
_SKR folds
Ludoboooooom collected 100 from pot
*** SUMMARY ***
Total pot 100 | No rake
Board: [4s 3s 5c 7d]
Seat 2: Ludoboooooom (button) won 100


Winamax Poker - Tournament "Expresso Nitro" buyIn: 0.93€ + 0.07€ level: 1 - HandId: #2718648727102291969-2-1676293455 - Holdem no limit (10/20) - 2023/02/13 13:04:15 UTC
Table: 'Expresso Nitro(632984733)#0' 3-max (real money) Seat #3 is the button
Seat 1: _SKR (280)
Seat 2: Ludoboooooom (330)
Seat 3: Paul3125 (290)
*** ANTE/BLINDS ***
_SKR posts small blind 10
Ludoboooooom posts big blind 20
Dealt to _SKR [2s 6s]
*** PRE-FLOP *** 
Paul3125 calls 20
_SKR folds
Ludoboooooom checks
*** FLOP *** [7h Th Qd]
Ludoboooooom checks
Paul3125 checks
*** TURN *** [7h Th Qd][Qh]
Ludoboooooom checks
Paul3125 bets 20
Ludoboooooom folds
Paul3125 collected 70 from pot
*** SUMMARY ***
Total pot 70 | No rake
Board: [7h Th Qd Qh]
Seat 3: Paul3125 (button) won 70


Winamax Poker - Tournament "Expresso Nitro" buyIn: 0.93€ + 0.07€ level: 1 - HandId: #2718648727102291969-3-1676293475 - Holdem no limit (10/20) - 2023/02/13 13:04:35 UTC
Table: 'Expresso Nitro(632984733)#0' 3-max (real money) Seat #1 is the button
Seat 1: _SKR (270)
Seat 2: Ludoboooooom (310)
Seat 3: Paul3125 (320)
*** ANTE/BLINDS ***
Ludoboooooom posts small blind 10
Paul3125 posts big blind 20
Dealt to _SKR [3s 9d]
*** PRE-FLOP *** 
_SKR folds
Ludoboooooom calls 10
Paul3125 checks
*** FLOP *** [8c Ac Qs]
Ludoboooooom checks
Paul3125 checks
*** TURN *** [8c Ac Qs][Js]
Ludoboooooom checks
Paul3125 checks
*** RIVER *** [8c Ac Qs Js][Jh]
Ludoboooooom checks
Paul3125 checks
*** SHOW DOWN ***
Paul3125 shows [9c 7d] (One pair : Jacks)
Ludoboooooom shows [Ks 8d] (Two pairs : Jacks and 8)
Ludoboooooom collected 40 from pot
*** SUMMARY ***
Total pot 40 | No rake
Board: [8c Ac Qs Js Jh]
Seat 2: Ludoboooooom (small blind) showed [Ks 8d] and won 40 with Two pairs : Jacks and 8
Seat 3: Paul3125 (big blind) showed [9c 7d] and lost with One pair : Jacks


Winamax Poker - Tournament "Expresso Nitro" buyIn: 0.93€ + 0.07€ level: 2 - HandId: #2718648727102291969-4-1676293498 - Holdem no limit (15/30) - 2023/02/13 13:04:58 UTC
Table: 'Expresso Nitro(632984733)#0' 3-max (real money) Seat #2 is the button
Seat 1: _SKR (270)
Seat 2: Ludoboooooom (330)
Seat 3: Paul3125 (300)
*** ANTE/BLINDS ***
Paul3125 posts small blind 15
_SKR posts big blind 30
Dealt to _SKR [Kh 5c]
*** PRE-FLOP *** 
Ludoboooooom calls 30
Paul3125 calls 15
_SKR checks
*** FLOP *** [5s Ah 4c]
Paul3125 checks
_SKR checks
Ludoboooooom checks
*** TURN *** [5s Ah 4c][Qh]
Paul3125 checks
_SKR checks
Ludoboooooom checks
*** RIVER *** [5s Ah 4c Qh][2d]
Paul3125 checks
_SKR checks
Ludoboooooom checks
*** SHOW DOWN ***
Ludoboooooom shows [Jd Ts] (High card : Ace)
Paul3125 shows [Td 6d] (High card : Ace)
_SKR shows [Kh 5c] (One pair : 5)
_SKR collected 90 from pot
*** SUMMARY ***
Total pot 90 | No rake
Board: [5s Ah 4c Qh 2d]
Seat 1: _SKR (big blind) showed [Kh 5c] and won 90 with One pair : 5
Seat 2: Ludoboooooom (button) showed [Jd Ts] and lost with High card : Ace
Seat 3: Paul3125 (small blind) showed [Td 6d] and lost with High card : Ace


Winamax Poker - Tournament "Expresso Nitro" buyIn: 0.93€ + 0.07€ level: 2 - HandId: #2718648727102291969-5-1676293531 - Holdem no limit (15/30) - 2023/02/13 13:05:31 UTC
Table: 'Expresso Nitro(632984733)#0' 3-max (real money) Seat #3 is the button
Seat 1: _SKR (330)
Seat 2: Ludoboooooom (300)
Seat 3: Paul3125 (270)
*** ANTE/BLINDS ***
_SKR posts small blind 15
Ludoboooooom posts big blind 30
Dealt to _SKR [Qh 9d]
*** PRE-FLOP *** 
Paul3125 folds
_SKR calls 15
Ludoboooooom checks
*** FLOP *** [Ac Jc 2h]
_SKR checks
Ludoboooooom checks
*** TURN *** [Ac Jc 2h][6c]
_SKR checks
Ludoboooooom bets 60
_SKR folds
Ludoboooooom collected 120 from pot
*** SUMMARY ***
Total pot 120 | No rake
Board: [Ac Jc 2h 6c]
Seat 2: Ludoboooooom (big blind) won 120


Winamax Poker - Tournament "Expresso Nitro" buyIn: 0.93€ + 0.07€ level: 3 - HandId: #2718648727102291969-6-1676293560 - Holdem no limit (20/40) - 2023/02/13 13:06:00 UTC
Table: 'Expresso Nitro(632984733)#0' 3-max (real money) Seat #1 is the button
Seat 1: _SKR (300)
Seat 2: Ludoboooooom (330)
Seat 3: Paul3125 (270)
*** ANTE/BLINDS ***
Ludoboooooom posts small blind 20
Paul3125 posts big blind 40
Dealt to _SKR [Qd 8s]
*** PRE-FLOP *** 
_SKR folds
Ludoboooooom raises 80 to 120
Paul3125 folds
Ludoboooooom collected 160 from pot
*** SUMMARY ***
Total pot 160 | No rake
Seat 2: Ludoboooooom (small blind) won 160


Winamax Poker - Tournament "Expresso Nitro" buyIn: 0.93€ + 0.07€ level: 3 - HandId: #2718648727102291969-7-1676293577 - Holdem no limit (20/40) - 2023/02/13 13:06:17 UTC
Table: 'Expresso Nitro(632984733)#0' 3-max (real money) Seat #2 is the button
Seat 1: _SKR (300)
Seat 2: Ludoboooooom (370)
Seat 3: Paul3125 (230)
*** ANTE/BLINDS ***
Paul3125 posts small blind 20
_SKR posts big blind 40
Dealt to _SKR [3c Ac]
*** PRE-FLOP *** 
Ludoboooooom folds
Paul3125 calls 20
_SKR raises 260 to 300 and is all-in
Paul3125 folds
_SKR collected 340 from pot
*** SUMMARY ***
Total pot 340 | No rake
Seat 1: _SKR (big blind) won 340


Winamax Poker - Tournament "Expresso Nitro" buyIn: 0.93€ + 0.07€ level: 3 - HandId: #2718648727102291969-8-1676293600 - Holdem no limit (20/40) - 2023/02/13 13:06:40 UTC
Table: 'Expresso Nitro(632984733)#0' 3-max (real money) Seat #3 is the button
Seat 1: _SKR (340)
Seat 2: Ludoboooooom (370)
Seat 3: Paul3125 (190)
*** ANTE/BLINDS ***
_SKR posts small blind 20
Ludoboooooom posts big blind 40
Dealt to _SKR [7s 8d]
*** PRE-FLOP *** 
Paul3125 folds
_SKR calls 20
Ludoboooooom checks
*** FLOP *** [Jd 3d 8c]
_SKR checks
Ludoboooooom checks
*** TURN *** [Jd 3d 8c][Qd]
_SKR checks
Ludoboooooom checks
*** RIVER *** [Jd 3d 8c Qd][9c]
_SKR checks
Ludoboooooom bets 80
_SKR folds
Ludoboooooom collected 160 from pot
*** SUMMARY ***
Total pot 160 | No rake
Board: [Jd 3d 8c Qd 9c]
Seat 2: Ludoboooooom (big blind) won 160


Winamax Poker - Tournament "Expresso Nitro" buyIn: 0.93€ + 0.07€ level: 4 - HandId: #2718648727102291969-9-1676293637 - Holdem no limit (30/60) - 2023/02/13 13:07:17 UTC
Table: 'Expresso Nitro(632984733)#0' 3-max (real money) Seat #1 is the button
Seat 1: _SKR (300)
Seat 2: Ludoboooooom (410)
Seat 3: Paul3125 (190)
*** ANTE/BLINDS ***
Ludoboooooom posts small blind 30
Paul3125 posts big blind 60
Dealt to _SKR [Qs Js]
*** PRE-FLOP *** 
_SKR raises 240 to 300 and is all-in
Ludoboooooom folds
Paul3125 folds
_SKR collected 390 from pot
*** SUMMARY ***
Total pot 390 | No rake
Seat 1: _SKR (button) won 390


Winamax Poker - Tournament "Expresso Nitro" buyIn: 0.93€ + 0.07€ level: 4 - HandId: #2718648727102291969-10-1676293646 - Holdem no limit (30/60) - 2023/02/13 13:07:26 UTC
Table: 'Expresso Nitro(632984733)#0' 3-max (real money) Seat #2 is the button
Seat 1: _SKR (390)
Seat 2: Ludoboooooom (380)
Seat 3: Paul3125 (130)
*** ANTE/BLINDS ***
Paul3125 posts small blind 30
_SKR posts big blind 60
Dealt to _SKR [7d Td]
*** PRE-FLOP *** 
Ludoboooooom folds
Paul3125 raises 70 to 130 and is all-in
_SKR calls 70
*** FLOP *** [4c Jd Ts]
*** TURN *** [4c Jd Ts][4d]
*** RIVER *** [4c Jd Ts 4d][6d]
*** SHOW DOWN ***
Paul3125 shows [Th Qd] (Two pairs : Tens and 4)
_SKR shows [7d Td] (Flush Jack high)
_SKR collected 260 from pot
*** SUMMARY ***
Total pot 260 | No rake
Board: [4c Jd Ts 4d 6d]
Seat 1: _SKR (big blind) showed [7d Td] and won 260 with Flush Jack high
Seat 3: Paul3125 (small blind) showed [Th Qd] and lost with Two pairs : Tens and 4


Winamax Poker - Tournament "Expresso Nitro" buyIn: 0.93€ + 0.07€ level: 4 - HandId: #2718648727102291969-11-1676293661 - Holdem no limit (30/60) - 2023/02/13 13:07:41 UTC
Table: 'Expresso Nitro(632984733)#0' 3-max (real money) Seat #1 is the button
Seat 1: _SKR (520)
Seat 2: Ludoboooooom (380)
*** ANTE/BLINDS ***
_SKR posts small blind 30
Ludoboooooom posts big blind 60
Dealt to _SKR [3s 8h]
*** PRE-FLOP *** 
_SKR folds
Ludoboooooom collected 90 from pot
*** SUMMARY ***
Total pot 90 | No rake
Seat 2: Ludoboooooom (big blind) won 90


Winamax Poker - Tournament "Expresso Nitro" buyIn: 0.93€ + 0.07€ level: 4 - HandId: #2718648727102291969-12-1676293664 - Holdem no limit (30/60) - 2023/02/13 13:07:44 UTC
Table: 'Expresso Nitro(632984733)#0' 3-max (real money) Seat #2 is the button
Seat 1: _SKR (490)
Seat 2: Ludoboooooom (410)
*** ANTE/BLINDS ***
Ludoboooooom posts small blind 30
_SKR posts big blind 60
Dealt to _SKR [8h 8c]
*** PRE-FLOP *** 
Ludoboooooom folds
_SKR collected 90 from pot
*** SUMMARY ***
Total pot 90 | No rake
Seat 1: _SKR (big blind) won 90


Winamax Poker - Tournament "Expresso Nitro" buyIn: 0.93€ + 0.07€ level: 4 - HandId: #2718648727102291969-13-1676293667 - Holdem no limit (30/60) - 2023/02/13 13:07:47 UTC
Table: 'Expresso Nitro(632984733)#0' 3-max (real money) Seat #1 is the button
Seat 1: _SKR (520)
Seat 2: Ludoboooooom (380)
*** ANTE/BLINDS ***
_SKR posts small blind 30
Ludoboooooom posts big blind 60
Dealt to _SKR [5s 7c]
*** PRE-FLOP *** 
_SKR folds
Ludoboooooom collected 90 from pot
*** SUMMARY ***
Total pot 90 | No rake
Seat 2: Ludoboooooom (big blind) won 90


Winamax Poker - Tournament "Expresso Nitro" buyIn: 0.93€ + 0.07€ level: 4 - HandId: #2718648727102291969-14-1676293671 - Holdem no limit (30/60) - 2023/02/13 13:07:51 UTC
Table: 'Expresso Nitro(632984733)#0' 3-max (real money) Seat #2 is the button
Seat 1: _SKR (490)
Seat 2: Ludoboooooom (410)
*** ANTE/BLINDS ***
Ludoboooooom posts small blind 30
_SKR posts big blind 60
Dealt to _SKR [6s 2h]
*** PRE-FLOP *** 
Ludoboooooom raises 120 to 180
_SKR folds
Ludoboooooom collected 240 from pot
*** SUMMARY ***
Total pot 240 | No rake
Seat 2: Ludoboooooom (small blind) (button) won 240


Winamax Poker - Tournament "Expresso Nitro" buyIn: 0.93€ + 0.07€ level: 5 - HandId: #2718648727102291969-15-1676293678 - Holdem no limit (40/80) - 2023/02/13 13:07:58 UTC
Table: 'Expresso Nitro(632984733)#0' 3-max (real money) Seat #1 is the button
Seat 1: _SKR (430)
Seat 2: Ludoboooooom (470)
*** ANTE/BLINDS ***
_SKR posts small blind 40
Ludoboooooom posts big blind 80
Dealt to _SKR [4c Ac]
*** PRE-FLOP *** 
_SKR raises 350 to 430 and is all-in
Ludoboooooom calls 350
*** FLOP *** [3h 5h Jc]
*** TURN *** [3h 5h Jc][9s]
*** RIVER *** [3h 5h Jc 9s][4d]
*** SHOW DOWN ***
Ludoboooooom shows [Ad 8s] (High card : Ace)
_SKR shows [4c Ac] (One pair : 4)
_SKR collected 860 from pot
*** SUMMARY ***
Total pot 860 | No rake
Board: [3h 5h Jc 9s 4d]
Seat 1: _SKR (small blind) (button) showed [4c Ac] and won 860 with One pair : 4
Seat 2: Ludoboooooom (big blind) showed [Ad 8s] and lost with High card : Ace


Winamax Poker - Tournament "Expresso Nitro" buyIn: 0.93€ + 0.07€ level: 5 - HandId: #2718648727102291969-16-1676293696 - Holdem no limit (40/80) - 2023/02/13 13:08:16 UTC
Table: 'Expresso Nitro(632984733)#0' 3-max (real money) Seat #2 is the button
Seat 1: _SKR (860)
Seat 2: Ludoboooooom (40)
*** ANTE/BLINDS ***
Ludoboooooom posts small blind 40 and is all-in
_SKR posts big blind 80
Dealt to _SKR [Th 9c]
*** PRE-FLOP *** 
*** FLOP *** [Qs 8h Kh]
*** TURN *** [Qs 8h Kh][2s]
*** RIVER *** [Qs 8h Kh 2s][2c]
*** SHOW DOWN ***
_SKR shows [Th 9c] (One pair : 2)
Ludoboooooom shows [Ks 5h] (Two pairs : Kings and 2)
Ludoboooooom collected 80 from main pot
_SKR collected 40 from side pot 1
*** SUMMARY ***
Total pot 120 | No rake
Board: [Qs 8h Kh 2s 2c]
Seat 1: _SKR (big blind) showed [Th 9c] and won 40 with One pair : 2
Seat 2: Ludoboooooom (small blind) (button) showed [Ks 5h] and won 80 with Two pairs : Kings and 2


Winamax Poker - Tournament "Expresso Nitro" buyIn: 0.93€ + 0.07€ level: 5 - HandId: #2718648727102291969-17-1676293704 - Holdem no limit (40/80) - 2023/02/13 13:08:24 UTC
Table: 'Expresso Nitro(632984733)#0' 3-max (real money) Seat #1 is the button
Seat 1: _SKR (820)
Seat 2: Ludoboooooom (80)
*** ANTE/BLINDS ***
_SKR posts small blind 40
Ludoboooooom posts big blind 80 and is all-in
Dealt to _SKR [8d 3s]
*** PRE-FLOP *** 
_SKR calls 40
*** FLOP *** [Ad Ks 5s]
*** TURN *** [Ad Ks 5s][Js]
*** RIVER *** [Ad Ks 5s Js][Ah]
*** SHOW DOWN ***
Ludoboooooom shows [4c 6d] (One pair : Aces)
_SKR shows [8d 3s] (One pair : Aces)
_SKR collected 160 from pot
*** SUMMARY ***
Total pot 160 | No rake
Board: [Ad Ks 5s Js Ah]
Seat 1: _SKR (small blind) (button) showed [8d 3s] and won 160 with One pair : Aces
Seat 2: Ludoboooooom (big blind) showed [4c 6d] and lost with One pair : Aces


