Winamax Poker - Tournament "Expresso Nitro" buyIn: 1.86€ + 0.14€ level: 1 - HandId: #2677077846018490369-1-1673876095 - Holdem no limit (10/20) - 2023/01/16 13:34:55 UTC
Table: 'Expresso Nitro(623305758)#0' 3-max (real money) Seat #1 is the button
Seat 1: nazo555 (300)
Seat 2: COOGUIZ (300)
Seat 3: _SKR (300)
*** ANTE/BLINDS ***
COOGUIZ posts small blind 10
_SKR posts big blind 20
Dealt to _SKR [6s Ah]
*** PRE-FLOP *** 
nazo555 folds
COOGUIZ folds
_SKR collected 30 from pot
*** SUMMARY ***
Total pot 30 | No rake
Seat 3: _SKR (big blind) won 30


Winamax Poker - Tournament "Expresso Nitro" buyIn: 1.86€ + 0.14€ level: 1 - HandId: #2677077846018490369-2-1673876101 - Holdem no limit (10/20) - 2023/01/16 13:35:01 UTC
Table: 'Expresso Nitro(623305758)#0' 3-max (real money) Seat #2 is the button
Seat 1: nazo555 (300)
Seat 2: COOGUIZ (290)
Seat 3: _SKR (310)
*** ANTE/BLINDS ***
_SKR posts small blind 10
nazo555 posts big blind 20
Dealt to _SKR [Jc Ks]
*** PRE-FLOP *** 
COOGUIZ folds
_SKR raises 20 to 40
nazo555 folds
_SKR collected 60 from pot
*** SUMMARY ***
Total pot 60 | No rake
Seat 3: _SKR (small blind) won 60


Winamax Poker - Tournament "Expresso Nitro" buyIn: 1.86€ + 0.14€ level: 1 - HandId: #2677077846018490369-3-1673876111 - Holdem no limit (10/20) - 2023/01/16 13:35:11 UTC
Table: 'Expresso Nitro(623305758)#0' 3-max (real money) Seat #3 is the button
Seat 1: nazo555 (280)
Seat 2: COOGUIZ (290)
Seat 3: _SKR (330)
*** ANTE/BLINDS ***
nazo555 posts small blind 10
COOGUIZ posts big blind 20
Dealt to _SKR [Kh 7d]
*** PRE-FLOP *** 
_SKR folds
nazo555 calls 10
COOGUIZ raises 270 to 290 and is all-in
nazo555 calls 260 and is all-in
*** FLOP *** [Ah 8h 8d]
*** TURN *** [Ah 8h 8d][6d]
*** RIVER *** [Ah 8h 8d 6d][4c]
*** SHOW DOWN ***
nazo555 shows [As Ad] (Full of Aces and 8)
COOGUIZ shows [Kc Jh] (One pair : 8)
COOGUIZ collected 10 from side pot 1
nazo555 collected 560 from main pot
*** SUMMARY ***
Total pot 570 | No rake
Board: [Ah 8h 8d 6d 4c]
Seat 1: nazo555 (small blind) showed [As Ad] and won 560 with Full of Aces and 8
Seat 2: COOGUIZ (big blind) showed [Kc Jh] and won 10 with One pair : 8


Winamax Poker - Tournament "Expresso Nitro" buyIn: 1.86€ + 0.14€ level: 1 - HandId: #2677077846018490369-4-1673876129 - Holdem no limit (10/20) - 2023/01/16 13:35:29 UTC
Table: 'Expresso Nitro(623305758)#0' 3-max (real money) Seat #1 is the button
Seat 1: nazo555 (560)
Seat 2: COOGUIZ (10)
Seat 3: _SKR (330)
*** ANTE/BLINDS ***
COOGUIZ posts small blind 10 and is all-in
_SKR posts big blind 20
Dealt to _SKR [Kc Tc]
*** PRE-FLOP *** 
nazo555 folds
*** FLOP *** [5c 8h 4d]
*** TURN *** [5c 8h 4d][9d]
*** RIVER *** [5c 8h 4d 9d][2h]
*** SHOW DOWN ***
COOGUIZ shows [7c Kh] (High card : King)
_SKR shows [Kc Tc] (High card : King)
_SKR collected 30 from pot
*** SUMMARY ***
Total pot 30 | No rake
Board: [5c 8h 4d 9d 2h]
Seat 2: COOGUIZ (small blind) showed [7c Kh] and lost with High card : King
Seat 3: _SKR (big blind) showed [Kc Tc] and won 30 with High card : King


Winamax Poker - Tournament "Expresso Nitro" buyIn: 1.86€ + 0.14€ level: 1 - HandId: #2677077846018490369-5-1673876141 - Holdem no limit (10/20) - 2023/01/16 13:35:41 UTC
Table: 'Expresso Nitro(623305758)#0' 3-max (real money) Seat #3 is the button
Seat 1: nazo555 (560)
Seat 3: _SKR (340)
*** ANTE/BLINDS ***
_SKR posts small blind 10
nazo555 posts big blind 20
Dealt to _SKR [5c Jh]
*** PRE-FLOP *** 
_SKR folds
nazo555 collected 30 from pot
*** SUMMARY ***
Total pot 30 | No rake
Seat 1: nazo555 (big blind) won 30


Winamax Poker - Tournament "Expresso Nitro" buyIn: 1.86€ + 0.14€ level: 2 - HandId: #2677077846018490369-6-1673876152 - Holdem no limit (15/30) - 2023/01/16 13:35:52 UTC
Table: 'Expresso Nitro(623305758)#0' 3-max (real money) Seat #1 is the button
Seat 1: nazo555 (570)
Seat 3: _SKR (330)
*** ANTE/BLINDS ***
nazo555 posts small blind 15
_SKR posts big blind 30
Dealt to _SKR [Kc 2s]
*** PRE-FLOP *** 
nazo555 folds
_SKR collected 45 from pot
*** SUMMARY ***
Total pot 45 | No rake
Seat 3: _SKR (big blind) won 45


Winamax Poker - Tournament "Expresso Nitro" buyIn: 1.86€ + 0.14€ level: 2 - HandId: #2677077846018490369-7-1673876156 - Holdem no limit (15/30) - 2023/01/16 13:35:56 UTC
Table: 'Expresso Nitro(623305758)#0' 3-max (real money) Seat #3 is the button
Seat 1: nazo555 (555)
Seat 3: _SKR (345)
*** ANTE/BLINDS ***
_SKR posts small blind 15
nazo555 posts big blind 30
Dealt to _SKR [Ah Ac]
*** PRE-FLOP *** 
_SKR raises 30 to 60
nazo555 calls 30
*** FLOP *** [3s 6d 2d]
nazo555 bets 120
_SKR raises 165 to 285 and is all-in
nazo555 calls 165
*** TURN *** [3s 6d 2d][9c]
*** RIVER *** [3s 6d 2d 9c][Jh]
*** SHOW DOWN ***
nazo555 shows [Ks 3d] (One pair : 3)
_SKR shows [Ah Ac] (One pair : Aces)
_SKR collected 690 from pot
*** SUMMARY ***
Total pot 690 | No rake
Board: [3s 6d 2d 9c Jh]
Seat 1: nazo555 (big blind) showed [Ks 3d] and lost with One pair : 3
Seat 3: _SKR (small blind) (button) showed [Ah Ac] and won 690 with One pair : Aces


Winamax Poker - Tournament "Expresso Nitro" buyIn: 1.86€ + 0.14€ level: 2 - HandId: #2677077846018490369-8-1673876191 - Holdem no limit (15/30) - 2023/01/16 13:36:31 UTC
Table: 'Expresso Nitro(623305758)#0' 3-max (real money) Seat #1 is the button
Seat 1: nazo555 (210)
Seat 3: _SKR (690)
*** ANTE/BLINDS ***
nazo555 posts small blind 15
_SKR posts big blind 30
Dealt to _SKR [As 2d]
*** PRE-FLOP *** 
nazo555 calls 15
_SKR checks
*** FLOP *** [8h 3s 3h]
_SKR checks
nazo555 bets 60
_SKR calls 60
*** TURN *** [8h 3s 3h][Th]
_SKR checks
nazo555 bets 120 and is all-in
_SKR calls 120
*** RIVER *** [8h 3s 3h Th][Qh]
*** SHOW DOWN ***
_SKR shows [As 2d] (One pair : 3)
nazo555 shows [7d 8d] (Two pairs : 8 and 3)
nazo555 collected 420 from pot
*** SUMMARY ***
Total pot 420 | No rake
Board: [8h 3s 3h Th Qh]
Seat 1: nazo555 (small blind) (button) showed [7d 8d] and won 420 with Two pairs : 8 and 3
Seat 3: _SKR (big blind) showed [As 2d] and lost with One pair : 3


Winamax Poker - Tournament "Expresso Nitro" buyIn: 1.86€ + 0.14€ level: 3 - HandId: #2677077846018490369-9-1673876236 - Holdem no limit (20/40) - 2023/01/16 13:37:16 UTC
Table: 'Expresso Nitro(623305758)#0' 3-max (real money) Seat #3 is the button
Seat 1: nazo555 (420)
Seat 3: _SKR (480)
*** ANTE/BLINDS ***
_SKR posts small blind 20
nazo555 posts big blind 40
Dealt to _SKR [4s Jc]
*** PRE-FLOP *** 
_SKR folds
nazo555 collected 60 from pot
*** SUMMARY ***
Total pot 60 | No rake
Seat 1: nazo555 (big blind) won 60


Winamax Poker - Tournament "Expresso Nitro" buyIn: 1.86€ + 0.14€ level: 3 - HandId: #2677077846018490369-10-1673876248 - Holdem no limit (20/40) - 2023/01/16 13:37:28 UTC
Table: 'Expresso Nitro(623305758)#0' 3-max (real money) Seat #1 is the button
Seat 1: nazo555 (440)
Seat 3: _SKR (460)
*** ANTE/BLINDS ***
nazo555 posts small blind 20
_SKR posts big blind 40
Dealt to _SKR [5d 2h]
*** PRE-FLOP *** 
nazo555 folds
_SKR collected 60 from pot
*** SUMMARY ***
Total pot 60 | No rake
Seat 3: _SKR (big blind) won 60


Winamax Poker - Tournament "Expresso Nitro" buyIn: 1.86€ + 0.14€ level: 3 - HandId: #2677077846018490369-11-1673876252 - Holdem no limit (20/40) - 2023/01/16 13:37:32 UTC
Table: 'Expresso Nitro(623305758)#0' 3-max (real money) Seat #3 is the button
Seat 1: nazo555 (420)
Seat 3: _SKR (480)
*** ANTE/BLINDS ***
_SKR posts small blind 20
nazo555 posts big blind 40
Dealt to _SKR [Ts Js]
*** PRE-FLOP *** 
_SKR raises 440 to 480 and is all-in
nazo555 calls 380 and is all-in
*** FLOP *** [6c Qs Kd]
*** TURN *** [6c Qs Kd][Th]
*** RIVER *** [6c Qs Kd Th][5d]
*** SHOW DOWN ***
nazo555 shows [2c 2h] (One pair : 2)
_SKR shows [Ts Js] (One pair : Tens)
_SKR collected 900 from pot
*** SUMMARY ***
Total pot 900 | No rake
Board: [6c Qs Kd Th 5d]
Seat 1: nazo555 (big blind) showed [2c 2h] and lost with One pair : 2
Seat 3: _SKR (small blind) (button) showed [Ts Js] and won 900 with One pair : Tens


