Winamax Poker - Tournament "Expresso Nitro" buyIn: 0.93€ + 0.07€ level: 1 - HandId: #2717281157975638017-1-1676215539 - Holdem no limit (10/20) - 2023/02/12 15:25:39 UTC
Table: 'Expresso Nitro(632666321)#0' 3-max (real money) Seat #3 is the button
Seat 1: ME_Zeus64222 (300)
Seat 2: Batielchicha (300)
Seat 3: _SKR (300)
*** ANTE/BLINDS ***
ME_Zeus64222 posts small blind 10
Batielchicha posts big blind 20
Dealt to _SKR [4c 7h]
*** PRE-FLOP *** 
_SKR folds
ME_Zeus64222 calls 10
Batielchicha checks
*** FLOP *** [5d 6d 3d]
ME_Zeus64222 checks
Batielchicha checks
*** TURN *** [5d 6d 3d][Qd]
ME_Zeus64222 bets 20
Batielchicha calls 20
*** RIVER *** [5d 6d 3d Qd][2s]
ME_Zeus64222 checks
Batielchicha checks
*** SHOW DOWN ***
Batielchicha shows [Qs Th] (One pair : Queens)
ME_Zeus64222 shows [6s 5s] (Two pairs : 6 and 5)
ME_Zeus64222 collected 80 from pot
*** SUMMARY ***
Total pot 80 | No rake
Board: [5d 6d 3d Qd 2s]
Seat 1: ME_Zeus64222 (small blind) showed [6s 5s] and won 80 with Two pairs : 6 and 5
Seat 2: Batielchicha (big blind) showed [Qs Th] and lost with One pair : Queens


Winamax Poker - Tournament "Expresso Nitro" buyIn: 0.93€ + 0.07€ level: 1 - HandId: #2717281157975638017-2-1676215565 - Holdem no limit (10/20) - 2023/02/12 15:26:05 UTC
Table: 'Expresso Nitro(632666321)#0' 3-max (real money) Seat #1 is the button
Seat 1: ME_Zeus64222 (340)
Seat 2: Batielchicha (260)
Seat 3: _SKR (300)
*** ANTE/BLINDS ***
Batielchicha posts small blind 10
_SKR posts big blind 20
Dealt to _SKR [3h 8h]
*** PRE-FLOP *** 
ME_Zeus64222 calls 20
Batielchicha calls 10
_SKR checks
*** FLOP *** [3c 8s 9c]
Batielchicha checks
_SKR bets 30
ME_Zeus64222 folds
Batielchicha calls 30
*** TURN *** [3c 8s 9c][3s]
Batielchicha checks
_SKR bets 60
Batielchicha calls 60
*** RIVER *** [3c 8s 9c 3s][Jh]
Batielchicha checks
_SKR bets 186
Batielchicha calls 150 and is all-in
*** SHOW DOWN ***
Batielchicha shows [Jc 4c] (Two pairs : Jacks and 3)
_SKR shows [3h 8h] (Full of 3 and 8)
_SKR collected 576 from pot
*** SUMMARY ***
Total pot 576 | No rake
Board: [3c 8s 9c 3s Jh]
Seat 2: Batielchicha (small blind) showed [Jc 4c] and lost with Two pairs : Jacks and 3
Seat 3: _SKR (big blind) showed [3h 8h] and won 576 with Full of 3 and 8


Winamax Poker - Tournament "Expresso Nitro" buyIn: 0.93€ + 0.07€ level: 2 - HandId: #2717281157975638017-3-1676215621 - Holdem no limit (15/30) - 2023/02/12 15:27:01 UTC
Table: 'Expresso Nitro(632666321)#0' 3-max (real money) Seat #3 is the button
Seat 1: ME_Zeus64222 (320)
Seat 3: _SKR (580)
*** ANTE/BLINDS ***
_SKR posts small blind 15
ME_Zeus64222 posts big blind 30
Dealt to _SKR [8h 7d]
*** PRE-FLOP *** 
_SKR folds
ME_Zeus64222 collected 45 from pot
*** SUMMARY ***
Total pot 45 | No rake
Seat 1: ME_Zeus64222 (big blind) won 45


Winamax Poker - Tournament "Expresso Nitro" buyIn: 0.93€ + 0.07€ level: 2 - HandId: #2717281157975638017-4-1676215625 - Holdem no limit (15/30) - 2023/02/12 15:27:05 UTC
Table: 'Expresso Nitro(632666321)#0' 3-max (real money) Seat #1 is the button
Seat 1: ME_Zeus64222 (335)
Seat 3: _SKR (565)
*** ANTE/BLINDS ***
ME_Zeus64222 posts small blind 15
_SKR posts big blind 30
Dealt to _SKR [Qs 7h]
*** PRE-FLOP *** 
ME_Zeus64222 calls 15
_SKR checks
*** FLOP *** [8d 8h 7c]
_SKR checks
ME_Zeus64222 bets 30
_SKR calls 30
*** TURN *** [8d 8h 7c][6c]
_SKR bets 60
ME_Zeus64222 calls 60
*** RIVER *** [8d 8h 7c 6c][5d]
_SKR checks
ME_Zeus64222 bets 84
_SKR calls 84
*** SHOW DOWN ***
ME_Zeus64222 shows [5s 3c] (Two pairs : 8 and 5)
_SKR shows [Qs 7h] (Two pairs : 8 and 7)
_SKR collected 408 from pot
*** SUMMARY ***
Total pot 408 | No rake
Board: [8d 8h 7c 6c 5d]
Seat 1: ME_Zeus64222 (small blind) (button) showed [5s 3c] and lost with Two pairs : 8 and 5
Seat 3: _SKR (big blind) showed [Qs 7h] and won 408 with Two pairs : 8 and 7


Winamax Poker - Tournament "Expresso Nitro" buyIn: 0.93€ + 0.07€ level: 3 - HandId: #2717281157975638017-5-1676215656 - Holdem no limit (20/40) - 2023/02/12 15:27:36 UTC
Table: 'Expresso Nitro(632666321)#0' 3-max (real money) Seat #3 is the button
Seat 1: ME_Zeus64222 (131)
Seat 3: _SKR (769)
*** ANTE/BLINDS ***
_SKR posts small blind 20
ME_Zeus64222 posts big blind 40
Dealt to _SKR [7h 4s]
*** PRE-FLOP *** 
_SKR folds
ME_Zeus64222 collected 60 from pot
*** SUMMARY ***
Total pot 60 | No rake
Seat 1: ME_Zeus64222 (big blind) won 60


Winamax Poker - Tournament "Expresso Nitro" buyIn: 0.93€ + 0.07€ level: 3 - HandId: #2717281157975638017-6-1676215660 - Holdem no limit (20/40) - 2023/02/12 15:27:40 UTC
Table: 'Expresso Nitro(632666321)#0' 3-max (real money) Seat #1 is the button
Seat 1: ME_Zeus64222 (151)
Seat 3: _SKR (749)
*** ANTE/BLINDS ***
ME_Zeus64222 posts small blind 20
_SKR posts big blind 40
Dealt to _SKR [6c 5h]
*** PRE-FLOP *** 
ME_Zeus64222 calls 20
_SKR checks
*** FLOP *** [8d 3h Tc]
_SKR checks
ME_Zeus64222 bets 111 and is all-in
_SKR folds
ME_Zeus64222 collected 191 from pot
*** SUMMARY ***
Total pot 191 | No rake
Board: [8d 3h Tc]
Seat 1: ME_Zeus64222 (small blind) (button) won 191


Winamax Poker - Tournament "Expresso Nitro" buyIn: 0.93€ + 0.07€ level: 3 - HandId: #2717281157975638017-7-1676215669 - Holdem no limit (20/40) - 2023/02/12 15:27:49 UTC
Table: 'Expresso Nitro(632666321)#0' 3-max (real money) Seat #3 is the button
Seat 1: ME_Zeus64222 (191)
Seat 3: _SKR (709)
*** ANTE/BLINDS ***
_SKR posts small blind 20
ME_Zeus64222 posts big blind 40
Dealt to _SKR [Jh 4s]
*** PRE-FLOP *** 
_SKR raises 669 to 709 and is all-in
ME_Zeus64222 calls 151 and is all-in
*** FLOP *** [4h 2s As]
*** TURN *** [4h 2s As][Tc]
*** RIVER *** [4h 2s As Tc][3c]
*** SHOW DOWN ***
ME_Zeus64222 shows [2h Ac] (Two pairs : Aces and 2)
_SKR shows [Jh 4s] (One pair : 4)
_SKR collected 518 from side pot 1
ME_Zeus64222 collected 382 from main pot
*** SUMMARY ***
Total pot 900 | No rake
Board: [4h 2s As Tc 3c]
Seat 1: ME_Zeus64222 (big blind) showed [2h Ac] and won 382 with Two pairs : Aces and 2
Seat 3: _SKR (small blind) (button) showed [Jh 4s] and won 518 with One pair : 4


Winamax Poker - Tournament "Expresso Nitro" buyIn: 0.93€ + 0.07€ level: 3 - HandId: #2717281157975638017-8-1676215682 - Holdem no limit (20/40) - 2023/02/12 15:28:02 UTC
Table: 'Expresso Nitro(632666321)#0' 3-max (real money) Seat #1 is the button
Seat 1: ME_Zeus64222 (382)
Seat 3: _SKR (518)
*** ANTE/BLINDS ***
ME_Zeus64222 posts small blind 20
_SKR posts big blind 40
Dealt to _SKR [8s 5c]
*** PRE-FLOP *** 
ME_Zeus64222 calls 20
_SKR checks
*** FLOP *** [4s 8d 2c]
_SKR checks
ME_Zeus64222 checks
*** TURN *** [4s 8d 2c][5s]
_SKR bets 52
ME_Zeus64222 folds
_SKR collected 132 from pot
*** SUMMARY ***
Total pot 132 | No rake
Board: [4s 8d 2c 5s]
Seat 3: _SKR (big blind) won 132


Winamax Poker - Tournament "Expresso Nitro" buyIn: 0.93€ + 0.07€ level: 3 - HandId: #2717281157975638017-9-1676215701 - Holdem no limit (20/40) - 2023/02/12 15:28:21 UTC
Table: 'Expresso Nitro(632666321)#0' 3-max (real money) Seat #3 is the button
Seat 1: ME_Zeus64222 (342)
Seat 3: _SKR (558)
*** ANTE/BLINDS ***
_SKR posts small blind 20
ME_Zeus64222 posts big blind 40
Dealt to _SKR [4s 6h]
*** PRE-FLOP *** 
_SKR folds
ME_Zeus64222 collected 60 from pot
*** SUMMARY ***
Total pot 60 | No rake
Seat 1: ME_Zeus64222 (big blind) won 60


Winamax Poker - Tournament "Expresso Nitro" buyIn: 0.93€ + 0.07€ level: 3 - HandId: #2717281157975638017-10-1676215705 - Holdem no limit (20/40) - 2023/02/12 15:28:25 UTC
Table: 'Expresso Nitro(632666321)#0' 3-max (real money) Seat #1 is the button
Seat 1: ME_Zeus64222 (362)
Seat 3: _SKR (538)
*** ANTE/BLINDS ***
ME_Zeus64222 posts small blind 20
_SKR posts big blind 40
Dealt to _SKR [8d 5c]
*** PRE-FLOP *** 
ME_Zeus64222 calls 20
_SKR checks
*** FLOP *** [2h 5d 3d]
_SKR bets 52
ME_Zeus64222 calls 52
*** TURN *** [2h 5d 3d][Jd]
_SKR checks
ME_Zeus64222 checks
*** RIVER *** [2h 5d 3d Jd][Ad]
_SKR checks
ME_Zeus64222 bets 64
_SKR calls 64
*** SHOW DOWN ***
ME_Zeus64222 shows [4s 9h] (Straight 5 high)
_SKR shows [8d 5c] (Flush Ace high)
_SKR collected 312 from pot
*** SUMMARY ***
Total pot 312 | No rake
Board: [2h 5d 3d Jd Ad]
Seat 1: ME_Zeus64222 (small blind) (button) showed [4s 9h] and lost with Straight 5 high
Seat 3: _SKR (big blind) showed [8d 5c] and won 312 with Flush Ace high


Winamax Poker - Tournament "Expresso Nitro" buyIn: 0.93€ + 0.07€ level: 4 - HandId: #2717281157975638017-11-1676215745 - Holdem no limit (30/60) - 2023/02/12 15:29:05 UTC
Table: 'Expresso Nitro(632666321)#0' 3-max (real money) Seat #3 is the button
Seat 1: ME_Zeus64222 (206)
Seat 3: _SKR (694)
*** ANTE/BLINDS ***
_SKR posts small blind 30
ME_Zeus64222 posts big blind 60
Dealt to _SKR [7d 8d]
*** PRE-FLOP *** 
_SKR raises 634 to 694 and is all-in
ME_Zeus64222 calls 146 and is all-in
*** FLOP *** [Kh Jd 4s]
*** TURN *** [Kh Jd 4s][3c]
*** RIVER *** [Kh Jd 4s 3c][Td]
*** SHOW DOWN ***
ME_Zeus64222 shows [Ah 4h] (One pair : 4)
_SKR shows [7d 8d] (High card : King)
_SKR collected 488 from side pot 1
ME_Zeus64222 collected 412 from main pot
*** SUMMARY ***
Total pot 900 | No rake
Board: [Kh Jd 4s 3c Td]
Seat 1: ME_Zeus64222 (big blind) showed [Ah 4h] and won 412 with One pair : 4
Seat 3: _SKR (small blind) (button) showed [7d 8d] and won 488 with High card : King


Winamax Poker - Tournament "Expresso Nitro" buyIn: 0.93€ + 0.07€ level: 4 - HandId: #2717281157975638017-12-1676215759 - Holdem no limit (30/60) - 2023/02/12 15:29:19 UTC
Table: 'Expresso Nitro(632666321)#0' 3-max (real money) Seat #1 is the button
Seat 1: ME_Zeus64222 (412)
Seat 3: _SKR (488)
*** ANTE/BLINDS ***
ME_Zeus64222 posts small blind 30
_SKR posts big blind 60
Dealt to _SKR [9d Jh]
*** PRE-FLOP *** 
ME_Zeus64222 calls 30
_SKR checks
*** FLOP *** [5c 5h 8d]
_SKR checks
ME_Zeus64222 checks
*** TURN *** [5c 5h 8d][4c]
_SKR checks
ME_Zeus64222 checks
*** RIVER *** [5c 5h 8d 4c][8h]
_SKR checks
ME_Zeus64222 bets 60
_SKR raises 135 to 195
ME_Zeus64222 folds
_SKR collected 375 from pot
*** SUMMARY ***
Total pot 375 | No rake
Board: [5c 5h 8d 4c 8h]
Seat 3: _SKR (big blind) won 375


Winamax Poker - Tournament "Expresso Nitro" buyIn: 0.93€ + 0.07€ level: 5 - HandId: #2717281157975638017-13-1676215808 - Holdem no limit (40/80) - 2023/02/12 15:30:08 UTC
Table: 'Expresso Nitro(632666321)#0' 3-max (real money) Seat #3 is the button
Seat 1: ME_Zeus64222 (292)
Seat 3: _SKR (608)
*** ANTE/BLINDS ***
_SKR posts small blind 40
ME_Zeus64222 posts big blind 80
Dealt to _SKR [Kh 9c]
*** PRE-FLOP *** 
_SKR raises 528 to 608 and is all-in
ME_Zeus64222 calls 212 and is all-in
*** FLOP *** [9h 6d Ts]
*** TURN *** [9h 6d Ts][Js]
*** RIVER *** [9h 6d Ts Js][As]
*** SHOW DOWN ***
ME_Zeus64222 shows [Jh Tc] (Two pairs : Jacks and Tens)
_SKR shows [Kh 9c] (One pair : 9)
_SKR collected 316 from side pot 1
ME_Zeus64222 collected 584 from main pot
*** SUMMARY ***
Total pot 900 | No rake
Board: [9h 6d Ts Js As]
Seat 1: ME_Zeus64222 (big blind) showed [Jh Tc] and won 584 with Two pairs : Jacks and Tens
Seat 3: _SKR (small blind) (button) showed [Kh 9c] and won 316 with One pair : 9


Winamax Poker - Tournament "Expresso Nitro" buyIn: 0.93€ + 0.07€ level: 5 - HandId: #2717281157975638017-14-1676215820 - Holdem no limit (40/80) - 2023/02/12 15:30:20 UTC
Table: 'Expresso Nitro(632666321)#0' 3-max (real money) Seat #1 is the button
Seat 1: ME_Zeus64222 (584)
Seat 3: _SKR (316)
*** ANTE/BLINDS ***
ME_Zeus64222 posts small blind 40
_SKR posts big blind 80
Dealt to _SKR [9s 4d]
*** PRE-FLOP *** 
ME_Zeus64222 calls 40
_SKR checks
*** FLOP *** [4c Qs 9d]
_SKR checks
ME_Zeus64222 checks
*** TURN *** [4c Qs 9d][8c]
_SKR bets 80
ME_Zeus64222 folds
_SKR collected 240 from pot
*** SUMMARY ***
Total pot 240 | No rake
Board: [4c Qs 9d 8c]
Seat 3: _SKR (big blind) won 240


Winamax Poker - Tournament "Expresso Nitro" buyIn: 0.93€ + 0.07€ level: 6 - HandId: #2717281157975638017-15-1676215843 - Holdem no limit (50/100) - 2023/02/12 15:30:43 UTC
Table: 'Expresso Nitro(632666321)#0' 3-max (real money) Seat #3 is the button
Seat 1: ME_Zeus64222 (504)
Seat 3: _SKR (396)
*** ANTE/BLINDS ***
_SKR posts small blind 50
ME_Zeus64222 posts big blind 100
Dealt to _SKR [8d As]
*** PRE-FLOP *** 
_SKR raises 296 to 396 and is all-in
ME_Zeus64222 folds
_SKR collected 496 from pot
*** SUMMARY ***
Total pot 496 | No rake
Seat 3: _SKR (small blind) (button) won 496


Winamax Poker - Tournament "Expresso Nitro" buyIn: 0.93€ + 0.07€ level: 6 - HandId: #2717281157975638017-16-1676215856 - Holdem no limit (50/100) - 2023/02/12 15:30:56 UTC
Table: 'Expresso Nitro(632666321)#0' 3-max (real money) Seat #1 is the button
Seat 1: ME_Zeus64222 (404)
Seat 3: _SKR (496)
*** ANTE/BLINDS ***
ME_Zeus64222 posts small blind 50
_SKR posts big blind 100
Dealt to _SKR [Qs Ac]
*** PRE-FLOP *** 
ME_Zeus64222 raises 150 to 250
_SKR raises 246 to 496 and is all-in
ME_Zeus64222 calls 154 and is all-in
*** FLOP *** [9h Jd 2d]
*** TURN *** [9h Jd 2d][2s]
*** RIVER *** [9h Jd 2d 2s][Qc]
*** SHOW DOWN ***
ME_Zeus64222 shows [7c 4c] (One pair : 2)
_SKR shows [Qs Ac] (Two pairs : Queens and 2)
_SKR collected 900 from pot
*** SUMMARY ***
Total pot 900 | No rake
Board: [9h Jd 2d 2s Qc]
Seat 1: ME_Zeus64222 (small blind) (button) showed [7c 4c] and lost with One pair : 2
Seat 3: _SKR (big blind) showed [Qs Ac] and won 900 with Two pairs : Queens and 2


