Winamax Poker - Tournament "Expresso Nitro" buyIn: 0.93€ + 0.07€ level: 1 - HandId: #2690574162270879745-1-1674686437 - Holdem no limit (10/20) - 2023/01/25 22:40:37 UTC
Table: 'Expresso Nitro(626448114)#0' 3-max (real money) Seat #2 is the button
Seat 1: Choukas12 (300)
Seat 2: _SKR (300)
Seat 3: Lionel12345 (300)
*** ANTE/BLINDS ***
Lionel12345 posts small blind 10
Choukas12 posts big blind 20
Dealt to _SKR [Ac Jc]
*** PRE-FLOP *** 
_SKR raises 20 to 40
Lionel12345 folds
Choukas12 calls 20
*** FLOP *** [Ad Qd Kh]
Choukas12 checks
_SKR bets 32
Choukas12 calls 32
*** TURN *** [Ad Qd Kh][7d]
Choukas12 checks
_SKR checks
*** RIVER *** [Ad Qd Kh 7d][Tc]
Choukas12 bets 54
_SKR calls 54
*** SHOW DOWN ***
_SKR shows [Ac Jc] (Straight Ace high)
Choukas12 shows [8d 6d] (Flush Ace high)
Choukas12 collected 262 from pot
*** SUMMARY ***
Total pot 262 | No rake
Board: [Ad Qd Kh 7d Tc]
Seat 1: Choukas12 (big blind) showed [8d 6d] and won 262 with Flush Ace high
Seat 2: _SKR (button) showed [Ac Jc] and lost with Straight Ace high


Winamax Poker - Tournament "Expresso Nitro" buyIn: 0.93€ + 0.07€ level: 1 - HandId: #2690574162270879745-2-1674686465 - Holdem no limit (10/20) - 2023/01/25 22:41:05 UTC
Table: 'Expresso Nitro(626448114)#0' 3-max (real money) Seat #3 is the button
Seat 1: Choukas12 (436)
Seat 2: _SKR (174)
Seat 3: Lionel12345 (290)
*** ANTE/BLINDS ***
Choukas12 posts small blind 10
_SKR posts big blind 20
Dealt to _SKR [Ts 5h]
*** PRE-FLOP *** 
Lionel12345 calls 20
Choukas12 calls 10
_SKR checks
*** FLOP *** [Kc Ad Js]
Choukas12 checks
_SKR checks
Lionel12345 checks
*** TURN *** [Kc Ad Js][5d]
Choukas12 bets 21
_SKR folds
Lionel12345 calls 21
*** RIVER *** [Kc Ad Js 5d][6c]
Choukas12 bets 36
Lionel12345 raises 213 to 249 and is all-in
Choukas12 folds
Lionel12345 collected 387 from pot
*** SUMMARY ***
Total pot 387 | No rake
Board: [Kc Ad Js 5d 6c]
Seat 3: Lionel12345 (button) won 387


Winamax Poker - Tournament "Expresso Nitro" buyIn: 0.93€ + 0.07€ level: 2 - HandId: #2690574162270879745-3-1674686510 - Holdem no limit (15/30) - 2023/01/25 22:41:50 UTC
Table: 'Expresso Nitro(626448114)#0' 3-max (real money) Seat #1 is the button
Seat 1: Choukas12 (359)
Seat 2: _SKR (154)
Seat 3: Lionel12345 (387)
*** ANTE/BLINDS ***
_SKR posts small blind 15
Lionel12345 posts big blind 30
Dealt to _SKR [8s As]
*** PRE-FLOP *** 
Choukas12 folds
_SKR raises 124 to 154 and is all-in
Lionel12345 folds
_SKR collected 184 from pot
*** SUMMARY ***
Total pot 184 | No rake
Seat 2: _SKR (small blind) won 184


Winamax Poker - Tournament "Expresso Nitro" buyIn: 0.93€ + 0.07€ level: 2 - HandId: #2690574162270879745-4-1674686518 - Holdem no limit (15/30) - 2023/01/25 22:41:58 UTC
Table: 'Expresso Nitro(626448114)#0' 3-max (real money) Seat #2 is the button
Seat 1: Choukas12 (359)
Seat 2: _SKR (184)
Seat 3: Lionel12345 (357)
*** ANTE/BLINDS ***
Lionel12345 posts small blind 15
Choukas12 posts big blind 30
Dealt to _SKR [Ks Ac]
*** PRE-FLOP *** 
_SKR raises 154 to 184 and is all-in
Lionel12345 folds
Choukas12 folds
_SKR collected 229 from pot
*** SUMMARY ***
Total pot 229 | No rake
Seat 2: _SKR (button) won 229


Winamax Poker - Tournament "Expresso Nitro" buyIn: 0.93€ + 0.07€ level: 2 - HandId: #2690574162270879745-5-1674686524 - Holdem no limit (15/30) - 2023/01/25 22:42:04 UTC
Table: 'Expresso Nitro(626448114)#0' 3-max (real money) Seat #3 is the button
Seat 1: Choukas12 (329)
Seat 2: _SKR (229)
Seat 3: Lionel12345 (342)
*** ANTE/BLINDS ***
Choukas12 posts small blind 15
_SKR posts big blind 30
Dealt to _SKR [4h Ah]
*** PRE-FLOP *** 
Lionel12345 folds
Choukas12 folds
_SKR collected 45 from pot
*** SUMMARY ***
Total pot 45 | No rake
Seat 2: _SKR (big blind) won 45


Winamax Poker - Tournament "Expresso Nitro" buyIn: 0.93€ + 0.07€ level: 2 - HandId: #2690574162270879745-6-1674686528 - Holdem no limit (15/30) - 2023/01/25 22:42:08 UTC
Table: 'Expresso Nitro(626448114)#0' 3-max (real money) Seat #1 is the button
Seat 1: Choukas12 (314)
Seat 2: _SKR (244)
Seat 3: Lionel12345 (342)
*** ANTE/BLINDS ***
_SKR posts small blind 15
Lionel12345 posts big blind 30
Dealt to _SKR [Qs Ks]
*** PRE-FLOP *** 
Choukas12 folds
_SKR raises 214 to 244 and is all-in
Lionel12345 calls 214
*** FLOP *** [8c Jd Tc]
*** TURN *** [8c Jd Tc][6d]
*** RIVER *** [8c Jd Tc 6d][4h]
*** SHOW DOWN ***
Lionel12345 shows [Kd 5s] (High card : King)
_SKR shows [Qs Ks] (High card : King)
_SKR collected 488 from pot
*** SUMMARY ***
Total pot 488 | No rake
Board: [8c Jd Tc 6d 4h]
Seat 2: _SKR (small blind) showed [Qs Ks] and won 488 with High card : King
Seat 3: Lionel12345 (big blind) showed [Kd 5s] and lost with High card : King


Winamax Poker - Tournament "Expresso Nitro" buyIn: 0.93€ + 0.07€ level: 3 - HandId: #2690574162270879745-7-1674686553 - Holdem no limit (20/40) - 2023/01/25 22:42:33 UTC
Table: 'Expresso Nitro(626448114)#0' 3-max (real money) Seat #2 is the button
Seat 1: Choukas12 (314)
Seat 2: _SKR (488)
Seat 3: Lionel12345 (98)
*** ANTE/BLINDS ***
Lionel12345 posts small blind 20
Choukas12 posts big blind 40
Dealt to _SKR [5s 6h]
*** PRE-FLOP *** 
_SKR folds
Lionel12345 raises 58 to 98 and is all-in
Choukas12 folds
Lionel12345 collected 138 from pot
*** SUMMARY ***
Total pot 138 | No rake
Seat 3: Lionel12345 (small blind) won 138


Winamax Poker - Tournament "Expresso Nitro" buyIn: 0.93€ + 0.07€ level: 3 - HandId: #2690574162270879745-8-1674686565 - Holdem no limit (20/40) - 2023/01/25 22:42:45 UTC
Table: 'Expresso Nitro(626448114)#0' 3-max (real money) Seat #3 is the button
Seat 1: Choukas12 (274)
Seat 2: _SKR (488)
Seat 3: Lionel12345 (138)
*** ANTE/BLINDS ***
Choukas12 posts small blind 20
_SKR posts big blind 40
Dealt to _SKR [Kd 3c]
*** PRE-FLOP *** 
Lionel12345 raises 98 to 138 and is all-in
Choukas12 folds
_SKR folds
Lionel12345 collected 198 from pot
*** SUMMARY ***
Total pot 198 | No rake
Seat 3: Lionel12345 (button) won 198


Winamax Poker - Tournament "Expresso Nitro" buyIn: 0.93€ + 0.07€ level: 3 - HandId: #2690574162270879745-9-1674686574 - Holdem no limit (20/40) - 2023/01/25 22:42:54 UTC
Table: 'Expresso Nitro(626448114)#0' 3-max (real money) Seat #1 is the button
Seat 1: Choukas12 (254)
Seat 2: _SKR (448)
Seat 3: Lionel12345 (198)
*** ANTE/BLINDS ***
_SKR posts small blind 20
Lionel12345 posts big blind 40
Dealt to _SKR [Tc Ts]
*** PRE-FLOP *** 
Choukas12 raises 214 to 254 and is all-in
_SKR raises 194 to 448 and is all-in
Lionel12345 folds
*** FLOP *** [5h 9d Kh]
*** TURN *** [5h 9d Kh][As]
*** RIVER *** [5h 9d Kh As][Js]
*** SHOW DOWN ***
Choukas12 shows [Qs Ad] (One pair : Aces)
_SKR shows [Tc Ts] (One pair : Tens)
_SKR collected 194 from side pot 1
Choukas12 collected 548 from main pot
*** SUMMARY ***
Total pot 742 | No rake
Board: [5h 9d Kh As Js]
Seat 1: Choukas12 (button) showed [Qs Ad] and won 548 with One pair : Aces
Seat 2: _SKR (small blind) showed [Tc Ts] and won 194 with One pair : Tens


Winamax Poker - Tournament "Expresso Nitro" buyIn: 0.93€ + 0.07€ level: 3 - HandId: #2690574162270879745-10-1674686588 - Holdem no limit (20/40) - 2023/01/25 22:43:08 UTC
Table: 'Expresso Nitro(626448114)#0' 3-max (real money) Seat #2 is the button
Seat 1: Choukas12 (548)
Seat 2: _SKR (194)
Seat 3: Lionel12345 (158)
*** ANTE/BLINDS ***
Lionel12345 posts small blind 20
Choukas12 posts big blind 40
Dealt to _SKR [3s Ad]
*** PRE-FLOP *** 
_SKR raises 154 to 194 and is all-in
Lionel12345 folds
Choukas12 folds
_SKR collected 254 from pot
*** SUMMARY ***
Total pot 254 | No rake
Seat 2: _SKR (button) won 254


Winamax Poker - Tournament "Expresso Nitro" buyIn: 0.93€ + 0.07€ level: 3 - HandId: #2690574162270879745-11-1674686598 - Holdem no limit (20/40) - 2023/01/25 22:43:18 UTC
Table: 'Expresso Nitro(626448114)#0' 3-max (real money) Seat #3 is the button
Seat 1: Choukas12 (508)
Seat 2: _SKR (254)
Seat 3: Lionel12345 (138)
*** ANTE/BLINDS ***
Choukas12 posts small blind 20
_SKR posts big blind 40
Dealt to _SKR [3h Qh]
*** PRE-FLOP *** 
Lionel12345 raises 98 to 138 and is all-in
Choukas12 folds
_SKR folds
Lionel12345 collected 198 from pot
*** SUMMARY ***
Total pot 198 | No rake
Seat 3: Lionel12345 (button) won 198


Winamax Poker - Tournament "Expresso Nitro" buyIn: 0.93€ + 0.07€ level: 3 - HandId: #2690574162270879745-12-1674686610 - Holdem no limit (20/40) - 2023/01/25 22:43:30 UTC
Table: 'Expresso Nitro(626448114)#0' 3-max (real money) Seat #1 is the button
Seat 1: Choukas12 (488)
Seat 2: _SKR (214)
Seat 3: Lionel12345 (198)
*** ANTE/BLINDS ***
_SKR posts small blind 20
Lionel12345 posts big blind 40
Dealt to _SKR [Ad Ts]
*** PRE-FLOP *** 
Choukas12 raises 448 to 488 and is all-in
_SKR calls 194 and is all-in
Lionel12345 calls 158 and is all-in
*** FLOP *** [2s Jd 7s]
*** TURN *** [2s Jd 7s][Kc]
*** RIVER *** [2s Jd 7s Kc][Ks]
*** SHOW DOWN ***
_SKR shows [Ad Ts] (One pair : Kings)
Lionel12345 shows [Ac 5c] (One pair : Kings)
Choukas12 shows [Kd Jc] (Full of Kings and Jacks)
Choukas12 collected 900 from pot
*** SUMMARY ***
Total pot 900 | No rake
Board: [2s Jd 7s Kc Ks]
Seat 1: Choukas12 (button) showed [Kd Jc] and won 900 with Full of Kings and Jacks
Seat 2: _SKR (small blind) showed [Ad Ts] and lost with One pair : Kings
Seat 3: Lionel12345 (big blind) showed [Ac 5c] and lost with One pair : Kings


