Winamax Poker - Tournament "Expresso Nitro" buyIn: 0.93€ + 0.07€ level: 1 - HandId: #2654484406781083649-1-1672662702 - Holdem no limit (10/20) - 2023/01/02 12:31:42 UTC
Table: 'Expresso Nitro(618045313)#0' 3-max (real money) Seat #2 is the button
Seat 1: Lychh (300)
Seat 2: _SKR (300)
Seat 3: Becarefull78 (300)
*** ANTE/BLINDS ***
Becarefull78 posts small blind 10
Lychh posts big blind 20
Dealt to _SKR [4d Js]
*** PRE-FLOP *** 
_SKR folds
Becarefull78 calls 10
Lychh checks
*** FLOP *** [2s Tc 3h]
Becarefull78 bets 280 and is all-in
Lychh calls 280 and is all-in
*** TURN *** [2s Tc 3h][2c]
*** RIVER *** [2s Tc 3h 2c][Qd]
*** SHOW DOWN ***
Becarefull78 shows [Kh 3s] (Two pairs : 3 and 2)
Lychh shows [3c 2h] (Full of 2 and 3)
Lychh collected 600 from pot
*** SUMMARY ***
Total pot 600 | No rake
Board: [2s Tc 3h 2c Qd]
Seat 1: Lychh (big blind) showed [3c 2h] and won 600 with Full of 2 and 3
Seat 3: Becarefull78 (small blind) showed [Kh 3s] and lost with Two pairs : 3 and 2


Winamax Poker - Tournament "Expresso Nitro" buyIn: 0.93€ + 0.07€ level: 1 - HandId: #2654484406781083649-2-1672662724 - Holdem no limit (10/20) - 2023/01/02 12:32:04 UTC
Table: 'Expresso Nitro(618045313)#0' 3-max (real money) Seat #1 is the button
Seat 1: Lychh (600)
Seat 2: _SKR (300)
*** ANTE/BLINDS ***
Lychh posts small blind 10
_SKR posts big blind 20
Dealt to _SKR [6s 2h]
*** PRE-FLOP *** 
Lychh calls 10
_SKR checks
*** FLOP *** [Ks 4h 2d]
_SKR checks
Lychh checks
*** TURN *** [Ks 4h 2d][8s]
_SKR checks
Lychh checks
*** RIVER *** [Ks 4h 2d 8s][3c]
_SKR checks
Lychh checks
*** SHOW DOWN ***
Lychh shows [9d Jh] (High card : King)
_SKR shows [6s 2h] (One pair : 2)
_SKR collected 40 from pot
*** SUMMARY ***
Total pot 40 | No rake
Board: [Ks 4h 2d 8s 3c]
Seat 1: Lychh (small blind) (button) showed [9d Jh] and lost with High card : King
Seat 2: _SKR (big blind) showed [6s 2h] and won 40 with One pair : 2


Winamax Poker - Tournament "Expresso Nitro" buyIn: 0.93€ + 0.07€ level: 2 - HandId: #2654484406781083649-3-1672662768 - Holdem no limit (15/30) - 2023/01/02 12:32:48 UTC
Table: 'Expresso Nitro(618045313)#0' 3-max (real money) Seat #2 is the button
Seat 1: Lychh (580)
Seat 2: _SKR (320)
*** ANTE/BLINDS ***
_SKR posts small blind 15
Lychh posts big blind 30
Dealt to _SKR [Ks 2c]
*** PRE-FLOP *** 
_SKR folds
Lychh collected 45 from pot
*** SUMMARY ***
Total pot 45 | No rake
Seat 1: Lychh (big blind) won 45


Winamax Poker - Tournament "Expresso Nitro" buyIn: 0.93€ + 0.07€ level: 2 - HandId: #2654484406781083649-4-1672662773 - Holdem no limit (15/30) - 2023/01/02 12:32:53 UTC
Table: 'Expresso Nitro(618045313)#0' 3-max (real money) Seat #1 is the button
Seat 1: Lychh (595)
Seat 2: _SKR (305)
*** ANTE/BLINDS ***
Lychh posts small blind 15
_SKR posts big blind 30
Dealt to _SKR [7h 4s]
*** PRE-FLOP *** 
Lychh folds
_SKR collected 45 from pot
*** SUMMARY ***
Total pot 45 | No rake
Seat 2: _SKR (big blind) won 45


Winamax Poker - Tournament "Expresso Nitro" buyIn: 0.93€ + 0.07€ level: 2 - HandId: #2654484406781083649-5-1672662787 - Holdem no limit (15/30) - 2023/01/02 12:33:07 UTC
Table: 'Expresso Nitro(618045313)#0' 3-max (real money) Seat #2 is the button
Seat 1: Lychh (580)
Seat 2: _SKR (320)
*** ANTE/BLINDS ***
_SKR posts small blind 15
Lychh posts big blind 30
Dealt to _SKR [5d 2s]
*** PRE-FLOP *** 
_SKR folds
Lychh collected 45 from pot
*** SUMMARY ***
Total pot 45 | No rake
Seat 1: Lychh (big blind) won 45


Winamax Poker - Tournament "Expresso Nitro" buyIn: 0.93€ + 0.07€ level: 2 - HandId: #2654484406781083649-6-1672662790 - Holdem no limit (15/30) - 2023/01/02 12:33:10 UTC
Table: 'Expresso Nitro(618045313)#0' 3-max (real money) Seat #1 is the button
Seat 1: Lychh (595)
Seat 2: _SKR (305)
*** ANTE/BLINDS ***
Lychh posts small blind 15
_SKR posts big blind 30
Dealt to _SKR [Ad Ac]
*** PRE-FLOP *** 
Lychh folds
_SKR collected 45 from pot
*** SUMMARY ***
Total pot 45 | No rake
Seat 2: _SKR (big blind) won 45


Winamax Poker - Tournament "Expresso Nitro" buyIn: 0.93€ + 0.07€ level: 2 - HandId: #2654484406781083649-7-1672662795 - Holdem no limit (15/30) - 2023/01/02 12:33:15 UTC
Table: 'Expresso Nitro(618045313)#0' 3-max (real money) Seat #2 is the button
Seat 1: Lychh (580)
Seat 2: _SKR (320)
*** ANTE/BLINDS ***
_SKR posts small blind 15
Lychh posts big blind 30
Dealt to _SKR [Kc 6d]
*** PRE-FLOP *** 
_SKR raises 290 to 320 and is all-in
Lychh folds
_SKR collected 350 from pot
*** SUMMARY ***
Total pot 350 | No rake
Seat 2: _SKR (small blind) (button) won 350


Winamax Poker - Tournament "Expresso Nitro" buyIn: 0.93€ + 0.07€ level: 2 - HandId: #2654484406781083649-8-1672662804 - Holdem no limit (15/30) - 2023/01/02 12:33:24 UTC
Table: 'Expresso Nitro(618045313)#0' 3-max (real money) Seat #1 is the button
Seat 1: Lychh (550)
Seat 2: _SKR (350)
*** ANTE/BLINDS ***
Lychh posts small blind 15
_SKR posts big blind 30
Dealt to _SKR [4d As]
*** PRE-FLOP *** 
Lychh raises 30 to 60
_SKR raises 290 to 350 and is all-in
Lychh folds
_SKR collected 410 from pot
*** SUMMARY ***
Total pot 410 | No rake
Seat 2: _SKR (big blind) won 410


Winamax Poker - Tournament "Expresso Nitro" buyIn: 0.93€ + 0.07€ level: 2 - HandId: #2654484406781083649-9-1672662814 - Holdem no limit (15/30) - 2023/01/02 12:33:34 UTC
Table: 'Expresso Nitro(618045313)#0' 3-max (real money) Seat #2 is the button
Seat 1: Lychh (490)
Seat 2: _SKR (410)
*** ANTE/BLINDS ***
_SKR posts small blind 15
Lychh posts big blind 30
Dealt to _SKR [Ac 9c]
*** PRE-FLOP *** 
_SKR raises 380 to 410 and is all-in
Lychh folds
_SKR collected 440 from pot
*** SUMMARY ***
Total pot 440 | No rake
Seat 2: _SKR (small blind) (button) won 440


Winamax Poker - Tournament "Expresso Nitro" buyIn: 0.93€ + 0.07€ level: 3 - HandId: #2654484406781083649-10-1672662819 - Holdem no limit (20/40) - 2023/01/02 12:33:39 UTC
Table: 'Expresso Nitro(618045313)#0' 3-max (real money) Seat #1 is the button
Seat 1: Lychh (460)
Seat 2: _SKR (440)
*** ANTE/BLINDS ***
Lychh posts small blind 20
_SKR posts big blind 40
Dealt to _SKR [Qh 2d]
*** PRE-FLOP *** 
Lychh raises 420 to 460 and is all-in
_SKR calls 400 and is all-in
*** FLOP *** [9s 9d Qd]
*** TURN *** [9s 9d Qd][5d]
*** RIVER *** [9s 9d Qd 5d][Js]
*** SHOW DOWN ***
Lychh shows [3s Kd] (One pair : 9)
_SKR shows [Qh 2d] (Two pairs : Queens and 9)
_SKR collected 880 from main pot
Lychh collected 20 from side pot 1
*** SUMMARY ***
Total pot 900 | No rake
Board: [9s 9d Qd 5d Js]
Seat 1: Lychh (small blind) (button) showed [3s Kd] and won 20 with One pair : 9
Seat 2: _SKR (big blind) showed [Qh 2d] and won 880 with Two pairs : Queens and 9


Winamax Poker - Tournament "Expresso Nitro" buyIn: 0.93€ + 0.07€ level: 3 - HandId: #2654484406781083649-11-1672662831 - Holdem no limit (20/40) - 2023/01/02 12:33:51 UTC
Table: 'Expresso Nitro(618045313)#0' 3-max (real money) Seat #2 is the button
Seat 1: Lychh (20)
Seat 2: _SKR (880)
*** ANTE/BLINDS ***
_SKR posts small blind 20
Lychh posts big blind 20 and is all-in
Dealt to _SKR [Qc Qd]
*** PRE-FLOP *** 
*** FLOP *** [Td Ks 4c]
*** TURN *** [Td Ks 4c][5h]
*** RIVER *** [Td Ks 4c 5h][Kd]
*** SHOW DOWN ***
Lychh shows [Jd 6d] (One pair : Kings)
_SKR shows [Qc Qd] (Two pairs : Kings and Queens)
_SKR collected 40 from pot
*** SUMMARY ***
Total pot 40 | No rake
Board: [Td Ks 4c 5h Kd]
Seat 1: Lychh (big blind) showed [Jd 6d] and lost with One pair : Kings
Seat 2: _SKR (small blind) (button) showed [Qc Qd] and won 40 with Two pairs : Kings and Queens


