Winamax Poker - Tournament "Expresso Nitro" buyIn: 0.93€ + 0.07€ level: 1 - HandId: #2671058943274385409-1-1673529016 - Holdem no limit (10/20) - 2023/01/12 13:10:16 UTC
Table: 'Expresso Nitro(621904373)#0' 3-max (real money) Seat #1 is the button
Seat 1: lmcorp (300)
Seat 2: _SKR (300)
Seat 3: Cedric779447 (300)
*** ANTE/BLINDS ***
_SKR posts small blind 10
Cedric779447 posts big blind 20
Dealt to _SKR [Qc 5c]
*** PRE-FLOP *** 
lmcorp folds
_SKR raises 20 to 40
Cedric779447 calls 20
*** FLOP *** [Th 4h Jc]
_SKR checks
Cedric779447 checks
*** TURN *** [Th 4h Jc][Ac]
_SKR bets 40
Cedric779447 folds
_SKR collected 120 from pot
*** SUMMARY ***
Total pot 120 | No rake
Board: [Th 4h Jc Ac]
Seat 2: _SKR (small blind) won 120


Winamax Poker - Tournament "Expresso Nitro" buyIn: 0.93€ + 0.07€ level: 1 - HandId: #2671058943274385409-2-1673529034 - Holdem no limit (10/20) - 2023/01/12 13:10:34 UTC
Table: 'Expresso Nitro(621904373)#0' 3-max (real money) Seat #2 is the button
Seat 1: lmcorp (300)
Seat 2: _SKR (340)
Seat 3: Cedric779447 (260)
*** ANTE/BLINDS ***
Cedric779447 posts small blind 10
lmcorp posts big blind 20
Dealt to _SKR [Qs Kh]
*** PRE-FLOP *** 
_SKR raises 20 to 40
Cedric779447 folds
lmcorp folds
_SKR collected 70 from pot
*** SUMMARY ***
Total pot 70 | No rake
Seat 2: _SKR (button) won 70


Winamax Poker - Tournament "Expresso Nitro" buyIn: 0.93€ + 0.07€ level: 1 - HandId: #2671058943274385409-3-1673529042 - Holdem no limit (10/20) - 2023/01/12 13:10:42 UTC
Table: 'Expresso Nitro(621904373)#0' 3-max (real money) Seat #3 is the button
Seat 1: lmcorp (280)
Seat 2: _SKR (370)
Seat 3: Cedric779447 (250)
*** ANTE/BLINDS ***
lmcorp posts small blind 10
_SKR posts big blind 20
Dealt to _SKR [9s 4s]
*** PRE-FLOP *** 
Cedric779447 folds
lmcorp folds
_SKR collected 30 from pot
*** SUMMARY ***
Total pot 30 | No rake
Seat 2: _SKR (big blind) won 30


Winamax Poker - Tournament "Expresso Nitro" buyIn: 0.93€ + 0.07€ level: 1 - HandId: #2671058943274385409-4-1673529046 - Holdem no limit (10/20) - 2023/01/12 13:10:46 UTC
Table: 'Expresso Nitro(621904373)#0' 3-max (real money) Seat #1 is the button
Seat 1: lmcorp (270)
Seat 2: _SKR (380)
Seat 3: Cedric779447 (250)
*** ANTE/BLINDS ***
_SKR posts small blind 10
Cedric779447 posts big blind 20
Dealt to _SKR [5c 7s]
*** PRE-FLOP *** 
lmcorp folds
_SKR folds
Cedric779447 collected 30 from pot
*** SUMMARY ***
Total pot 30 | No rake
Seat 3: Cedric779447 (big blind) won 30


Winamax Poker - Tournament "Expresso Nitro" buyIn: 0.93€ + 0.07€ level: 1 - HandId: #2671058943274385409-5-1673529053 - Holdem no limit (10/20) - 2023/01/12 13:10:53 UTC
Table: 'Expresso Nitro(621904373)#0' 3-max (real money) Seat #2 is the button
Seat 1: lmcorp (270)
Seat 2: _SKR (370)
Seat 3: Cedric779447 (260)
*** ANTE/BLINDS ***
Cedric779447 posts small blind 10
lmcorp posts big blind 20
Dealt to _SKR [Jh 2s]
*** PRE-FLOP *** 
_SKR folds
Cedric779447 calls 10
lmcorp checks
*** FLOP *** [6h Ad Ts]
Cedric779447 checks
lmcorp checks
*** TURN *** [6h Ad Ts][Td]
Cedric779447 checks
lmcorp checks
*** RIVER *** [6h Ad Ts Td][Ks]
Cedric779447 checks
lmcorp checks
*** SHOW DOWN ***
lmcorp shows [4c 3d] (One pair : Tens)
Cedric779447 shows [4d 3s] (One pair : Tens)
Cedric779447 collected 20 from pot
lmcorp collected 20 from pot
*** SUMMARY ***
Total pot 40 | No rake
Board: [6h Ad Ts Td Ks]
Seat 1: lmcorp (big blind) showed [4c 3d] and won 20 with One pair : Tens
Seat 3: Cedric779447 (small blind) showed [4d 3s] and won 20 with One pair : Tens


Winamax Poker - Tournament "Expresso Nitro" buyIn: 0.93€ + 0.07€ level: 2 - HandId: #2671058943274385409-6-1673529077 - Holdem no limit (15/30) - 2023/01/12 13:11:17 UTC
Table: 'Expresso Nitro(621904373)#0' 3-max (real money) Seat #3 is the button
Seat 1: lmcorp (270)
Seat 2: _SKR (370)
Seat 3: Cedric779447 (260)
*** ANTE/BLINDS ***
lmcorp posts small blind 15
_SKR posts big blind 30
Dealt to _SKR [Jc As]
*** PRE-FLOP *** 
Cedric779447 calls 30
lmcorp folds
_SKR raises 340 to 370 and is all-in
Cedric779447 calls 230 and is all-in
*** FLOP *** [4d Jd Kd]
*** TURN *** [4d Jd Kd][Th]
*** RIVER *** [4d Jd Kd Th][5d]
*** SHOW DOWN ***
Cedric779447 shows [3c Qc] (High card : King)
_SKR shows [Jc As] (One pair : Jacks)
_SKR collected 645 from pot
*** SUMMARY ***
Total pot 645 | No rake
Board: [4d Jd Kd Th 5d]
Seat 2: _SKR (big blind) showed [Jc As] and won 645 with One pair : Jacks
Seat 3: Cedric779447 (button) showed [3c Qc] and lost with High card : King


Winamax Poker - Tournament "Expresso Nitro" buyIn: 0.93€ + 0.07€ level: 2 - HandId: #2671058943274385409-7-1673529096 - Holdem no limit (15/30) - 2023/01/12 13:11:36 UTC
Table: 'Expresso Nitro(621904373)#0' 3-max (real money) Seat #2 is the button
Seat 1: lmcorp (255)
Seat 2: _SKR (645)
*** ANTE/BLINDS ***
_SKR posts small blind 15
lmcorp posts big blind 30
Dealt to _SKR [Qd As]
*** PRE-FLOP *** 
_SKR raises 615 to 645 and is all-in
lmcorp calls 225 and is all-in
*** FLOP *** [6d 5h 8c]
*** TURN *** [6d 5h 8c][9h]
*** RIVER *** [6d 5h 8c 9h][4d]
*** SHOW DOWN ***
lmcorp shows [Tc Th] (One pair : Tens)
_SKR shows [Qd As] (High card : Ace)
_SKR collected 390 from side pot 1
lmcorp collected 510 from main pot
*** SUMMARY ***
Total pot 900 | No rake
Board: [6d 5h 8c 9h 4d]
Seat 1: lmcorp (big blind) showed [Tc Th] and won 510 with One pair : Tens
Seat 2: _SKR (small blind) (button) showed [Qd As] and won 390 with High card : Ace


Winamax Poker - Tournament "Expresso Nitro" buyIn: 0.93€ + 0.07€ level: 2 - HandId: #2671058943274385409-8-1673529109 - Holdem no limit (15/30) - 2023/01/12 13:11:49 UTC
Table: 'Expresso Nitro(621904373)#0' 3-max (real money) Seat #1 is the button
Seat 1: lmcorp (510)
Seat 2: _SKR (390)
*** ANTE/BLINDS ***
lmcorp posts small blind 15
_SKR posts big blind 30
Dealt to _SKR [8d Js]
*** PRE-FLOP *** 
lmcorp raises 480 to 510 and is all-in
_SKR folds
lmcorp collected 540 from pot
*** SUMMARY ***
Total pot 540 | No rake
Seat 1: lmcorp (small blind) (button) won 540


Winamax Poker - Tournament "Expresso Nitro" buyIn: 0.93€ + 0.07€ level: 2 - HandId: #2671058943274385409-9-1673529117 - Holdem no limit (15/30) - 2023/01/12 13:11:57 UTC
Table: 'Expresso Nitro(621904373)#0' 3-max (real money) Seat #2 is the button
Seat 1: lmcorp (540)
Seat 2: _SKR (360)
*** ANTE/BLINDS ***
_SKR posts small blind 15
lmcorp posts big blind 30
Dealt to _SKR [3h As]
*** PRE-FLOP *** 
_SKR raises 330 to 360 and is all-in
lmcorp calls 330
*** FLOP *** [6h 8h 2s]
*** TURN *** [6h 8h 2s][Ks]
*** RIVER *** [6h 8h 2s Ks][5s]
*** SHOW DOWN ***
_SKR shows [3h As] (High card : Ace)
lmcorp shows [Ah 5h] (One pair : 5)
lmcorp collected 720 from pot
*** SUMMARY ***
Total pot 720 | No rake
Board: [6h 8h 2s Ks 5s]
Seat 1: lmcorp (big blind) showed [Ah 5h] and won 720 with One pair : 5
Seat 2: _SKR (small blind) (button) showed [3h As] and lost with High card : Ace


