Winamax Poker - Tournament "Expresso Nitro" buyIn: 1.86€ + 0.14€ level: 1 - HandId: #2698118615923687425-1-1675181520 - Holdem no limit (10/20) - 2023/01/31 16:12:00 UTC
Table: 'Expresso Nitro(628204694)#0' 3-max (real money) Seat #1 is the button
Seat 1: _SKR (300)
Seat 2: avrillas91 (300)
Seat 3: Lenaaab (300)
*** ANTE/BLINDS ***
avrillas91 posts small blind 10
Lenaaab posts big blind 20
Dealt to _SKR [4c Qc]
*** PRE-FLOP *** 
_SKR folds
avrillas91 folds
Lenaaab collected 30 from pot
*** SUMMARY ***
Total pot 30 | No rake
Seat 3: Lenaaab (big blind) won 30


Winamax Poker - Tournament "Expresso Nitro" buyIn: 1.86€ + 0.14€ level: 1 - HandId: #2698118615923687425-2-1675181526 - Holdem no limit (10/20) - 2023/01/31 16:12:06 UTC
Table: 'Expresso Nitro(628204694)#0' 3-max (real money) Seat #2 is the button
Seat 1: _SKR (300)
Seat 2: avrillas91 (290)
Seat 3: Lenaaab (310)
*** ANTE/BLINDS ***
Lenaaab posts small blind 10
_SKR posts big blind 20
Dealt to _SKR [8c Jd]
*** PRE-FLOP *** 
avrillas91 folds
Lenaaab raises 290 to 310 and is all-in
_SKR folds
Lenaaab collected 330 from pot
*** SUMMARY ***
Total pot 330 | No rake
Seat 3: Lenaaab (small blind) won 330


Winamax Poker - Tournament "Expresso Nitro" buyIn: 1.86€ + 0.14€ level: 1 - HandId: #2698118615923687425-3-1675181536 - Holdem no limit (10/20) - 2023/01/31 16:12:16 UTC
Table: 'Expresso Nitro(628204694)#0' 3-max (real money) Seat #3 is the button
Seat 1: _SKR (280)
Seat 2: avrillas91 (290)
Seat 3: Lenaaab (330)
*** ANTE/BLINDS ***
_SKR posts small blind 10
avrillas91 posts big blind 20
Dealt to _SKR [4h 7s]
*** PRE-FLOP *** 
Lenaaab folds
_SKR folds
avrillas91 collected 30 from pot
*** SUMMARY ***
Total pot 30 | No rake
Seat 2: avrillas91 (big blind) won 30


Winamax Poker - Tournament "Expresso Nitro" buyIn: 1.86€ + 0.14€ level: 1 - HandId: #2698118615923687425-4-1675181544 - Holdem no limit (10/20) - 2023/01/31 16:12:24 UTC
Table: 'Expresso Nitro(628204694)#0' 3-max (real money) Seat #1 is the button
Seat 1: _SKR (270)
Seat 2: avrillas91 (300)
Seat 3: Lenaaab (330)
*** ANTE/BLINDS ***
avrillas91 posts small blind 10
Lenaaab posts big blind 20
Dealt to _SKR [4c 4d]
*** PRE-FLOP *** 
_SKR raises 250 to 270 and is all-in
avrillas91 raises 30 to 300 and is all-in
Lenaaab folds
*** FLOP *** [7c 2c 3d]
*** TURN *** [7c 2c 3d][Ad]
*** RIVER *** [7c 2c 3d Ad][Kc]
*** SHOW DOWN ***
_SKR shows [4c 4d] (One pair : 4)
avrillas91 shows [3c 3s] (Trips of 3)
avrillas91 collected 590 from pot
*** SUMMARY ***
Total pot 590 | No rake
Board: [7c 2c 3d Ad Kc]
Seat 1: _SKR (button) showed [4c 4d] and lost with One pair : 4
Seat 2: avrillas91 (small blind) showed [3c 3s] and won 590 with Trips of 3


