Winamax Poker - Tournament "Expresso Nitro" buyIn: 0.93€ + 0.07€ level: 1 - HandId: #2729598643144228865-1-1676921451 - Holdem no limit (10/20) - 2023/02/20 19:30:51 UTC
Table: 'Expresso Nitro(635534209)#0' 3-max (real money) Seat #2 is the button
Seat 1: _SKR (300)
Seat 2: lolympienM (300)
Seat 3: Stefano38100 (300)
*** ANTE/BLINDS ***
Stefano38100 posts small blind 10
_SKR posts big blind 20
Dealt to _SKR [Ad 9s]
*** PRE-FLOP *** 
lolympienM calls 20
Stefano38100 calls 10
_SKR raises 280 to 300 and is all-in
lolympienM calls 280 and is all-in
Stefano38100 folds
*** FLOP *** [As 9d 8c]
*** TURN *** [As 9d 8c][7s]
*** RIVER *** [As 9d 8c 7s][4h]
*** SHOW DOWN ***
lolympienM shows [6d 7d] (One pair : 7)
_SKR shows [Ad 9s] (Two pairs : Aces and 9)
_SKR collected 620 from pot
*** SUMMARY ***
Total pot 620 | No rake
Board: [As 9d 8c 7s 4h]
Seat 1: _SKR (big blind) showed [Ad 9s] and won 620 with Two pairs : Aces and 9
Seat 2: lolympienM (button) showed [6d 7d] and lost with One pair : 7


Winamax Poker - Tournament "Expresso Nitro" buyIn: 0.93€ + 0.07€ level: 1 - HandId: #2729598643144228865-2-1676921477 - Holdem no limit (10/20) - 2023/02/20 19:31:17 UTC
Table: 'Expresso Nitro(635534209)#0' 3-max (real money) Seat #1 is the button
Seat 1: _SKR (620)
Seat 3: Stefano38100 (280)
*** ANTE/BLINDS ***
_SKR posts small blind 10
Stefano38100 posts big blind 20
Dealt to _SKR [4d 2s]
*** PRE-FLOP *** 
_SKR folds
Stefano38100 collected 30 from pot
*** SUMMARY ***
Total pot 30 | No rake
Seat 3: Stefano38100 (big blind) won 30


Winamax Poker - Tournament "Expresso Nitro" buyIn: 0.93€ + 0.07€ level: 1 - HandId: #2729598643144228865-3-1676921484 - Holdem no limit (10/20) - 2023/02/20 19:31:24 UTC
Table: 'Expresso Nitro(635534209)#0' 3-max (real money) Seat #3 is the button
Seat 1: _SKR (610)
Seat 3: Stefano38100 (290)
*** ANTE/BLINDS ***
Stefano38100 posts small blind 10
_SKR posts big blind 20
Dealt to _SKR [As 2c]
*** PRE-FLOP *** 
Stefano38100 raises 92 to 112
_SKR folds
Stefano38100 collected 132 from pot
*** SUMMARY ***
Total pot 132 | No rake
Seat 3: Stefano38100 (small blind) (button) won 132


Winamax Poker - Tournament "Expresso Nitro" buyIn: 0.93€ + 0.07€ level: 2 - HandId: #2729598643144228865-4-1676921508 - Holdem no limit (15/30) - 2023/02/20 19:31:48 UTC
Table: 'Expresso Nitro(635534209)#0' 3-max (real money) Seat #1 is the button
Seat 1: _SKR (590)
Seat 3: Stefano38100 (310)
*** ANTE/BLINDS ***
_SKR posts small blind 15
Stefano38100 posts big blind 30
Dealt to _SKR [7h 5h]
*** PRE-FLOP *** 
_SKR folds
Stefano38100 collected 45 from pot
*** SUMMARY ***
Total pot 45 | No rake
Seat 3: Stefano38100 (big blind) won 45


Winamax Poker - Tournament "Expresso Nitro" buyIn: 0.93€ + 0.07€ level: 2 - HandId: #2729598643144228865-5-1676921518 - Holdem no limit (15/30) - 2023/02/20 19:31:58 UTC
Table: 'Expresso Nitro(635534209)#0' 3-max (real money) Seat #3 is the button
Seat 1: _SKR (575)
Seat 3: Stefano38100 (325)
*** ANTE/BLINDS ***
Stefano38100 posts small blind 15
_SKR posts big blind 30
Dealt to _SKR [Qd Kd]
*** PRE-FLOP *** 
Stefano38100 raises 172 to 202
_SKR raises 373 to 575 and is all-in
Stefano38100 calls 123 and is all-in
*** FLOP *** [4d 2c 9d]
*** TURN *** [4d 2c 9d][3s]
*** RIVER *** [4d 2c 9d 3s][8s]
*** SHOW DOWN ***
_SKR shows [Qd Kd] (High card : King)
Stefano38100 shows [Jd As] (High card : Ace)
Stefano38100 collected 650 from main pot
_SKR collected 250 from side pot 1
*** SUMMARY ***
Total pot 900 | No rake
Board: [4d 2c 9d 3s 8s]
Seat 1: _SKR (big blind) showed [Qd Kd] and won 250 with High card : King
Seat 3: Stefano38100 (small blind) (button) showed [Jd As] and won 650 with High card : Ace


Winamax Poker - Tournament "Expresso Nitro" buyIn: 0.93€ + 0.07€ level: 2 - HandId: #2729598643144228865-6-1676921544 - Holdem no limit (15/30) - 2023/02/20 19:32:24 UTC
Table: 'Expresso Nitro(635534209)#0' 3-max (real money) Seat #1 is the button
Seat 1: _SKR (250)
Seat 3: Stefano38100 (650)
*** ANTE/BLINDS ***
_SKR posts small blind 15
Stefano38100 posts big blind 30
Dealt to _SKR [2s Jh]
*** PRE-FLOP *** 
_SKR folds
Stefano38100 shows [5d 8s] (High card : 8)
Stefano38100 collected 45 from pot
*** SUMMARY ***
Total pot 45 | No rake
Seat 3: Stefano38100 (big blind) showed [5d 8s] and won 45 with High card : 8


Winamax Poker - Tournament "Expresso Nitro" buyIn: 0.93€ + 0.07€ level: 2 - HandId: #2729598643144228865-7-1676921550 - Holdem no limit (15/30) - 2023/02/20 19:32:30 UTC
Table: 'Expresso Nitro(635534209)#0' 3-max (real money) Seat #3 is the button
Seat 1: _SKR (235)
Seat 3: Stefano38100 (665)
*** ANTE/BLINDS ***
Stefano38100 posts small blind 15
_SKR posts big blind 30
Dealt to _SKR [9s 9d]
*** PRE-FLOP *** 
Stefano38100 raises 635 to 665 and is all-in
_SKR calls 205 and is all-in
*** FLOP *** [2c Jc 5s]
*** TURN *** [2c Jc 5s][Qd]
*** RIVER *** [2c Jc 5s Qd][7h]
*** SHOW DOWN ***
_SKR shows [9s 9d] (One pair : 9)
Stefano38100 shows [6d Kd] (High card : King)
Stefano38100 collected 430 from side pot 1
_SKR collected 470 from main pot
*** SUMMARY ***
Total pot 900 | No rake
Board: [2c Jc 5s Qd 7h]
Seat 1: _SKR (big blind) showed [9s 9d] and won 470 with One pair : 9
Seat 3: Stefano38100 (small blind) (button) showed [6d Kd] and won 430 with High card : King


Winamax Poker - Tournament "Expresso Nitro" buyIn: 0.93€ + 0.07€ level: 2 - HandId: #2729598643144228865-8-1676921562 - Holdem no limit (15/30) - 2023/02/20 19:32:42 UTC
Table: 'Expresso Nitro(635534209)#0' 3-max (real money) Seat #1 is the button
Seat 1: _SKR (470)
Seat 3: Stefano38100 (430)
*** ANTE/BLINDS ***
_SKR posts small blind 15
Stefano38100 posts big blind 30
Dealt to _SKR [2h 8d]
*** PRE-FLOP *** 
_SKR folds
Stefano38100 collected 45 from pot
*** SUMMARY ***
Total pot 45 | No rake
Seat 3: Stefano38100 (big blind) won 45


Winamax Poker - Tournament "Expresso Nitro" buyIn: 0.93€ + 0.07€ level: 3 - HandId: #2729598643144228865-9-1676921568 - Holdem no limit (20/40) - 2023/02/20 19:32:48 UTC
Table: 'Expresso Nitro(635534209)#0' 3-max (real money) Seat #3 is the button
Seat 1: _SKR (455)
Seat 3: Stefano38100 (445)
*** ANTE/BLINDS ***
Stefano38100 posts small blind 20
_SKR posts big blind 40
Dealt to _SKR [7h As]
*** PRE-FLOP *** 
Stefano38100 raises 405 to 445 and is all-in
_SKR raises 10 to 455 and is all-in
*** FLOP *** [2d Ac Qh]
*** TURN *** [2d Ac Qh][8c]
*** RIVER *** [2d Ac Qh 8c][Tc]
*** SHOW DOWN ***
Stefano38100 shows [Kc 9h] (High card : Ace)
_SKR shows [7h As] (One pair : Aces)
_SKR collected 900 from pot
*** SUMMARY ***
Total pot 900 | No rake
Board: [2d Ac Qh 8c Tc]
Seat 1: _SKR (big blind) showed [7h As] and won 900 with One pair : Aces
Seat 3: Stefano38100 (small blind) (button) showed [Kc 9h] and lost with High card : Ace


