Winamax Poker - Tournament "Expresso Nitro" buyIn: 0.93€ + 0.07€ level: 1 - HandId: #2729584061730258945-1-1676920981 - Holdem no limit (10/20) - 2023/02/20 19:23:01 UTC
Table: 'Expresso Nitro(635530814)#0' 3-max (real money) Seat #2 is the button
Seat 1: Cassano999 (300)
Seat 2: _SKR (300)
Seat 3: Asadito (300)
*** ANTE/BLINDS ***
Asadito posts small blind 10
Cassano999 posts big blind 20
Dealt to _SKR [8s 7h]
*** PRE-FLOP *** 
_SKR folds
Asadito calls 10
Cassano999 raises 280 to 300 and is all-in
Asadito calls 280 and is all-in
*** FLOP *** [8h 8d 5c]
*** TURN *** [8h 8d 5c][As]
*** RIVER *** [8h 8d 5c As][Qd]
*** SHOW DOWN ***
Cassano999 shows [6h Ks] (One pair : 8)
Asadito shows [Ac 2h] (Two pairs : Aces and 8)
Asadito collected 600 from pot
*** SUMMARY ***
Total pot 600 | No rake
Board: [8h 8d 5c As Qd]
Seat 1: Cassano999 (big blind) showed [6h Ks] and lost with One pair : 8
Seat 3: Asadito (small blind) showed [Ac 2h] and won 600 with Two pairs : Aces and 8


Winamax Poker - Tournament "Expresso Nitro" buyIn: 0.93€ + 0.07€ level: 1 - HandId: #2729584061730258945-2-1676921005 - Holdem no limit (10/20) - 2023/02/20 19:23:25 UTC
Table: 'Expresso Nitro(635530814)#0' 3-max (real money) Seat #2 is the button
Seat 2: _SKR (300)
Seat 3: Asadito (600)
*** ANTE/BLINDS ***
_SKR posts small blind 10
Asadito posts big blind 20
Dealt to _SKR [7c 3s]
*** PRE-FLOP *** 
_SKR folds
Asadito shows [Ah Kh] (High card : Ace)
Asadito collected 30 from pot
*** SUMMARY ***
Total pot 30 | No rake
Seat 3: Asadito (big blind) showed [Ah Kh] and won 30 with High card : Ace


Winamax Poker - Tournament "Expresso Nitro" buyIn: 0.93€ + 0.07€ level: 1 - HandId: #2729584061730258945-3-1676921010 - Holdem no limit (10/20) - 2023/02/20 19:23:30 UTC
Table: 'Expresso Nitro(635530814)#0' 3-max (real money) Seat #3 is the button
Seat 2: _SKR (290)
Seat 3: Asadito (610)
*** ANTE/BLINDS ***
Asadito posts small blind 10
_SKR posts big blind 20
Dealt to _SKR [9d 4s]
*** PRE-FLOP *** 
Asadito raises 40 to 60
_SKR folds
Asadito shows [Ks As] (High card : Ace)
Asadito collected 80 from pot
*** SUMMARY ***
Total pot 80 | No rake
Seat 3: Asadito (small blind) (button) showed [Ks As] and won 80 with High card : Ace


Winamax Poker - Tournament "Expresso Nitro" buyIn: 0.93€ + 0.07€ level: 1 - HandId: #2729584061730258945-4-1676921016 - Holdem no limit (10/20) - 2023/02/20 19:23:36 UTC
Table: 'Expresso Nitro(635530814)#0' 3-max (real money) Seat #2 is the button
Seat 2: _SKR (270)
Seat 3: Asadito (630)
*** ANTE/BLINDS ***
_SKR posts small blind 10
Asadito posts big blind 20
Dealt to _SKR [Qc 5s]
*** PRE-FLOP *** 
_SKR folds
Asadito shows [7d 9c] (High card : 9)
Asadito collected 30 from pot
*** SUMMARY ***
Total pot 30 | No rake
Seat 3: Asadito (big blind) showed [7d 9c] and won 30 with High card : 9


Winamax Poker - Tournament "Expresso Nitro" buyIn: 0.93€ + 0.07€ level: 1 - HandId: #2729584061730258945-5-1676921022 - Holdem no limit (10/20) - 2023/02/20 19:23:42 UTC
Table: 'Expresso Nitro(635530814)#0' 3-max (real money) Seat #3 is the button
Seat 2: _SKR (260)
Seat 3: Asadito (640)
*** ANTE/BLINDS ***
Asadito posts small blind 10
_SKR posts big blind 20
Dealt to _SKR [7s 2s]
*** PRE-FLOP *** 
Asadito raises 620 to 640 and is all-in
_SKR folds
Asadito collected 660 from pot
*** SUMMARY ***
Total pot 660 | No rake
Seat 3: Asadito (small blind) (button) won 660


Winamax Poker - Tournament "Expresso Nitro" buyIn: 0.93€ + 0.07€ level: 2 - HandId: #2729584061730258945-6-1676921038 - Holdem no limit (15/30) - 2023/02/20 19:23:58 UTC
Table: 'Expresso Nitro(635530814)#0' 3-max (real money) Seat #2 is the button
Seat 2: _SKR (240)
Seat 3: Asadito (660)
*** ANTE/BLINDS ***
_SKR posts small blind 15
Asadito posts big blind 30
Dealt to _SKR [Ac 3h]
*** PRE-FLOP *** 
_SKR raises 210 to 240 and is all-in
Asadito folds
_SKR collected 270 from pot
*** SUMMARY ***
Total pot 270 | No rake
Seat 2: _SKR (small blind) (button) won 270


Winamax Poker - Tournament "Expresso Nitro" buyIn: 0.93€ + 0.07€ level: 2 - HandId: #2729584061730258945-7-1676921045 - Holdem no limit (15/30) - 2023/02/20 19:24:05 UTC
Table: 'Expresso Nitro(635530814)#0' 3-max (real money) Seat #3 is the button
Seat 2: _SKR (270)
Seat 3: Asadito (630)
*** ANTE/BLINDS ***
Asadito posts small blind 15
_SKR posts big blind 30
Dealt to _SKR [Kc 8h]
*** PRE-FLOP *** 
Asadito raises 30 to 60
_SKR raises 210 to 270 and is all-in
Asadito raises 360 to 630 and is all-in
*** FLOP *** [3d 4s 7c]
*** TURN *** [3d 4s 7c][Js]
*** RIVER *** [3d 4s 7c Js][6d]
*** SHOW DOWN ***
_SKR shows [Kc 8h] (High card : King)
Asadito shows [Qc Ad] (High card : Ace)
Asadito collected 900 from pot
*** SUMMARY ***
Total pot 900 | No rake
Board: [3d 4s 7c Js 6d]
Seat 2: _SKR (big blind) showed [Kc 8h] and lost with High card : King
Seat 3: Asadito (small blind) (button) showed [Qc Ad] and won 900 with High card : Ace


