Winamax Poker - Tournament "Expresso Nitro" buyIn: 0.93€ + 0.07€ level: 1 - HandId: #2717225636933402625-1-1676212776 - Holdem no limit (10/20) - 2023/02/12 14:39:36 UTC
Table: 'Expresso Nitro(632653394)#0' 3-max (real money) Seat #3 is the button
Seat 1: _SKR (300)
Seat 2: Linspecteur7 (300)
Seat 3: Oldnicktam (300)
*** ANTE/BLINDS ***
_SKR posts small blind 10
Linspecteur7 posts big blind 20
Dealt to _SKR [3s 8d]
*** PRE-FLOP *** 
Oldnicktam folds
_SKR folds
Linspecteur7 collected 30 from pot
*** SUMMARY ***
Total pot 30 | No rake
Seat 2: Linspecteur7 (big blind) won 30


Winamax Poker - Tournament "Expresso Nitro" buyIn: 0.93€ + 0.07€ level: 1 - HandId: #2717225636933402625-2-1676212782 - Holdem no limit (10/20) - 2023/02/12 14:39:42 UTC
Table: 'Expresso Nitro(632653394)#0' 3-max (real money) Seat #1 is the button
Seat 1: _SKR (290)
Seat 2: Linspecteur7 (310)
Seat 3: Oldnicktam (300)
*** ANTE/BLINDS ***
Linspecteur7 posts small blind 10
Oldnicktam posts big blind 20
Dealt to _SKR [6d 8c]
*** PRE-FLOP *** 
_SKR folds
Linspecteur7 calls 10
Oldnicktam raises 40 to 60
Linspecteur7 folds
Oldnicktam collected 80 from pot
*** SUMMARY ***
Total pot 80 | No rake
Seat 3: Oldnicktam (big blind) won 80


Winamax Poker - Tournament "Expresso Nitro" buyIn: 0.93€ + 0.07€ level: 1 - HandId: #2717225636933402625-3-1676212791 - Holdem no limit (10/20) - 2023/02/12 14:39:51 UTC
Table: 'Expresso Nitro(632653394)#0' 3-max (real money) Seat #2 is the button
Seat 1: _SKR (290)
Seat 2: Linspecteur7 (290)
Seat 3: Oldnicktam (320)
*** ANTE/BLINDS ***
Oldnicktam posts small blind 10
_SKR posts big blind 20
Dealt to _SKR [2s Ts]
*** PRE-FLOP *** 
Linspecteur7 raises 30 to 50
Oldnicktam folds
_SKR folds
Linspecteur7 collected 80 from pot
*** SUMMARY ***
Total pot 80 | No rake
Seat 2: Linspecteur7 (button) won 80


Winamax Poker - Tournament "Expresso Nitro" buyIn: 0.93€ + 0.07€ level: 1 - HandId: #2717225636933402625-4-1676212797 - Holdem no limit (10/20) - 2023/02/12 14:39:57 UTC
Table: 'Expresso Nitro(632653394)#0' 3-max (real money) Seat #3 is the button
Seat 1: _SKR (270)
Seat 2: Linspecteur7 (320)
Seat 3: Oldnicktam (310)
*** ANTE/BLINDS ***
_SKR posts small blind 10
Linspecteur7 posts big blind 20
Dealt to _SKR [Ah Td]
*** PRE-FLOP *** 
Oldnicktam folds
_SKR raises 250 to 270 and is all-in
Linspecteur7 folds
_SKR collected 290 from pot
*** SUMMARY ***
Total pot 290 | No rake
Seat 1: _SKR (small blind) won 290


Winamax Poker - Tournament "Expresso Nitro" buyIn: 0.93€ + 0.07€ level: 1 - HandId: #2717225636933402625-5-1676212804 - Holdem no limit (10/20) - 2023/02/12 14:40:04 UTC
Table: 'Expresso Nitro(632653394)#0' 3-max (real money) Seat #1 is the button
Seat 1: _SKR (290)
Seat 2: Linspecteur7 (300)
Seat 3: Oldnicktam (310)
*** ANTE/BLINDS ***
Linspecteur7 posts small blind 10
Oldnicktam posts big blind 20
Dealt to _SKR [Ah 9d]
*** PRE-FLOP *** 
_SKR raises 270 to 290 and is all-in
Linspecteur7 folds
Oldnicktam calls 270
*** FLOP *** [5h Qd 5c]
*** TURN *** [5h Qd 5c][2s]
*** RIVER *** [5h Qd 5c 2s][6c]
*** SHOW DOWN ***
_SKR shows [Ah 9d] (One pair : 5)
Oldnicktam shows [Jc Jh] (Two pairs : Jacks and 5)
Oldnicktam collected 590 from pot
*** SUMMARY ***
Total pot 590 | No rake
Board: [5h Qd 5c 2s 6c]
Seat 1: _SKR (button) showed [Ah 9d] and lost with One pair : 5
Seat 3: Oldnicktam (big blind) showed [Jc Jh] and won 590 with Two pairs : Jacks and 5


