Winamax Poker - Tournament "Expresso Nitro" buyIn: 1.86€ + 0.14€ level: 1 - HandId: #2696498403935780865-1-1675083446 - Holdem no limit (10/20) - 2023/01/30 12:57:26 UTC
Table: 'Expresso Nitro(627827459)#0' 3-max (real money) Seat #1 is the button
Seat 1: PitchAAJr__ (300)
Seat 2: _SKR (300)
Seat 3: Manuanba56 (300)
*** ANTE/BLINDS ***
_SKR posts small blind 10
Manuanba56 posts big blind 20
Dealt to _SKR [Kh 4d]
*** PRE-FLOP *** 
PitchAAJr__ raises 30 to 50
_SKR folds
Manuanba56 calls 30
*** FLOP *** [2d 4h Js]
Manuanba56 checks
PitchAAJr__ bets 20
Manuanba56 raises 39 to 59
PitchAAJr__ raises 191 to 250 and is all-in
Manuanba56 calls 191 and is all-in
*** TURN *** [2d 4h Js][Ts]
*** RIVER *** [2d 4h Js Ts][2s]
*** SHOW DOWN ***
Manuanba56 shows [Jd 5d] (Two pairs : Jacks and 2)
PitchAAJr__ shows [Qc Jh] (Two pairs : Jacks and 2)
PitchAAJr__ collected 610 from pot
*** SUMMARY ***
Total pot 610 | No rake
Board: [2d 4h Js Ts 2s]
Seat 1: PitchAAJr__ (button) showed [Qc Jh] and won 610 with Two pairs : Jacks and 2
Seat 3: Manuanba56 (big blind) showed [Jd 5d] and lost with Two pairs : Jacks and 2


Winamax Poker - Tournament "Expresso Nitro" buyIn: 1.86€ + 0.14€ level: 1 - HandId: #2696498403935780865-2-1675083478 - Holdem no limit (10/20) - 2023/01/30 12:57:58 UTC
Table: 'Expresso Nitro(627827459)#0' 3-max (real money) Seat #1 is the button
Seat 1: PitchAAJr__ (610)
Seat 2: _SKR (290)
*** ANTE/BLINDS ***
PitchAAJr__ posts small blind 10
_SKR posts big blind 20
Dealt to _SKR [Qh 4h]
*** PRE-FLOP *** 
PitchAAJr__ raises 40 to 60
_SKR folds
PitchAAJr__ collected 80 from pot
*** SUMMARY ***
Total pot 80 | No rake
Seat 1: PitchAAJr__ (small blind) (button) won 80


Winamax Poker - Tournament "Expresso Nitro" buyIn: 1.86€ + 0.14€ level: 1 - HandId: #2696498403935780865-3-1675083489 - Holdem no limit (10/20) - 2023/01/30 12:58:09 UTC
Table: 'Expresso Nitro(627827459)#0' 3-max (real money) Seat #2 is the button
Seat 1: PitchAAJr__ (630)
Seat 2: _SKR (270)
*** ANTE/BLINDS ***
_SKR posts small blind 10
PitchAAJr__ posts big blind 20
Dealt to _SKR [5h 5c]
*** PRE-FLOP *** 
_SKR raises 250 to 270 and is all-in
PitchAAJr__ raises 360 to 630 and is all-in
*** FLOP *** [2s 7s Jh]
*** TURN *** [2s 7s Jh][Kd]
*** RIVER *** [2s 7s Jh Kd][9h]
*** SHOW DOWN ***
PitchAAJr__ shows [As 4d] (High card : Ace)
_SKR shows [5h 5c] (One pair : 5)
_SKR collected 540 from main pot
PitchAAJr__ collected 360 from side pot 1
*** SUMMARY ***
Total pot 900 | No rake
Board: [2s 7s Jh Kd 9h]
Seat 1: PitchAAJr__ (big blind) showed [As 4d] and won 360 with High card : Ace
Seat 2: _SKR (small blind) (button) showed [5h 5c] and won 540 with One pair : 5


Winamax Poker - Tournament "Expresso Nitro" buyIn: 1.86€ + 0.14€ level: 2 - HandId: #2696498403935780865-4-1675083507 - Holdem no limit (15/30) - 2023/01/30 12:58:27 UTC
Table: 'Expresso Nitro(627827459)#0' 3-max (real money) Seat #1 is the button
Seat 1: PitchAAJr__ (360)
Seat 2: _SKR (540)
*** ANTE/BLINDS ***
PitchAAJr__ posts small blind 15
_SKR posts big blind 30
Dealt to _SKR [4c 6c]
*** PRE-FLOP *** 
PitchAAJr__ folds
_SKR collected 45 from pot
*** SUMMARY ***
Total pot 45 | No rake
Seat 2: _SKR (big blind) won 45


Winamax Poker - Tournament "Expresso Nitro" buyIn: 1.86€ + 0.14€ level: 2 - HandId: #2696498403935780865-5-1675083511 - Holdem no limit (15/30) - 2023/01/30 12:58:31 UTC
Table: 'Expresso Nitro(627827459)#0' 3-max (real money) Seat #2 is the button
Seat 1: PitchAAJr__ (345)
Seat 2: _SKR (555)
*** ANTE/BLINDS ***
_SKR posts small blind 15
PitchAAJr__ posts big blind 30
Dealt to _SKR [3d 5s]
*** PRE-FLOP *** 
_SKR folds
PitchAAJr__ collected 45 from pot
*** SUMMARY ***
Total pot 45 | No rake
Seat 1: PitchAAJr__ (big blind) won 45


Winamax Poker - Tournament "Expresso Nitro" buyIn: 1.86€ + 0.14€ level: 2 - HandId: #2696498403935780865-6-1675083515 - Holdem no limit (15/30) - 2023/01/30 12:58:35 UTC
Table: 'Expresso Nitro(627827459)#0' 3-max (real money) Seat #1 is the button
Seat 1: PitchAAJr__ (360)
Seat 2: _SKR (540)
*** ANTE/BLINDS ***
PitchAAJr__ posts small blind 15
_SKR posts big blind 30
Dealt to _SKR [2h Ks]
*** PRE-FLOP *** 
PitchAAJr__ folds
_SKR collected 45 from pot
*** SUMMARY ***
Total pot 45 | No rake
Seat 2: _SKR (big blind) won 45


Winamax Poker - Tournament "Expresso Nitro" buyIn: 1.86€ + 0.14€ level: 2 - HandId: #2696498403935780865-7-1675083519 - Holdem no limit (15/30) - 2023/01/30 12:58:39 UTC
Table: 'Expresso Nitro(627827459)#0' 3-max (real money) Seat #2 is the button
Seat 1: PitchAAJr__ (345)
Seat 2: _SKR (555)
*** ANTE/BLINDS ***
_SKR posts small blind 15
PitchAAJr__ posts big blind 30
Dealt to _SKR [4s 9s]
*** PRE-FLOP *** 
_SKR folds
PitchAAJr__ collected 45 from pot
*** SUMMARY ***
Total pot 45 | No rake
Seat 1: PitchAAJr__ (big blind) won 45


Winamax Poker - Tournament "Expresso Nitro" buyIn: 1.86€ + 0.14€ level: 2 - HandId: #2696498403935780865-8-1675083523 - Holdem no limit (15/30) - 2023/01/30 12:58:43 UTC
Table: 'Expresso Nitro(627827459)#0' 3-max (real money) Seat #1 is the button
Seat 1: PitchAAJr__ (360)
Seat 2: _SKR (540)
*** ANTE/BLINDS ***
PitchAAJr__ posts small blind 15
_SKR posts big blind 30
Dealt to _SKR [3c Th]
*** PRE-FLOP *** 
PitchAAJr__ folds
_SKR collected 45 from pot
*** SUMMARY ***
Total pot 45 | No rake
Seat 2: _SKR (big blind) won 45


Winamax Poker - Tournament "Expresso Nitro" buyIn: 1.86€ + 0.14€ level: 2 - HandId: #2696498403935780865-9-1675083526 - Holdem no limit (15/30) - 2023/01/30 12:58:46 UTC
Table: 'Expresso Nitro(627827459)#0' 3-max (real money) Seat #2 is the button
Seat 1: PitchAAJr__ (345)
Seat 2: _SKR (555)
*** ANTE/BLINDS ***
_SKR posts small blind 15
PitchAAJr__ posts big blind 30
Dealt to _SKR [2c Ah]
*** PRE-FLOP *** 
_SKR raises 525 to 555 and is all-in
PitchAAJr__ folds
_SKR collected 585 from pot
*** SUMMARY ***
Total pot 585 | No rake
Seat 2: _SKR (small blind) (button) won 585


Winamax Poker - Tournament "Expresso Nitro" buyIn: 1.86€ + 0.14€ level: 2 - HandId: #2696498403935780865-10-1675083531 - Holdem no limit (15/30) - 2023/01/30 12:58:51 UTC
Table: 'Expresso Nitro(627827459)#0' 3-max (real money) Seat #1 is the button
Seat 1: PitchAAJr__ (315)
Seat 2: _SKR (585)
*** ANTE/BLINDS ***
PitchAAJr__ posts small blind 15
_SKR posts big blind 30
Dealt to _SKR [5d 7s]
*** PRE-FLOP *** 
PitchAAJr__ folds
_SKR collected 45 from pot
*** SUMMARY ***
Total pot 45 | No rake
Seat 2: _SKR (big blind) won 45


Winamax Poker - Tournament "Expresso Nitro" buyIn: 1.86€ + 0.14€ level: 2 - HandId: #2696498403935780865-11-1675083534 - Holdem no limit (15/30) - 2023/01/30 12:58:54 UTC
Table: 'Expresso Nitro(627827459)#0' 3-max (real money) Seat #2 is the button
Seat 1: PitchAAJr__ (300)
Seat 2: _SKR (600)
*** ANTE/BLINDS ***
_SKR posts small blind 15
PitchAAJr__ posts big blind 30
Dealt to _SKR [7s 9s]
*** PRE-FLOP *** 
_SKR calls 15
PitchAAJr__ checks
*** FLOP *** [5s 2c Ts]
PitchAAJr__ checks
_SKR bets 30
PitchAAJr__ calls 30
*** TURN *** [5s 2c Ts][2h]
PitchAAJr__ checks
_SKR bets 60
PitchAAJr__ calls 60
*** RIVER *** [5s 2c Ts 2h][Qh]
PitchAAJr__ bets 84
_SKR folds
PitchAAJr__ collected 324 from pot
*** SUMMARY ***
Total pot 324 | No rake
Board: [5s 2c Ts 2h Qh]
Seat 1: PitchAAJr__ (big blind) won 324


Winamax Poker - Tournament "Expresso Nitro" buyIn: 1.86€ + 0.14€ level: 2 - HandId: #2696498403935780865-12-1675083554 - Holdem no limit (15/30) - 2023/01/30 12:59:14 UTC
Table: 'Expresso Nitro(627827459)#0' 3-max (real money) Seat #1 is the button
Seat 1: PitchAAJr__ (420)
Seat 2: _SKR (480)
*** ANTE/BLINDS ***
PitchAAJr__ posts small blind 15
_SKR posts big blind 30
Dealt to _SKR [9h Qh]
*** PRE-FLOP *** 
PitchAAJr__ raises 390 to 420 and is all-in
_SKR folds
PitchAAJr__ collected 450 from pot
*** SUMMARY ***
Total pot 450 | No rake
Seat 1: PitchAAJr__ (small blind) (button) won 450


Winamax Poker - Tournament "Expresso Nitro" buyIn: 1.86€ + 0.14€ level: 2 - HandId: #2696498403935780865-13-1675083559 - Holdem no limit (15/30) - 2023/01/30 12:59:19 UTC
Table: 'Expresso Nitro(627827459)#0' 3-max (real money) Seat #2 is the button
Seat 1: PitchAAJr__ (450)
Seat 2: _SKR (450)
*** ANTE/BLINDS ***
_SKR posts small blind 15
PitchAAJr__ posts big blind 30
Dealt to _SKR [2s 7h]
*** PRE-FLOP *** 
_SKR folds
PitchAAJr__ collected 45 from pot
*** SUMMARY ***
Total pot 45 | No rake
Seat 1: PitchAAJr__ (big blind) won 45


Winamax Poker - Tournament "Expresso Nitro" buyIn: 1.86€ + 0.14€ level: 3 - HandId: #2696498403935780865-14-1675083564 - Holdem no limit (20/40) - 2023/01/30 12:59:24 UTC
Table: 'Expresso Nitro(627827459)#0' 3-max (real money) Seat #1 is the button
Seat 1: PitchAAJr__ (465)
Seat 2: _SKR (435)
*** ANTE/BLINDS ***
PitchAAJr__ posts small blind 20
_SKR posts big blind 40
Dealt to _SKR [6d Td]
*** PRE-FLOP *** 
PitchAAJr__ calls 20
_SKR checks
*** FLOP *** [8c As 5s]
_SKR checks
PitchAAJr__ checks
*** TURN *** [8c As 5s][2h]
_SKR checks
PitchAAJr__ checks
*** RIVER *** [8c As 5s 2h][Qs]
_SKR checks
PitchAAJr__ checks
*** SHOW DOWN ***
_SKR shows [6d Td] (High card : Ace)
PitchAAJr__ shows [3s Kc] (High card : Ace)
PitchAAJr__ collected 80 from pot
*** SUMMARY ***
Total pot 80 | No rake
Board: [8c As 5s 2h Qs]
Seat 1: PitchAAJr__ (small blind) (button) showed [3s Kc] and won 80 with High card : Ace
Seat 2: _SKR (big blind) showed [6d Td] and lost with High card : Ace


Winamax Poker - Tournament "Expresso Nitro" buyIn: 1.86€ + 0.14€ level: 3 - HandId: #2696498403935780865-15-1675083590 - Holdem no limit (20/40) - 2023/01/30 12:59:50 UTC
Table: 'Expresso Nitro(627827459)#0' 3-max (real money) Seat #2 is the button
Seat 1: PitchAAJr__ (505)
Seat 2: _SKR (395)
*** ANTE/BLINDS ***
_SKR posts small blind 20
PitchAAJr__ posts big blind 40
Dealt to _SKR [Kc Jh]
*** PRE-FLOP *** 
_SKR raises 355 to 395 and is all-in
PitchAAJr__ raises 110 to 505 and is all-in
*** FLOP *** [6s 5h 5c]
*** TURN *** [6s 5h 5c][9c]
*** RIVER *** [6s 5h 5c 9c][Kd]
*** SHOW DOWN ***
PitchAAJr__ shows [9d Ad] (Two pairs : 9 and 5)
_SKR shows [Kc Jh] (Two pairs : Kings and 5)
_SKR collected 790 from main pot
PitchAAJr__ collected 110 from side pot 1
*** SUMMARY ***
Total pot 900 | No rake
Board: [6s 5h 5c 9c Kd]
Seat 1: PitchAAJr__ (big blind) showed [9d Ad] and won 110 with Two pairs : 9 and 5
Seat 2: _SKR (small blind) (button) showed [Kc Jh] and won 790 with Two pairs : Kings and 5


Winamax Poker - Tournament "Expresso Nitro" buyIn: 1.86€ + 0.14€ level: 3 - HandId: #2696498403935780865-16-1675083601 - Holdem no limit (20/40) - 2023/01/30 13:00:01 UTC
Table: 'Expresso Nitro(627827459)#0' 3-max (real money) Seat #1 is the button
Seat 1: PitchAAJr__ (110)
Seat 2: _SKR (790)
*** ANTE/BLINDS ***
PitchAAJr__ posts small blind 20
_SKR posts big blind 40
Dealt to _SKR [7s Ks]
*** PRE-FLOP *** 
PitchAAJr__ raises 70 to 110 and is all-in
_SKR calls 70
*** FLOP *** [5c As 3d]
*** TURN *** [5c As 3d][7h]
*** RIVER *** [5c As 3d 7h][5d]
*** SHOW DOWN ***
_SKR shows [7s Ks] (Two pairs : 7 and 5)
PitchAAJr__ shows [5s Th] (Trips of 5)
PitchAAJr__ collected 220 from pot
*** SUMMARY ***
Total pot 220 | No rake
Board: [5c As 3d 7h 5d]
Seat 1: PitchAAJr__ (small blind) (button) showed [5s Th] and won 220 with Trips of 5
Seat 2: _SKR (big blind) showed [7s Ks] and lost with Two pairs : 7 and 5


Winamax Poker - Tournament "Expresso Nitro" buyIn: 1.86€ + 0.14€ level: 4 - HandId: #2696498403935780865-17-1675083623 - Holdem no limit (30/60) - 2023/01/30 13:00:23 UTC
Table: 'Expresso Nitro(627827459)#0' 3-max (real money) Seat #2 is the button
Seat 1: PitchAAJr__ (220)
Seat 2: _SKR (680)
*** ANTE/BLINDS ***
_SKR posts small blind 30
PitchAAJr__ posts big blind 60
Dealt to _SKR [4s Ts]
*** PRE-FLOP *** 
_SKR folds
PitchAAJr__ collected 90 from pot
*** SUMMARY ***
Total pot 90 | No rake
Seat 1: PitchAAJr__ (big blind) won 90


Winamax Poker - Tournament "Expresso Nitro" buyIn: 1.86€ + 0.14€ level: 4 - HandId: #2696498403935780865-18-1675083626 - Holdem no limit (30/60) - 2023/01/30 13:00:26 UTC
Table: 'Expresso Nitro(627827459)#0' 3-max (real money) Seat #1 is the button
Seat 1: PitchAAJr__ (250)
Seat 2: _SKR (650)
*** ANTE/BLINDS ***
PitchAAJr__ posts small blind 30
_SKR posts big blind 60
Dealt to _SKR [5d 7c]
*** PRE-FLOP *** 
PitchAAJr__ raises 120 to 180
_SKR folds
PitchAAJr__ collected 240 from pot
*** SUMMARY ***
Total pot 240 | No rake
Seat 1: PitchAAJr__ (small blind) (button) won 240


Winamax Poker - Tournament "Expresso Nitro" buyIn: 1.86€ + 0.14€ level: 4 - HandId: #2696498403935780865-19-1675083630 - Holdem no limit (30/60) - 2023/01/30 13:00:30 UTC
Table: 'Expresso Nitro(627827459)#0' 3-max (real money) Seat #2 is the button
Seat 1: PitchAAJr__ (310)
Seat 2: _SKR (590)
*** ANTE/BLINDS ***
_SKR posts small blind 30
PitchAAJr__ posts big blind 60
Dealt to _SKR [Qh Jh]
*** PRE-FLOP *** 
_SKR raises 530 to 590 and is all-in
PitchAAJr__ folds
_SKR collected 650 from pot
*** SUMMARY ***
Total pot 650 | No rake
Seat 2: _SKR (small blind) (button) won 650


Winamax Poker - Tournament "Expresso Nitro" buyIn: 1.86€ + 0.14€ level: 4 - HandId: #2696498403935780865-20-1675083638 - Holdem no limit (30/60) - 2023/01/30 13:00:38 UTC
Table: 'Expresso Nitro(627827459)#0' 3-max (real money) Seat #1 is the button
Seat 1: PitchAAJr__ (250)
Seat 2: _SKR (650)
*** ANTE/BLINDS ***
PitchAAJr__ posts small blind 30
_SKR posts big blind 60
Dealt to _SKR [5s 9c]
*** PRE-FLOP *** 
PitchAAJr__ folds
_SKR collected 90 from pot
*** SUMMARY ***
Total pot 90 | No rake
Seat 2: _SKR (big blind) won 90


Winamax Poker - Tournament "Expresso Nitro" buyIn: 1.86€ + 0.14€ level: 4 - HandId: #2696498403935780865-21-1675083641 - Holdem no limit (30/60) - 2023/01/30 13:00:41 UTC
Table: 'Expresso Nitro(627827459)#0' 3-max (real money) Seat #2 is the button
Seat 1: PitchAAJr__ (220)
Seat 2: _SKR (680)
*** ANTE/BLINDS ***
_SKR posts small blind 30
PitchAAJr__ posts big blind 60
Dealt to _SKR [Ac 8s]
*** PRE-FLOP *** 
_SKR raises 620 to 680 and is all-in
PitchAAJr__ calls 160 and is all-in
*** FLOP *** [9c 3d Jd]
*** TURN *** [9c 3d Jd][Jh]
*** RIVER *** [9c 3d Jd Jh][4d]
*** SHOW DOWN ***
PitchAAJr__ shows [Kh Jc] (Trips of Jacks)
_SKR shows [Ac 8s] (One pair : Jacks)
_SKR collected 460 from side pot 1
PitchAAJr__ collected 440 from main pot
*** SUMMARY ***
Total pot 900 | No rake
Board: [9c 3d Jd Jh 4d]
Seat 1: PitchAAJr__ (big blind) showed [Kh Jc] and won 440 with Trips of Jacks
Seat 2: _SKR (small blind) (button) showed [Ac 8s] and won 460 with One pair : Jacks


Winamax Poker - Tournament "Expresso Nitro" buyIn: 1.86€ + 0.14€ level: 4 - HandId: #2696498403935780865-22-1675083652 - Holdem no limit (30/60) - 2023/01/30 13:00:52 UTC
Table: 'Expresso Nitro(627827459)#0' 3-max (real money) Seat #1 is the button
Seat 1: PitchAAJr__ (440)
Seat 2: _SKR (460)
*** ANTE/BLINDS ***
PitchAAJr__ posts small blind 30
_SKR posts big blind 60
Dealt to _SKR [9h 6s]
*** PRE-FLOP *** 
PitchAAJr__ folds
_SKR collected 90 from pot
*** SUMMARY ***
Total pot 90 | No rake
Seat 2: _SKR (big blind) won 90


Winamax Poker - Tournament "Expresso Nitro" buyIn: 1.86€ + 0.14€ level: 4 - HandId: #2696498403935780865-23-1675083657 - Holdem no limit (30/60) - 2023/01/30 13:00:57 UTC
Table: 'Expresso Nitro(627827459)#0' 3-max (real money) Seat #2 is the button
Seat 1: PitchAAJr__ (410)
Seat 2: _SKR (490)
*** ANTE/BLINDS ***
_SKR posts small blind 30
PitchAAJr__ posts big blind 60
Dealt to _SKR [2d Ts]
*** PRE-FLOP *** 
_SKR folds
PitchAAJr__ collected 90 from pot
*** SUMMARY ***
Total pot 90 | No rake
Seat 1: PitchAAJr__ (big blind) won 90


Winamax Poker - Tournament "Expresso Nitro" buyIn: 1.86€ + 0.14€ level: 4 - HandId: #2696498403935780865-24-1675083664 - Holdem no limit (30/60) - 2023/01/30 13:01:04 UTC
Table: 'Expresso Nitro(627827459)#0' 3-max (real money) Seat #1 is the button
Seat 1: PitchAAJr__ (440)
Seat 2: _SKR (460)
*** ANTE/BLINDS ***
PitchAAJr__ posts small blind 30
_SKR posts big blind 60
Dealt to _SKR [5d 9d]
*** PRE-FLOP *** 
PitchAAJr__ raises 380 to 440 and is all-in
_SKR folds
PitchAAJr__ collected 500 from pot
*** SUMMARY ***
Total pot 500 | No rake
Seat 1: PitchAAJr__ (small blind) (button) won 500


Winamax Poker - Tournament "Expresso Nitro" buyIn: 1.86€ + 0.14€ level: 4 - HandId: #2696498403935780865-25-1675083670 - Holdem no limit (30/60) - 2023/01/30 13:01:10 UTC
Table: 'Expresso Nitro(627827459)#0' 3-max (real money) Seat #2 is the button
Seat 1: PitchAAJr__ (500)
Seat 2: _SKR (400)
*** ANTE/BLINDS ***
_SKR posts small blind 30
PitchAAJr__ posts big blind 60
Dealt to _SKR [6c Qd]
*** PRE-FLOP *** 
_SKR folds
PitchAAJr__ collected 90 from pot
*** SUMMARY ***
Total pot 90 | No rake
Seat 1: PitchAAJr__ (big blind) won 90


Winamax Poker - Tournament "Expresso Nitro" buyIn: 1.86€ + 0.14€ level: 4 - HandId: #2696498403935780865-26-1675083675 - Holdem no limit (30/60) - 2023/01/30 13:01:15 UTC
Table: 'Expresso Nitro(627827459)#0' 3-max (real money) Seat #1 is the button
Seat 1: PitchAAJr__ (530)
Seat 2: _SKR (370)
*** ANTE/BLINDS ***
PitchAAJr__ posts small blind 30
_SKR posts big blind 60
Dealt to _SKR [Kc Ad]
*** PRE-FLOP *** 
PitchAAJr__ raises 470 to 530 and is all-in
_SKR calls 310 and is all-in
*** FLOP *** [6d 6c Td]
*** TURN *** [6d 6c Td][7d]
*** RIVER *** [6d 6c Td 7d][Ah]
*** SHOW DOWN ***
PitchAAJr__ shows [2s Kh] (One pair : 6)
_SKR shows [Kc Ad] (Two pairs : Aces and 6)
_SKR collected 740 from main pot
PitchAAJr__ collected 160 from side pot 1
*** SUMMARY ***
Total pot 900 | No rake
Board: [6d 6c Td 7d Ah]
Seat 1: PitchAAJr__ (small blind) (button) showed [2s Kh] and won 160 with One pair : 6
Seat 2: _SKR (big blind) showed [Kc Ad] and won 740 with Two pairs : Aces and 6


Winamax Poker - Tournament "Expresso Nitro" buyIn: 1.86€ + 0.14€ level: 5 - HandId: #2696498403935780865-27-1675083685 - Holdem no limit (40/80) - 2023/01/30 13:01:25 UTC
Table: 'Expresso Nitro(627827459)#0' 3-max (real money) Seat #2 is the button
Seat 1: PitchAAJr__ (160)
Seat 2: _SKR (740)
*** ANTE/BLINDS ***
_SKR posts small blind 40
PitchAAJr__ posts big blind 80
Dealt to _SKR [2d 4d]
*** PRE-FLOP *** 
_SKR folds
PitchAAJr__ collected 120 from pot
*** SUMMARY ***
Total pot 120 | No rake
Seat 1: PitchAAJr__ (big blind) won 120


Winamax Poker - Tournament "Expresso Nitro" buyIn: 1.86€ + 0.14€ level: 5 - HandId: #2696498403935780865-28-1675083691 - Holdem no limit (40/80) - 2023/01/30 13:01:31 UTC
Table: 'Expresso Nitro(627827459)#0' 3-max (real money) Seat #1 is the button
Seat 1: PitchAAJr__ (200)
Seat 2: _SKR (700)
*** ANTE/BLINDS ***
PitchAAJr__ posts small blind 40
_SKR posts big blind 80
Dealt to _SKR [Td Qd]
*** PRE-FLOP *** 
PitchAAJr__ raises 120 to 200 and is all-in
_SKR calls 120
*** FLOP *** [Ah 3d 6h]
*** TURN *** [Ah 3d 6h][Ad]
*** RIVER *** [Ah 3d 6h Ad][As]
*** SHOW DOWN ***
PitchAAJr__ shows [2c 9h] (Trips of Aces)
_SKR shows [Td Qd] (Trips of Aces)
_SKR collected 400 from pot
*** SUMMARY ***
Total pot 400 | No rake
Board: [Ah 3d 6h Ad As]
Seat 1: PitchAAJr__ (small blind) (button) showed [2c 9h] and lost with Trips of Aces
Seat 2: _SKR (big blind) showed [Td Qd] and won 400 with Trips of Aces


