Winamax Poker - Tournament "Expresso Nitro" buyIn: 0.93€ + 0.07€ level: 1 - HandId: #2717257754698842113-1-1676214368 - Holdem no limit (10/20) - 2023/02/12 15:06:08 UTC
Table: 'Expresso Nitro(632660872)#0' 3-max (real money) Seat #2 is the button
Seat 1: _SKR (300)
Seat 2: Polo IV (300)
Seat 3: isidroroe (300)
*** ANTE/BLINDS ***
isidroroe posts small blind 10
_SKR posts big blind 20
Dealt to _SKR [Td 4s]
*** PRE-FLOP *** 
Polo IV folds
isidroroe calls 10
_SKR checks
*** FLOP *** [2h 2c Jh]
isidroroe checks
_SKR bets 20
isidroroe calls 20
*** TURN *** [2h 2c Jh][5s]
isidroroe checks
_SKR bets 40
isidroroe folds
_SKR collected 120 from pot
*** SUMMARY ***
Total pot 120 | No rake
Board: [2h 2c Jh 5s]
Seat 1: _SKR (big blind) won 120


Winamax Poker - Tournament "Expresso Nitro" buyIn: 0.93€ + 0.07€ level: 1 - HandId: #2717257754698842113-2-1676214402 - Holdem no limit (10/20) - 2023/02/12 15:06:42 UTC
Table: 'Expresso Nitro(632660872)#0' 3-max (real money) Seat #3 is the button
Seat 1: _SKR (340)
Seat 2: Polo IV (300)
Seat 3: isidroroe (260)
*** ANTE/BLINDS ***
_SKR posts small blind 10
Polo IV posts big blind 20
Dealt to _SKR [Kc Jd]
*** PRE-FLOP *** 
isidroroe raises 240 to 260 and is all-in
_SKR folds
Polo IV calls 240
*** FLOP *** [3c 5d 8h]
*** TURN *** [3c 5d 8h][Jc]
*** RIVER *** [3c 5d 8h Jc][6d]
*** SHOW DOWN ***
isidroroe shows [9h Qc] (High card : Queen)
Polo IV shows [Ac Js] (One pair : Jacks)
Polo IV collected 530 from pot
*** SUMMARY ***
Total pot 530 | No rake
Board: [3c 5d 8h Jc 6d]
Seat 2: Polo IV (big blind) showed [Ac Js] and won 530 with One pair : Jacks
Seat 3: isidroroe (button) showed [9h Qc] and lost with High card : Queen


Winamax Poker - Tournament "Expresso Nitro" buyIn: 0.93€ + 0.07€ level: 2 - HandId: #2717257754698842113-3-1676214432 - Holdem no limit (15/30) - 2023/02/12 15:07:12 UTC
Table: 'Expresso Nitro(632660872)#0' 3-max (real money) Seat #2 is the button
Seat 1: _SKR (330)
Seat 2: Polo IV (570)
*** ANTE/BLINDS ***
Polo IV posts small blind 15
_SKR posts big blind 30
Dealt to _SKR [7d Qh]
*** PRE-FLOP *** 
Polo IV folds
_SKR collected 45 from pot
*** SUMMARY ***
Total pot 45 | No rake
Seat 1: _SKR (big blind) won 45


Winamax Poker - Tournament "Expresso Nitro" buyIn: 0.93€ + 0.07€ level: 2 - HandId: #2717257754698842113-4-1676214437 - Holdem no limit (15/30) - 2023/02/12 15:07:17 UTC
Table: 'Expresso Nitro(632660872)#0' 3-max (real money) Seat #1 is the button
Seat 1: _SKR (345)
Seat 2: Polo IV (555)
*** ANTE/BLINDS ***
_SKR posts small blind 15
Polo IV posts big blind 30
Dealt to _SKR [5h 3h]
*** PRE-FLOP *** 
_SKR folds
Polo IV collected 45 from pot
*** SUMMARY ***
Total pot 45 | No rake
Seat 2: Polo IV (big blind) won 45


Winamax Poker - Tournament "Expresso Nitro" buyIn: 0.93€ + 0.07€ level: 2 - HandId: #2717257754698842113-5-1676214444 - Holdem no limit (15/30) - 2023/02/12 15:07:24 UTC
Table: 'Expresso Nitro(632660872)#0' 3-max (real money) Seat #2 is the button
Seat 1: _SKR (330)
Seat 2: Polo IV (570)
*** ANTE/BLINDS ***
Polo IV posts small blind 15
_SKR posts big blind 30
Dealt to _SKR [6s 8c]
*** PRE-FLOP *** 
Polo IV raises 45 to 75
_SKR folds
Polo IV collected 105 from pot
*** SUMMARY ***
Total pot 105 | No rake
Seat 2: Polo IV (small blind) (button) won 105


Winamax Poker - Tournament "Expresso Nitro" buyIn: 0.93€ + 0.07€ level: 2 - HandId: #2717257754698842113-6-1676214452 - Holdem no limit (15/30) - 2023/02/12 15:07:32 UTC
Table: 'Expresso Nitro(632660872)#0' 3-max (real money) Seat #1 is the button
Seat 1: _SKR (300)
Seat 2: Polo IV (600)
*** ANTE/BLINDS ***
_SKR posts small blind 15
Polo IV posts big blind 30
Dealt to _SKR [Td 6s]
*** PRE-FLOP *** 
_SKR folds
Polo IV collected 45 from pot
*** SUMMARY ***
Total pot 45 | No rake
Seat 2: Polo IV (big blind) won 45


Winamax Poker - Tournament "Expresso Nitro" buyIn: 0.93€ + 0.07€ level: 2 - HandId: #2717257754698842113-7-1676214460 - Holdem no limit (15/30) - 2023/02/12 15:07:40 UTC
Table: 'Expresso Nitro(632660872)#0' 3-max (real money) Seat #2 is the button
Seat 1: _SKR (285)
Seat 2: Polo IV (615)
*** ANTE/BLINDS ***
Polo IV posts small blind 15
_SKR posts big blind 30
Dealt to _SKR [6h 6d]
*** PRE-FLOP *** 
Polo IV raises 585 to 615 and is all-in
_SKR calls 255 and is all-in
*** FLOP *** [8c 5h As]
*** TURN *** [8c 5h As][7d]
*** RIVER *** [8c 5h As 7d][Ks]
*** SHOW DOWN ***
_SKR shows [6h 6d] (One pair : 6)
Polo IV shows [7s Qc] (One pair : 7)
Polo IV collected 900 from pot
*** SUMMARY ***
Total pot 900 | No rake
Board: [8c 5h As 7d Ks]
Seat 1: _SKR (big blind) showed [6h 6d] and lost with One pair : 6
Seat 2: Polo IV (small blind) (button) showed [7s Qc] and won 900 with One pair : 7


