Winamax Poker - Tournament "Expresso Nitro" buyIn: 0.93€ + 0.07€ level: 1 - HandId: #2671078141778198529-1-1673530009 - Holdem no limit (10/20) - 2023/01/12 13:26:49 UTC
Table: 'Expresso Nitro(621908843)#0' 3-max (real money) Seat #2 is the button
Seat 1: bonie76 (300)
Seat 2: _SKR (300)
Seat 3: Gepeto57 (300)
*** ANTE/BLINDS ***
Gepeto57 posts small blind 10
bonie76 posts big blind 20
Dealt to _SKR [Kc 7d]
*** PRE-FLOP *** 
_SKR folds
Gepeto57 folds
bonie76 collected 30 from pot
*** SUMMARY ***
Total pot 30 | No rake
Seat 1: bonie76 (big blind) won 30


Winamax Poker - Tournament "Expresso Nitro" buyIn: 0.93€ + 0.07€ level: 1 - HandId: #2671078141778198529-2-1673530026 - Holdem no limit (10/20) - 2023/01/12 13:27:06 UTC
Table: 'Expresso Nitro(621908843)#0' 3-max (real money) Seat #3 is the button
Seat 1: bonie76 (310)
Seat 2: _SKR (300)
Seat 3: Gepeto57 (290)
*** ANTE/BLINDS ***
bonie76 posts small blind 10
_SKR posts big blind 20
Dealt to _SKR [9h Qd]
*** PRE-FLOP *** 
Gepeto57 calls 20
bonie76 calls 10
_SKR checks
*** FLOP *** [6h 9d Ks]
bonie76 checks
_SKR checks
Gepeto57 bets 20
bonie76 folds
_SKR calls 20
*** TURN *** [6h 9d Ks][4h]
_SKR checks
Gepeto57 bets 50
_SKR calls 50
*** RIVER *** [6h 9d Ks 4h][Jc]
_SKR checks
Gepeto57 bets 101
_SKR folds
Gepeto57 collected 301 from pot
*** SUMMARY ***
Total pot 301 | No rake
Board: [6h 9d Ks 4h Jc]
Seat 3: Gepeto57 (button) won 301


Winamax Poker - Tournament "Expresso Nitro" buyIn: 0.93€ + 0.07€ level: 2 - HandId: #2671078141778198529-3-1673530085 - Holdem no limit (15/30) - 2023/01/12 13:28:05 UTC
Table: 'Expresso Nitro(621908843)#0' 3-max (real money) Seat #1 is the button
Seat 1: bonie76 (290)
Seat 2: _SKR (210)
Seat 3: Gepeto57 (400)
*** ANTE/BLINDS ***
_SKR posts small blind 15
Gepeto57 posts big blind 30
Dealt to _SKR [As 7h]
*** PRE-FLOP *** 
bonie76 folds
_SKR raises 180 to 210 and is all-in
Gepeto57 folds
_SKR collected 240 from pot
*** SUMMARY ***
Total pot 240 | No rake
Seat 2: _SKR (small blind) won 240


Winamax Poker - Tournament "Expresso Nitro" buyIn: 0.93€ + 0.07€ level: 2 - HandId: #2671078141778198529-4-1673530097 - Holdem no limit (15/30) - 2023/01/12 13:28:17 UTC
Table: 'Expresso Nitro(621908843)#0' 3-max (real money) Seat #2 is the button
Seat 1: bonie76 (290)
Seat 2: _SKR (240)
Seat 3: Gepeto57 (370)
*** ANTE/BLINDS ***
Gepeto57 posts small blind 15
bonie76 posts big blind 30
Dealt to _SKR [Th Qh]
*** PRE-FLOP *** 
_SKR raises 210 to 240 and is all-in
Gepeto57 folds
bonie76 folds
_SKR collected 285 from pot
*** SUMMARY ***
Total pot 285 | No rake
Seat 2: _SKR (button) won 285


Winamax Poker - Tournament "Expresso Nitro" buyIn: 0.93€ + 0.07€ level: 2 - HandId: #2671078141778198529-5-1673530110 - Holdem no limit (15/30) - 2023/01/12 13:28:30 UTC
Table: 'Expresso Nitro(621908843)#0' 3-max (real money) Seat #3 is the button
Seat 1: bonie76 (260)
Seat 2: _SKR (285)
Seat 3: Gepeto57 (355)
*** ANTE/BLINDS ***
bonie76 posts small blind 15
_SKR posts big blind 30
Dealt to _SKR [2s Qh]
*** PRE-FLOP *** 
Gepeto57 folds
bonie76 folds
_SKR collected 45 from pot
*** SUMMARY ***
Total pot 45 | No rake
Seat 2: _SKR (big blind) won 45


Winamax Poker - Tournament "Expresso Nitro" buyIn: 0.93€ + 0.07€ level: 2 - HandId: #2671078141778198529-6-1673530117 - Holdem no limit (15/30) - 2023/01/12 13:28:37 UTC
Table: 'Expresso Nitro(621908843)#0' 3-max (real money) Seat #1 is the button
Seat 1: bonie76 (245)
Seat 2: _SKR (300)
Seat 3: Gepeto57 (355)
*** ANTE/BLINDS ***
_SKR posts small blind 15
Gepeto57 posts big blind 30
Dealt to _SKR [7s 7c]
*** PRE-FLOP *** 
bonie76 folds
_SKR raises 270 to 300 and is all-in
Gepeto57 folds
_SKR collected 330 from pot
*** SUMMARY ***
Total pot 330 | No rake
Seat 2: _SKR (small blind) won 330


Winamax Poker - Tournament "Expresso Nitro" buyIn: 0.93€ + 0.07€ level: 3 - HandId: #2671078141778198529-7-1673530127 - Holdem no limit (20/40) - 2023/01/12 13:28:47 UTC
Table: 'Expresso Nitro(621908843)#0' 3-max (real money) Seat #2 is the button
Seat 1: bonie76 (245)
Seat 2: _SKR (330)
Seat 3: Gepeto57 (325)
*** ANTE/BLINDS ***
Gepeto57 posts small blind 20
bonie76 posts big blind 40
Dealt to _SKR [8d Ts]
*** PRE-FLOP *** 
_SKR folds
Gepeto57 calls 20
bonie76 checks
*** FLOP *** [Ah Jc 2c]
Gepeto57 checks
bonie76 bets 40
Gepeto57 calls 40
*** TURN *** [Ah Jc 2c][3c]
Gepeto57 checks
bonie76 checks
*** RIVER *** [Ah Jc 2c 3c][Kc]
Gepeto57 checks
bonie76 checks
*** SHOW DOWN ***
Gepeto57 shows [Jd 6s] (One pair : Jacks)
bonie76 shows [Kd 2s] (Two pairs : Kings and 2)
bonie76 collected 160 from pot
*** SUMMARY ***
Total pot 160 | No rake
Board: [Ah Jc 2c 3c Kc]
Seat 1: bonie76 (big blind) showed [Kd 2s] and won 160 with Two pairs : Kings and 2
Seat 3: Gepeto57 (small blind) showed [Jd 6s] and lost with One pair : Jacks


Winamax Poker - Tournament "Expresso Nitro" buyIn: 0.93€ + 0.07€ level: 3 - HandId: #2671078141778198529-8-1673530154 - Holdem no limit (20/40) - 2023/01/12 13:29:14 UTC
Table: 'Expresso Nitro(621908843)#0' 3-max (real money) Seat #3 is the button
Seat 1: bonie76 (325)
Seat 2: _SKR (330)
Seat 3: Gepeto57 (245)
*** ANTE/BLINDS ***
bonie76 posts small blind 20
_SKR posts big blind 40
Dealt to _SKR [6d Ac]
*** PRE-FLOP *** 
Gepeto57 calls 40
bonie76 calls 20
_SKR raises 290 to 330 and is all-in
Gepeto57 calls 205 and is all-in
bonie76 folds
*** FLOP *** [6s Jh 4d]
*** TURN *** [6s Jh 4d][7h]
*** RIVER *** [6s Jh 4d 7h][9s]
*** SHOW DOWN ***
_SKR shows [6d Ac] (One pair : 6)
Gepeto57 shows [7c As] (One pair : 7)
Gepeto57 collected 530 from main pot
_SKR collected 85 from side pot 1
*** SUMMARY ***
Total pot 615 | No rake
Board: [6s Jh 4d 7h 9s]
Seat 2: _SKR (big blind) showed [6d Ac] and won 85 with One pair : 6
Seat 3: Gepeto57 (button) showed [7c As] and won 530 with One pair : 7


Winamax Poker - Tournament "Expresso Nitro" buyIn: 0.93€ + 0.07€ level: 3 - HandId: #2671078141778198529-9-1673530174 - Holdem no limit (20/40) - 2023/01/12 13:29:34 UTC
Table: 'Expresso Nitro(621908843)#0' 3-max (real money) Seat #1 is the button
Seat 1: bonie76 (285)
Seat 2: _SKR (85)
Seat 3: Gepeto57 (530)
*** ANTE/BLINDS ***
_SKR posts small blind 20
Gepeto57 posts big blind 40
Dealt to _SKR [8h 6d]
*** PRE-FLOP *** 
bonie76 calls 40
_SKR raises 45 to 85 and is all-in
Gepeto57 calls 45
bonie76 calls 45
*** FLOP *** [9d 5h Kh]
Gepeto57 checks
bonie76 checks
*** TURN *** [9d 5h Kh][Qs]
Gepeto57 bets 166
bonie76 calls 166
*** RIVER *** [9d 5h Kh Qs][Tc]
Gepeto57 checks
bonie76 bets 34 and is all-in
Gepeto57 calls 34
*** SHOW DOWN ***
_SKR shows [8h 6d] (High card : King)
Gepeto57 shows [9h 3s] (One pair : 9)
bonie76 shows [8d Jd] (Straight King high)
bonie76 collected 655 from pot
*** SUMMARY ***
Total pot 655 | No rake
Board: [9d 5h Kh Qs Tc]
Seat 1: bonie76 (button) showed [8d Jd] and won 655 with Straight King high
Seat 2: _SKR (small blind) showed [8h 6d] and lost with High card : King
Seat 3: Gepeto57 (big blind) showed [9h 3s] and lost with One pair : 9


