Winamax Poker - Tournament "Expresso Nitro" buyIn: 1.86€ + 0.14€ level: 1 - HandId: #2698243303119257601-1-1675187105 - Holdem no limit (10/20) - 2023/01/31 17:45:05 UTC
Table: 'Expresso Nitro(628233725)#0' 3-max (real money) Seat #1 is the button
Seat 1: .1.2.3.4.5.6 (300)
Seat 2: Ricrosse2202 (300)
Seat 3: _SKR (300)
*** ANTE/BLINDS ***
Ricrosse2202 posts small blind 10
_SKR posts big blind 20
Dealt to _SKR [8c 8h]
*** PRE-FLOP *** 
.1.2.3.4.5.6 raises 260 to 280
Ricrosse2202 folds
_SKR raises 20 to 300 and is all-in
.1.2.3.4.5.6 calls 20 and is all-in
*** FLOP *** [Qc Ah As]
*** TURN *** [Qc Ah As][7c]
*** RIVER *** [Qc Ah As 7c][7h]
*** SHOW DOWN ***
_SKR shows [8c 8h] (Two pairs : Aces and 8)
.1.2.3.4.5.6 shows [Ac Ts] (Full of Aces and 7)
.1.2.3.4.5.6 collected 610 from pot
*** SUMMARY ***
Total pot 610 | No rake
Board: [Qc Ah As 7c 7h]
Seat 1: .1.2.3.4.5.6 (button) showed [Ac Ts] and won 610 with Full of Aces and 7
Seat 3: _SKR (big blind) showed [8c 8h] and lost with Two pairs : Aces and 8


