Winamax Poker - Tournament "Expresso Nitro" buyIn: 0.93€ + 0.07€ level: 1 - HandId: #2729593798421118977-1-1676921295 - Holdem no limit (10/20) - 2023/02/20 19:28:15 UTC
Table: 'Expresso Nitro(635533081)#0' 3-max (real money) Seat #2 is the button
Seat 1: Ostiabienda (300)
Seat 2: _SKR (300)
Seat 3: Emeboyem (300)
*** ANTE/BLINDS ***
Emeboyem posts small blind 10
Ostiabienda posts big blind 20
Dealt to _SKR [Jc Qh]
*** PRE-FLOP *** 
_SKR folds
Emeboyem folds
Ostiabienda collected 30 from pot
*** SUMMARY ***
Total pot 30 | No rake
Seat 1: Ostiabienda (big blind) won 30


Winamax Poker - Tournament "Expresso Nitro" buyIn: 0.93€ + 0.07€ level: 1 - HandId: #2729593798421118977-2-1676921301 - Holdem no limit (10/20) - 2023/02/20 19:28:21 UTC
Table: 'Expresso Nitro(635533081)#0' 3-max (real money) Seat #3 is the button
Seat 1: Ostiabienda (310)
Seat 2: _SKR (300)
Seat 3: Emeboyem (290)
*** ANTE/BLINDS ***
Ostiabienda posts small blind 10
_SKR posts big blind 20
Dealt to _SKR [4c 2d]
*** PRE-FLOP *** 
Emeboyem raises 50 to 70
Ostiabienda folds
_SKR folds
Emeboyem collected 100 from pot
*** SUMMARY ***
Total pot 100 | No rake
Seat 3: Emeboyem (button) won 100


Winamax Poker - Tournament "Expresso Nitro" buyIn: 0.93€ + 0.07€ level: 1 - HandId: #2729593798421118977-3-1676921310 - Holdem no limit (10/20) - 2023/02/20 19:28:30 UTC
Table: 'Expresso Nitro(635533081)#0' 3-max (real money) Seat #1 is the button
Seat 1: Ostiabienda (300)
Seat 2: _SKR (280)
Seat 3: Emeboyem (320)
*** ANTE/BLINDS ***
_SKR posts small blind 10
Emeboyem posts big blind 20
Dealt to _SKR [Jc 4c]
*** PRE-FLOP *** 
Ostiabienda raises 20 to 40
_SKR folds
Emeboyem folds
Ostiabienda collected 70 from pot
*** SUMMARY ***
Total pot 70 | No rake
Seat 1: Ostiabienda (button) won 70


Winamax Poker - Tournament "Expresso Nitro" buyIn: 0.93€ + 0.07€ level: 1 - HandId: #2729593798421118977-4-1676921337 - Holdem no limit (10/20) - 2023/02/20 19:28:57 UTC
Table: 'Expresso Nitro(635533081)#0' 3-max (real money) Seat #2 is the button
Seat 1: Ostiabienda (330)
Seat 2: _SKR (270)
Seat 3: Emeboyem (300)
*** ANTE/BLINDS ***
Emeboyem posts small blind 10
Ostiabienda posts big blind 20
Dealt to _SKR [Td Kc]
*** PRE-FLOP *** 
_SKR raises 20 to 40
Emeboyem folds
Ostiabienda calls 20
*** FLOP *** [3s Js 2h]
Ostiabienda bets 20
_SKR calls 20
*** TURN *** [3s Js 2h][6c]
Ostiabienda bets 85
_SKR folds
Ostiabienda collected 215 from pot
*** SUMMARY ***
Total pot 215 | No rake
Board: [3s Js 2h 6c]
Seat 1: Ostiabienda (big blind) won 215


Winamax Poker - Tournament "Expresso Nitro" buyIn: 0.93€ + 0.07€ level: 2 - HandId: #2729593798421118977-5-1676921360 - Holdem no limit (15/30) - 2023/02/20 19:29:20 UTC
Table: 'Expresso Nitro(635533081)#0' 3-max (real money) Seat #3 is the button
Seat 1: Ostiabienda (400)
Seat 2: _SKR (210)
Seat 3: Emeboyem (290)
*** ANTE/BLINDS ***
Ostiabienda posts small blind 15
_SKR posts big blind 30
Dealt to _SKR [Th 2h]
*** PRE-FLOP *** 
Emeboyem raises 75 to 105
Ostiabienda folds
_SKR folds
Emeboyem collected 150 from pot
*** SUMMARY ***
Total pot 150 | No rake
Seat 3: Emeboyem (button) won 150


Winamax Poker - Tournament "Expresso Nitro" buyIn: 0.93€ + 0.07€ level: 2 - HandId: #2729593798421118977-6-1676921376 - Holdem no limit (15/30) - 2023/02/20 19:29:36 UTC
Table: 'Expresso Nitro(635533081)#0' 3-max (real money) Seat #1 is the button
Seat 1: Ostiabienda (385)
Seat 2: _SKR (180)
Seat 3: Emeboyem (335)
*** ANTE/BLINDS ***
_SKR posts small blind 15
Emeboyem posts big blind 30
Dealt to _SKR [Qh 4c]
*** PRE-FLOP *** 
Ostiabienda raises 30 to 60
_SKR folds
Emeboyem raises 275 to 335 and is all-in
Ostiabienda folds
Emeboyem collected 410 from pot
*** SUMMARY ***
Total pot 410 | No rake
Seat 3: Emeboyem (big blind) won 410


Winamax Poker - Tournament "Expresso Nitro" buyIn: 0.93€ + 0.07€ level: 2 - HandId: #2729593798421118977-7-1676921387 - Holdem no limit (15/30) - 2023/02/20 19:29:47 UTC
Table: 'Expresso Nitro(635533081)#0' 3-max (real money) Seat #2 is the button
Seat 1: Ostiabienda (325)
Seat 2: _SKR (165)
Seat 3: Emeboyem (410)
*** ANTE/BLINDS ***
Emeboyem posts small blind 15
Ostiabienda posts big blind 30
Dealt to _SKR [2d 4h]
*** PRE-FLOP *** 
_SKR folds
Emeboyem folds
Ostiabienda collected 45 from pot
*** SUMMARY ***
Total pot 45 | No rake
Seat 1: Ostiabienda (big blind) won 45


Winamax Poker - Tournament "Expresso Nitro" buyIn: 0.93€ + 0.07€ level: 2 - HandId: #2729593798421118977-8-1676921392 - Holdem no limit (15/30) - 2023/02/20 19:29:52 UTC
Table: 'Expresso Nitro(635533081)#0' 3-max (real money) Seat #3 is the button
Seat 1: Ostiabienda (340)
Seat 2: _SKR (165)
Seat 3: Emeboyem (395)
*** ANTE/BLINDS ***
Ostiabienda posts small blind 15
_SKR posts big blind 30
Dealt to _SKR [Jh Qh]
*** PRE-FLOP *** 
Emeboyem raises 365 to 395 and is all-in
Ostiabienda folds
_SKR calls 135 and is all-in
*** FLOP *** [3s 7h Ad]
*** TURN *** [3s 7h Ad][8s]
*** RIVER *** [3s 7h Ad 8s][Td]
*** SHOW DOWN ***
_SKR shows [Jh Qh] (High card : Ace)
Emeboyem shows [9c Tc] (One pair : Tens)
Emeboyem collected 575 from pot
*** SUMMARY ***
Total pot 575 | No rake
Board: [3s 7h Ad 8s Td]
Seat 2: _SKR (big blind) showed [Jh Qh] and lost with High card : Ace
Seat 3: Emeboyem (button) showed [9c Tc] and won 575 with One pair : Tens


