Winamax Poker - Tournament "Expresso Nitro" buyIn: 0.93€ + 0.07€ level: 1 - HandId: #2654426927233761281-1-1672659970 - Holdem no limit (10/20) - 2023/01/02 11:46:10 UTC
Table: 'Expresso Nitro(618031930)#0' 3-max (real money) Seat #2 is the button
Seat 1: Avasan (300)
Seat 2: _SKR (300)
Seat 3: Gnouki17 (300)
*** ANTE/BLINDS ***
Gnouki17 posts small blind 10
Avasan posts big blind 20
Dealt to _SKR [Ts Ah]
*** PRE-FLOP *** 
_SKR raises 20 to 40
Gnouki17 calls 30
Avasan folds
*** FLOP *** [6s Kh Jc]
Gnouki17 bets 20
_SKR calls 20
*** TURN *** [6s Kh Jc][5c]
Gnouki17 bets 20
_SKR calls 20
*** RIVER *** [6s Kh Jc 5c][9c]
Gnouki17 bets 220 and is all-in
_SKR folds
Gnouki17 collected 400 from pot
*** SUMMARY ***
Total pot 400 | No rake
Board: [6s Kh Jc 5c 9c]
Seat 3: Gnouki17 (small blind) won 400


Winamax Poker - Tournament "Expresso Nitro" buyIn: 0.93€ + 0.07€ level: 1 - HandId: #2654426927233761281-2-1672660003 - Holdem no limit (10/20) - 2023/01/02 11:46:43 UTC
Table: 'Expresso Nitro(618031930)#0' 3-max (real money) Seat #3 is the button
Seat 1: Avasan (280)
Seat 2: _SKR (220)
Seat 3: Gnouki17 (400)
*** ANTE/BLINDS ***
Avasan posts small blind 10
_SKR posts big blind 20
Dealt to _SKR [Qs Qh]
*** PRE-FLOP *** 
Gnouki17 folds
Avasan folds
_SKR collected 30 from pot
*** SUMMARY ***
Total pot 30 | No rake
Seat 2: _SKR (big blind) won 30


Winamax Poker - Tournament "Expresso Nitro" buyIn: 0.93€ + 0.07€ level: 1 - HandId: #2654426927233761281-3-1672660011 - Holdem no limit (10/20) - 2023/01/02 11:46:51 UTC
Table: 'Expresso Nitro(618031930)#0' 3-max (real money) Seat #1 is the button
Seat 1: Avasan (270)
Seat 2: _SKR (230)
Seat 3: Gnouki17 (400)
*** ANTE/BLINDS ***
_SKR posts small blind 10
Gnouki17 posts big blind 20
Dealt to _SKR [Qc 4h]
*** PRE-FLOP *** 
Avasan folds
_SKR folds
Gnouki17 collected 30 from pot
*** SUMMARY ***
Total pot 30 | No rake
Seat 3: Gnouki17 (big blind) won 30


Winamax Poker - Tournament "Expresso Nitro" buyIn: 0.93€ + 0.07€ level: 1 - HandId: #2654426927233761281-4-1672660021 - Holdem no limit (10/20) - 2023/01/02 11:47:01 UTC
Table: 'Expresso Nitro(618031930)#0' 3-max (real money) Seat #2 is the button
Seat 1: Avasan (270)
Seat 2: _SKR (220)
Seat 3: Gnouki17 (410)
*** ANTE/BLINDS ***
Gnouki17 posts small blind 10
Avasan posts big blind 20
Dealt to _SKR [Js Jh]
*** PRE-FLOP *** 
_SKR raises 20 to 40
Gnouki17 calls 30
Avasan folds
*** FLOP *** [6h 3h 5d]
Gnouki17 bets 20
_SKR calls 20
*** TURN *** [6h 3h 5d][Ks]
Gnouki17 bets 20
_SKR calls 20
*** RIVER *** [6h 3h 5d Ks][Ac]
Gnouki17 checks
_SKR checks
*** SHOW DOWN ***
Gnouki17 shows [6s Qd] (One pair : 6)
_SKR shows [Js Jh] (One pair : Jacks)
_SKR collected 180 from pot
*** SUMMARY ***
Total pot 180 | No rake
Board: [6h 3h 5d Ks Ac]
Seat 2: _SKR (button) showed [Js Jh] and won 180 with One pair : Jacks
Seat 3: Gnouki17 (small blind) showed [6s Qd] and lost with One pair : 6


Winamax Poker - Tournament "Expresso Nitro" buyIn: 0.93€ + 0.07€ level: 2 - HandId: #2654426927233761281-5-1672660051 - Holdem no limit (15/30) - 2023/01/02 11:47:31 UTC
Table: 'Expresso Nitro(618031930)#0' 3-max (real money) Seat #3 is the button
Seat 1: Avasan (250)
Seat 2: _SKR (320)
Seat 3: Gnouki17 (330)
*** ANTE/BLINDS ***
Avasan posts small blind 15
_SKR posts big blind 30
Dealt to _SKR [Th Kd]
*** PRE-FLOP *** 
Gnouki17 folds
Avasan folds
_SKR collected 45 from pot
*** SUMMARY ***
Total pot 45 | No rake
Seat 2: _SKR (big blind) won 45


Winamax Poker - Tournament "Expresso Nitro" buyIn: 0.93€ + 0.07€ level: 2 - HandId: #2654426927233761281-6-1672660073 - Holdem no limit (15/30) - 2023/01/02 11:47:53 UTC
Table: 'Expresso Nitro(618031930)#0' 3-max (real money) Seat #1 is the button
Seat 1: Avasan (235)
Seat 2: _SKR (335)
Seat 3: Gnouki17 (330)
*** ANTE/BLINDS ***
_SKR posts small blind 15
Gnouki17 posts big blind 30
Dealt to _SKR [9h 5c]
*** PRE-FLOP *** 
Avasan folds
_SKR folds
Gnouki17 collected 45 from pot
*** SUMMARY ***
Total pot 45 | No rake
Seat 3: Gnouki17 (big blind) won 45


Winamax Poker - Tournament "Expresso Nitro" buyIn: 0.93€ + 0.07€ level: 2 - HandId: #2654426927233761281-7-1672660077 - Holdem no limit (15/30) - 2023/01/02 11:47:57 UTC
Table: 'Expresso Nitro(618031930)#0' 3-max (real money) Seat #2 is the button
Seat 1: Avasan (235)
Seat 2: _SKR (320)
Seat 3: Gnouki17 (345)
*** ANTE/BLINDS ***
Gnouki17 posts small blind 15
Avasan posts big blind 30
Dealt to _SKR [Qs Th]
*** PRE-FLOP *** 
_SKR folds
Gnouki17 calls 15
Avasan checks
*** FLOP *** [4d Kd 4s]
Gnouki17 bets 30
Avasan calls 30
*** TURN *** [4d Kd 4s][Ac]
Gnouki17 bets 30
Avasan calls 30
*** RIVER *** [4d Kd 4s Ac][5h]
Gnouki17 bets 30
Avasan raises 115 to 145 and is all-in
Gnouki17 calls 115
*** SHOW DOWN ***
Gnouki17 shows [Td 5d] (Two pairs : 5 and 4)
Avasan shows [4c Kc] (Full of 4 and Kings)
Avasan collected 470 from pot
*** SUMMARY ***
Total pot 470 | No rake
Board: [4d Kd 4s Ac 5h]
Seat 1: Avasan (big blind) showed [4c Kc] and won 470 with Full of 4 and Kings
Seat 3: Gnouki17 (small blind) showed [Td 5d] and lost with Two pairs : 5 and 4


Winamax Poker - Tournament "Expresso Nitro" buyIn: 0.93€ + 0.07€ level: 3 - HandId: #2654426927233761281-8-1672660128 - Holdem no limit (20/40) - 2023/01/02 11:48:48 UTC
Table: 'Expresso Nitro(618031930)#0' 3-max (real money) Seat #3 is the button
Seat 1: Avasan (470)
Seat 2: _SKR (320)
Seat 3: Gnouki17 (110)
*** ANTE/BLINDS ***
Avasan posts small blind 20
_SKR posts big blind 40
Dealt to _SKR [8h Qd]
*** PRE-FLOP *** 
Gnouki17 raises 70 to 110 and is all-in
Avasan folds
_SKR calls 70
*** FLOP *** [Kc 2s Qs]
*** TURN *** [Kc 2s Qs][4d]
*** RIVER *** [Kc 2s Qs 4d][Jc]
*** SHOW DOWN ***
Gnouki17 shows [9s Jh] (One pair : Jacks)
_SKR shows [8h Qd] (One pair : Queens)
_SKR collected 240 from pot
*** SUMMARY ***
Total pot 240 | No rake
Board: [Kc 2s Qs 4d Jc]
Seat 2: _SKR (big blind) showed [8h Qd] and won 240 with One pair : Queens
Seat 3: Gnouki17 (button) showed [9s Jh] and lost with One pair : Jacks


Winamax Poker - Tournament "Expresso Nitro" buyIn: 0.93€ + 0.07€ level: 4 - HandId: #2654426927233761281-9-1672660158 - Holdem no limit (30/60) - 2023/01/02 11:49:18 UTC
Table: 'Expresso Nitro(618031930)#0' 3-max (real money) Seat #2 is the button
Seat 1: Avasan (450)
Seat 2: _SKR (450)
*** ANTE/BLINDS ***
_SKR posts small blind 30
Avasan posts big blind 60
Dealt to _SKR [Qh 6h]
*** PRE-FLOP *** 
_SKR calls 30
Avasan checks
*** FLOP *** [2h Ad 5d]
Avasan checks
_SKR checks
*** TURN *** [2h Ad 5d][5h]
Avasan checks
_SKR bets 60
Avasan folds
_SKR collected 180 from pot
*** SUMMARY ***
Total pot 180 | No rake
Board: [2h Ad 5d 5h]
Seat 2: _SKR (small blind) (button) won 180


Winamax Poker - Tournament "Expresso Nitro" buyIn: 0.93€ + 0.07€ level: 5 - HandId: #2654426927233761281-10-1672660215 - Holdem no limit (40/80) - 2023/01/02 11:50:15 UTC
Table: 'Expresso Nitro(618031930)#0' 3-max (real money) Seat #1 is the button
Seat 1: Avasan (390)
Seat 2: _SKR (510)
*** ANTE/BLINDS ***
Avasan posts small blind 40
_SKR posts big blind 80
Dealt to _SKR [Ad 3s]
*** PRE-FLOP *** 
Avasan raises 80 to 160
_SKR raises 350 to 510 and is all-in
Avasan calls 230 and is all-in
*** FLOP *** [Qd 4s 7h]
*** TURN *** [Qd 4s 7h][9h]
*** RIVER *** [Qd 4s 7h 9h][6c]
*** SHOW DOWN ***
Avasan shows [2s Ac] (High card : Ace)
_SKR shows [Ad 3s] (High card : Ace)
_SKR collected 510 from side pot 1
Avasan collected 390 from main pot
*** SUMMARY ***
Total pot 900 | No rake
Board: [Qd 4s 7h 9h 6c]
Seat 1: Avasan (small blind) (button) showed [2s Ac] and won 390 with High card : Ace
Seat 2: _SKR (big blind) showed [Ad 3s] and won 510 with High card : Ace


Winamax Poker - Tournament "Expresso Nitro" buyIn: 0.93€ + 0.07€ level: 5 - HandId: #2654426927233761281-11-1672660238 - Holdem no limit (40/80) - 2023/01/02 11:50:38 UTC
Table: 'Expresso Nitro(618031930)#0' 3-max (real money) Seat #2 is the button
Seat 1: Avasan (390)
Seat 2: _SKR (510)
*** ANTE/BLINDS ***
_SKR posts small blind 40
Avasan posts big blind 80
Dealt to _SKR [2c 5s]
*** PRE-FLOP *** 
_SKR folds
Avasan collected 120 from pot
*** SUMMARY ***
Total pot 120 | No rake
Seat 1: Avasan (big blind) won 120


Winamax Poker - Tournament "Expresso Nitro" buyIn: 0.93€ + 0.07€ level: 5 - HandId: #2654426927233761281-12-1672660241 - Holdem no limit (40/80) - 2023/01/02 11:50:41 UTC
Table: 'Expresso Nitro(618031930)#0' 3-max (real money) Seat #1 is the button
Seat 1: Avasan (430)
Seat 2: _SKR (470)
*** ANTE/BLINDS ***
Avasan posts small blind 40
_SKR posts big blind 80
Dealt to _SKR [Kh 7h]
*** PRE-FLOP *** 
Avasan folds
_SKR collected 120 from pot
*** SUMMARY ***
Total pot 120 | No rake
Seat 2: _SKR (big blind) won 120


Winamax Poker - Tournament "Expresso Nitro" buyIn: 0.93€ + 0.07€ level: 5 - HandId: #2654426927233761281-13-1672660264 - Holdem no limit (40/80) - 2023/01/02 11:51:04 UTC
Table: 'Expresso Nitro(618031930)#0' 3-max (real money) Seat #2 is the button
Seat 1: Avasan (390)
Seat 2: _SKR (510)
*** ANTE/BLINDS ***
_SKR posts small blind 40
Avasan posts big blind 80
Dealt to _SKR [3h 2h]
*** PRE-FLOP *** 
_SKR folds
Avasan collected 120 from pot
*** SUMMARY ***
Total pot 120 | No rake
Seat 1: Avasan (big blind) won 120


Winamax Poker - Tournament "Expresso Nitro" buyIn: 0.93€ + 0.07€ level: 6 - HandId: #2654426927233761281-14-1672660268 - Holdem no limit (50/100) - 2023/01/02 11:51:08 UTC
Table: 'Expresso Nitro(618031930)#0' 3-max (real money) Seat #1 is the button
Seat 1: Avasan (430)
Seat 2: _SKR (470)
*** ANTE/BLINDS ***
Avasan posts small blind 50
_SKR posts big blind 100
Dealt to _SKR [5s 4c]
*** PRE-FLOP *** 
Avasan folds
_SKR collected 150 from pot
*** SUMMARY ***
Total pot 150 | No rake
Seat 2: _SKR (big blind) won 150


Winamax Poker - Tournament "Expresso Nitro" buyIn: 0.93€ + 0.07€ level: 6 - HandId: #2654426927233761281-15-1672660282 - Holdem no limit (50/100) - 2023/01/02 11:51:22 UTC
Table: 'Expresso Nitro(618031930)#0' 3-max (real money) Seat #2 is the button
Seat 1: Avasan (380)
Seat 2: _SKR (520)
*** ANTE/BLINDS ***
_SKR posts small blind 50
Avasan posts big blind 100
Dealt to _SKR [Js Tc]
*** PRE-FLOP *** 
_SKR raises 420 to 520 and is all-in
Avasan calls 280 and is all-in
*** FLOP *** [8c Kh Ts]
*** TURN *** [8c Kh Ts][Qs]
*** RIVER *** [8c Kh Ts Qs][6d]
*** SHOW DOWN ***
Avasan shows [Kc Jh] (One pair : Kings)
_SKR shows [Js Tc] (One pair : Tens)
_SKR collected 140 from side pot 1
Avasan collected 760 from main pot
*** SUMMARY ***
Total pot 900 | No rake
Board: [8c Kh Ts Qs 6d]
Seat 1: Avasan (big blind) showed [Kc Jh] and won 760 with One pair : Kings
Seat 2: _SKR (small blind) (button) showed [Js Tc] and won 140 with One pair : Tens


Winamax Poker - Tournament "Expresso Nitro" buyIn: 0.93€ + 0.07€ level: 6 - HandId: #2654426927233761281-16-1672660296 - Holdem no limit (50/100) - 2023/01/02 11:51:36 UTC
Table: 'Expresso Nitro(618031930)#0' 3-max (real money) Seat #1 is the button
Seat 1: Avasan (760)
Seat 2: _SKR (140)
*** ANTE/BLINDS ***
Avasan posts small blind 50
_SKR posts big blind 100
Dealt to _SKR [6c 7d]
*** PRE-FLOP *** 
Avasan raises 100 to 200
_SKR calls 40 and is all-in
*** FLOP *** [2h Js 3h]
*** TURN *** [2h Js 3h][7s]
*** RIVER *** [2h Js 3h 7s][Kd]
*** SHOW DOWN ***
_SKR shows [6c 7d] (One pair : 7)
Avasan shows [2d 2s] (Trips of 2)
Avasan collected 340 from pot
*** SUMMARY ***
Total pot 340 | No rake
Board: [2h Js 3h 7s Kd]
Seat 1: Avasan (small blind) (button) showed [2d 2s] and won 340 with Trips of 2
Seat 2: _SKR (big blind) showed [6c 7d] and lost with One pair : 7


