Winamax Poker - Tournament "Expresso Nitro" buyIn: 1.86€ + 0.14€ level: 1 - HandId: #2698277796001611777-1-1675188568 - Holdem no limit (10/20) - 2023/01/31 18:09:28 UTC
Table: 'Expresso Nitro(628241756)#0' 3-max (real money) Seat #2 is the button
Seat 1: _SKR (300)
Seat 2: Fan 91 (300)
Seat 3: Titan-378513 (300)
*** ANTE/BLINDS ***
Titan-378513 posts small blind 10
_SKR posts big blind 20
Dealt to _SKR [9c 2h]
*** PRE-FLOP *** 
Fan 91 folds
Titan-378513 raises 40 to 60
_SKR folds
Titan-378513 collected 80 from pot
*** SUMMARY ***
Total pot 80 | No rake
Seat 3: Titan-378513 (small blind) won 80


Winamax Poker - Tournament "Expresso Nitro" buyIn: 1.86€ + 0.14€ level: 1 - HandId: #2698277796001611777-2-1675188577 - Holdem no limit (10/20) - 2023/01/31 18:09:37 UTC
Table: 'Expresso Nitro(628241756)#0' 3-max (real money) Seat #3 is the button
Seat 1: _SKR (280)
Seat 2: Fan 91 (300)
Seat 3: Titan-378513 (320)
*** ANTE/BLINDS ***
_SKR posts small blind 10
Fan 91 posts big blind 20
Dealt to _SKR [Ac 3d]
*** PRE-FLOP *** 
Titan-378513 folds
_SKR raises 260 to 280 and is all-in
Fan 91 folds
_SKR collected 300 from pot
*** SUMMARY ***
Total pot 300 | No rake
Seat 1: _SKR (small blind) won 300


Winamax Poker - Tournament "Expresso Nitro" buyIn: 1.86€ + 0.14€ level: 1 - HandId: #2698277796001611777-3-1675188592 - Holdem no limit (10/20) - 2023/01/31 18:09:52 UTC
Table: 'Expresso Nitro(628241756)#0' 3-max (real money) Seat #1 is the button
Seat 1: _SKR (300)
Seat 2: Fan 91 (280)
Seat 3: Titan-378513 (320)
*** ANTE/BLINDS ***
Fan 91 posts small blind 10
Titan-378513 posts big blind 20
Dealt to _SKR [5d 6s]
*** PRE-FLOP *** 
_SKR folds
Fan 91 raises 260 to 280 and is all-in
Titan-378513 folds
Fan 91 collected 300 from pot
*** SUMMARY ***
Total pot 300 | No rake
Seat 2: Fan 91 (small blind) won 300


Winamax Poker - Tournament "Expresso Nitro" buyIn: 1.86€ + 0.14€ level: 1 - HandId: #2698277796001611777-4-1675188601 - Holdem no limit (10/20) - 2023/01/31 18:10:01 UTC
Table: 'Expresso Nitro(628241756)#0' 3-max (real money) Seat #2 is the button
Seat 1: _SKR (300)
Seat 2: Fan 91 (300)
Seat 3: Titan-378513 (300)
*** ANTE/BLINDS ***
Titan-378513 posts small blind 10
_SKR posts big blind 20
Dealt to _SKR [Ac 5s]
*** PRE-FLOP *** 
Fan 91 raises 280 to 300 and is all-in
Titan-378513 calls 290 and is all-in
_SKR calls 280 and is all-in
*** FLOP *** [5h 2h 3s]
*** TURN *** [5h 2h 3s][Jc]
*** RIVER *** [5h 2h 3s Jc][Th]
*** SHOW DOWN ***
_SKR shows [Ac 5s] (One pair : 5)
Fan 91 shows [5c 5d] (Trips of 5)
Titan-378513 shows [Qh 9h] (Flush Queen high)
Titan-378513 collected 900 from pot
*** SUMMARY ***
Total pot 900 | No rake
Board: [5h 2h 3s Jc Th]
Seat 1: _SKR (big blind) showed [Ac 5s] and lost with One pair : 5
Seat 2: Fan 91 (button) showed [5c 5d] and lost with Trips of 5
Seat 3: Titan-378513 (small blind) showed [Qh 9h] and won 900 with Flush Queen high


