Winamax Poker - Tournament "Expresso Nitro" buyIn: 0.93€ + 0.07€ level: 1 - HandId: #2717298539708284929-1-1676216360 - Holdem no limit (10/20) - 2023/02/12 15:39:20 UTC
Table: 'Expresso Nitro(632670368)#0' 3-max (real money) Seat #1 is the button
Seat 1: FattaI (300)
Seat 2: _SKR (300)
Seat 3: juanmap16 (300)
*** ANTE/BLINDS ***
_SKR posts small blind 10
juanmap16 posts big blind 20
Dealt to _SKR [7c 5c]
*** PRE-FLOP *** 
FattaI calls 20
_SKR folds
juanmap16 checks
*** FLOP *** [2s Qc Jc]
juanmap16 checks
FattaI checks
*** TURN *** [2s Qc Jc][Jh]
juanmap16 checks
FattaI checks
*** RIVER *** [2s Qc Jc Jh][7d]
juanmap16 checks
FattaI checks
*** SHOW DOWN ***
FattaI shows [Td Kd] (One pair : Jacks)
juanmap16 shows [Kc Ts] (One pair : Jacks)
juanmap16 collected 25 from pot
FattaI collected 25 from pot
*** SUMMARY ***
Total pot 50 | No rake
Board: [2s Qc Jc Jh 7d]
Seat 1: FattaI (button) showed [Td Kd] and won 25 with One pair : Jacks
Seat 3: juanmap16 (big blind) showed [Kc Ts] and won 25 with One pair : Jacks


Winamax Poker - Tournament "Expresso Nitro" buyIn: 0.93€ + 0.07€ level: 1 - HandId: #2717298539708284929-2-1676216383 - Holdem no limit (10/20) - 2023/02/12 15:39:43 UTC
Table: 'Expresso Nitro(632670368)#0' 3-max (real money) Seat #2 is the button
Seat 1: FattaI (305)
Seat 2: _SKR (290)
Seat 3: juanmap16 (305)
*** ANTE/BLINDS ***
juanmap16 posts small blind 10
FattaI posts big blind 20
Dealt to _SKR [Th 6s]
*** PRE-FLOP *** 
_SKR folds
juanmap16 folds
FattaI collected 30 from pot
*** SUMMARY ***
Total pot 30 | No rake
Seat 1: FattaI (big blind) won 30


Winamax Poker - Tournament "Expresso Nitro" buyIn: 0.93€ + 0.07€ level: 1 - HandId: #2717298539708284929-3-1676216389 - Holdem no limit (10/20) - 2023/02/12 15:39:49 UTC
Table: 'Expresso Nitro(632670368)#0' 3-max (real money) Seat #3 is the button
Seat 1: FattaI (315)
Seat 2: _SKR (290)
Seat 3: juanmap16 (295)
*** ANTE/BLINDS ***
FattaI posts small blind 10
_SKR posts big blind 20
Dealt to _SKR [8h 8s]
*** PRE-FLOP *** 
juanmap16 calls 20
FattaI calls 10
_SKR raises 270 to 290 and is all-in
juanmap16 folds
FattaI folds
_SKR collected 330 from pot
*** SUMMARY ***
Total pot 330 | No rake
Seat 2: _SKR (big blind) won 330


Winamax Poker - Tournament "Expresso Nitro" buyIn: 0.93€ + 0.07€ level: 1 - HandId: #2717298539708284929-4-1676216400 - Holdem no limit (10/20) - 2023/02/12 15:40:00 UTC
Table: 'Expresso Nitro(632670368)#0' 3-max (real money) Seat #1 is the button
Seat 1: FattaI (295)
Seat 2: _SKR (330)
Seat 3: juanmap16 (275)
*** ANTE/BLINDS ***
_SKR posts small blind 10
juanmap16 posts big blind 20
Dealt to _SKR [2c 7d]
*** PRE-FLOP *** 
FattaI calls 20
_SKR folds
juanmap16 checks
*** FLOP *** [6s Qd 2h]
juanmap16 checks
FattaI checks
*** TURN *** [6s Qd 2h][4d]
juanmap16 checks
FattaI checks
*** RIVER *** [6s Qd 2h 4d][8d]
juanmap16 checks
FattaI checks
*** SHOW DOWN ***
FattaI shows [6h Jh] (One pair : 6)
juanmap16 shows [8c Tc] (One pair : 8)
juanmap16 collected 50 from pot
*** SUMMARY ***
Total pot 50 | No rake
Board: [6s Qd 2h 4d 8d]
Seat 1: FattaI (button) showed [6h Jh] and lost with One pair : 6
Seat 3: juanmap16 (big blind) showed [8c Tc] and won 50 with One pair : 8


Winamax Poker - Tournament "Expresso Nitro" buyIn: 0.93€ + 0.07€ level: 2 - HandId: #2717298539708284929-5-1676216441 - Holdem no limit (15/30) - 2023/02/12 15:40:41 UTC
Table: 'Expresso Nitro(632670368)#0' 3-max (real money) Seat #2 is the button
Seat 1: FattaI (275)
Seat 2: _SKR (320)
Seat 3: juanmap16 (305)
*** ANTE/BLINDS ***
juanmap16 posts small blind 15
FattaI posts big blind 30
Dealt to _SKR [2c Js]
*** PRE-FLOP *** 
_SKR folds
juanmap16 folds
FattaI collected 45 from pot
*** SUMMARY ***
Total pot 45 | No rake
Seat 1: FattaI (big blind) won 45


Winamax Poker - Tournament "Expresso Nitro" buyIn: 0.93€ + 0.07€ level: 2 - HandId: #2717298539708284929-6-1676216448 - Holdem no limit (15/30) - 2023/02/12 15:40:48 UTC
Table: 'Expresso Nitro(632670368)#0' 3-max (real money) Seat #3 is the button
Seat 1: FattaI (290)
Seat 2: _SKR (320)
Seat 3: juanmap16 (290)
*** ANTE/BLINDS ***
FattaI posts small blind 15
_SKR posts big blind 30
Dealt to _SKR [4c 8h]
*** PRE-FLOP *** 
juanmap16 folds
FattaI calls 15
_SKR checks
*** FLOP *** [5d 8s 5h]
FattaI checks
_SKR bets 39
FattaI folds
_SKR collected 99 from pot
*** SUMMARY ***
Total pot 99 | No rake
Board: [5d 8s 5h]
Seat 2: _SKR (big blind) won 99


Winamax Poker - Tournament "Expresso Nitro" buyIn: 0.93€ + 0.07€ level: 2 - HandId: #2717298539708284929-7-1676216474 - Holdem no limit (15/30) - 2023/02/12 15:41:14 UTC
Table: 'Expresso Nitro(632670368)#0' 3-max (real money) Seat #1 is the button
Seat 1: FattaI (260)
Seat 2: _SKR (350)
Seat 3: juanmap16 (290)
*** ANTE/BLINDS ***
_SKR posts small blind 15
juanmap16 posts big blind 30
Dealt to _SKR [6c Kh]
*** PRE-FLOP *** 
FattaI raises 230 to 260 and is all-in
_SKR folds
juanmap16 folds
FattaI collected 305 from pot
*** SUMMARY ***
Total pot 305 | No rake
Seat 1: FattaI (button) won 305


Winamax Poker - Tournament "Expresso Nitro" buyIn: 0.93€ + 0.07€ level: 3 - HandId: #2717298539708284929-8-1676216485 - Holdem no limit (20/40) - 2023/02/12 15:41:25 UTC
Table: 'Expresso Nitro(632670368)#0' 3-max (real money) Seat #2 is the button
Seat 1: FattaI (305)
Seat 2: _SKR (335)
Seat 3: juanmap16 (260)
*** ANTE/BLINDS ***
juanmap16 posts small blind 20
FattaI posts big blind 40
Dealt to _SKR [As 8h]
*** PRE-FLOP *** 
_SKR raises 295 to 335 and is all-in
juanmap16 folds
FattaI calls 265 and is all-in
*** FLOP *** [3h 5c 6h]
*** TURN *** [3h 5c 6h][6s]
*** RIVER *** [3h 5c 6h 6s][Ac]
*** SHOW DOWN ***
FattaI shows [Qc Kc] (One pair : 6)
_SKR shows [As 8h] (Two pairs : Aces and 6)
_SKR collected 660 from pot
*** SUMMARY ***
Total pot 660 | No rake
Board: [3h 5c 6h 6s Ac]
Seat 1: FattaI (big blind) showed [Qc Kc] and lost with One pair : 6
Seat 2: _SKR (button) showed [As 8h] and won 660 with Two pairs : Aces and 6


Winamax Poker - Tournament "Expresso Nitro" buyIn: 0.93€ + 0.07€ level: 3 - HandId: #2717298539708284929-9-1676216503 - Holdem no limit (20/40) - 2023/02/12 15:41:43 UTC
Table: 'Expresso Nitro(632670368)#0' 3-max (real money) Seat #2 is the button
Seat 2: _SKR (660)
Seat 3: juanmap16 (240)
*** ANTE/BLINDS ***
_SKR posts small blind 20
juanmap16 posts big blind 40
Dealt to _SKR [5c 6d]
*** PRE-FLOP *** 
_SKR folds
juanmap16 collected 60 from pot
*** SUMMARY ***
Total pot 60 | No rake
Seat 3: juanmap16 (big blind) won 60


Winamax Poker - Tournament "Expresso Nitro" buyIn: 0.93€ + 0.07€ level: 3 - HandId: #2717298539708284929-10-1676216510 - Holdem no limit (20/40) - 2023/02/12 15:41:50 UTC
Table: 'Expresso Nitro(632670368)#0' 3-max (real money) Seat #3 is the button
Seat 2: _SKR (640)
Seat 3: juanmap16 (260)
*** ANTE/BLINDS ***
juanmap16 posts small blind 20
_SKR posts big blind 40
Dealt to _SKR [7c 4h]
*** PRE-FLOP *** 
juanmap16 calls 20
_SKR checks
*** FLOP *** [2h 7d 6d]
_SKR checks
juanmap16 checks
*** TURN *** [2h 7d 6d][Ks]
_SKR checks
juanmap16 checks
*** RIVER *** [2h 7d 6d Ks][7s]
_SKR bets 52
juanmap16 folds
_SKR collected 132 from pot
*** SUMMARY ***
Total pot 132 | No rake
Board: [2h 7d 6d Ks 7s]
Seat 2: _SKR (big blind) won 132


Winamax Poker - Tournament "Expresso Nitro" buyIn: 0.93€ + 0.07€ level: 4 - HandId: #2717298539708284929-11-1676216539 - Holdem no limit (30/60) - 2023/02/12 15:42:19 UTC
Table: 'Expresso Nitro(632670368)#0' 3-max (real money) Seat #2 is the button
Seat 2: _SKR (680)
Seat 3: juanmap16 (220)
*** ANTE/BLINDS ***
_SKR posts small blind 30
juanmap16 posts big blind 60
Dealt to _SKR [Qs 5d]
*** PRE-FLOP *** 
_SKR folds
juanmap16 collected 90 from pot
*** SUMMARY ***
Total pot 90 | No rake
Seat 3: juanmap16 (big blind) won 90


Winamax Poker - Tournament "Expresso Nitro" buyIn: 0.93€ + 0.07€ level: 4 - HandId: #2717298539708284929-12-1676216543 - Holdem no limit (30/60) - 2023/02/12 15:42:23 UTC
Table: 'Expresso Nitro(632670368)#0' 3-max (real money) Seat #3 is the button
Seat 2: _SKR (650)
Seat 3: juanmap16 (250)
*** ANTE/BLINDS ***
juanmap16 posts small blind 30
_SKR posts big blind 60
Dealt to _SKR [4s 8s]
*** PRE-FLOP *** 
juanmap16 folds
_SKR collected 90 from pot
*** SUMMARY ***
Total pot 90 | No rake
Seat 2: _SKR (big blind) won 90


Winamax Poker - Tournament "Expresso Nitro" buyIn: 0.93€ + 0.07€ level: 4 - HandId: #2717298539708284929-13-1676216547 - Holdem no limit (30/60) - 2023/02/12 15:42:27 UTC
Table: 'Expresso Nitro(632670368)#0' 3-max (real money) Seat #2 is the button
Seat 2: _SKR (680)
Seat 3: juanmap16 (220)
*** ANTE/BLINDS ***
_SKR posts small blind 30
juanmap16 posts big blind 60
Dealt to _SKR [Jc 5d]
*** PRE-FLOP *** 
_SKR folds
juanmap16 collected 90 from pot
*** SUMMARY ***
Total pot 90 | No rake
Seat 3: juanmap16 (big blind) won 90


Winamax Poker - Tournament "Expresso Nitro" buyIn: 0.93€ + 0.07€ level: 4 - HandId: #2717298539708284929-14-1676216554 - Holdem no limit (30/60) - 2023/02/12 15:42:34 UTC
Table: 'Expresso Nitro(632670368)#0' 3-max (real money) Seat #3 is the button
Seat 2: _SKR (650)
Seat 3: juanmap16 (250)
*** ANTE/BLINDS ***
juanmap16 posts small blind 30
_SKR posts big blind 60
Dealt to _SKR [Ks Js]
*** PRE-FLOP *** 
juanmap16 raises 190 to 250 and is all-in
_SKR calls 190
*** FLOP *** [4s 3h 7d]
*** TURN *** [4s 3h 7d][2h]
*** RIVER *** [4s 3h 7d 2h][2c]
*** SHOW DOWN ***
juanmap16 shows [9s Kd] (One pair : 2)
_SKR shows [Ks Js] (One pair : 2)
_SKR collected 500 from pot
*** SUMMARY ***
Total pot 500 | No rake
Board: [4s 3h 7d 2h 2c]
Seat 2: _SKR (big blind) showed [Ks Js] and won 500 with One pair : 2
Seat 3: juanmap16 (small blind) (button) showed [9s Kd] and lost with One pair : 2


