Winamax Poker - Tournament "Expresso Nitro" buyIn: 0.93€ + 0.07€ level: 1 - HandId: #2680055753003237377-1-1674050057 - Holdem no limit (10/20) - 2023/01/18 13:54:17 UTC
Table: 'Expresso Nitro(623999106)#0' 3-max (real money) Seat #3 is the button
Seat 1: jhonnycb (300)
Seat 2: Don-vladim (300)
Seat 3: _SKR (300)
*** ANTE/BLINDS ***
jhonnycb posts small blind 10
Don-vladim posts big blind 20
Dealt to _SKR [As 3c]
*** PRE-FLOP *** 
_SKR raises 280 to 300 and is all-in
jhonnycb folds
Don-vladim calls 280 and is all-in
*** FLOP *** [4c 2h 8h]
*** TURN *** [4c 2h 8h][8s]
*** RIVER *** [4c 2h 8h 8s][7c]
*** SHOW DOWN ***
Don-vladim shows [Qd Jd] (One pair : 8)
_SKR shows [As 3c] (One pair : 8)
_SKR collected 610 from pot
*** SUMMARY ***
Total pot 610 | No rake
Board: [4c 2h 8h 8s 7c]
Seat 2: Don-vladim (big blind) showed [Qd Jd] and lost with One pair : 8
Seat 3: _SKR (button) showed [As 3c] and won 610 with One pair : 8


Winamax Poker - Tournament "Expresso Nitro" buyIn: 0.93€ + 0.07€ level: 1 - HandId: #2680055753003237377-2-1674050073 - Holdem no limit (10/20) - 2023/01/18 13:54:33 UTC
Table: 'Expresso Nitro(623999106)#0' 3-max (real money) Seat #3 is the button
Seat 1: jhonnycb (290)
Seat 3: _SKR (610)
*** ANTE/BLINDS ***
_SKR posts small blind 10
jhonnycb posts big blind 20
Dealt to _SKR [6s Jh]
*** PRE-FLOP *** 
_SKR folds
jhonnycb collected 30 from pot
*** SUMMARY ***
Total pot 30 | No rake
Seat 1: jhonnycb (big blind) won 30


Winamax Poker - Tournament "Expresso Nitro" buyIn: 0.93€ + 0.07€ level: 1 - HandId: #2680055753003237377-3-1674050077 - Holdem no limit (10/20) - 2023/01/18 13:54:37 UTC
Table: 'Expresso Nitro(623999106)#0' 3-max (real money) Seat #1 is the button
Seat 1: jhonnycb (300)
Seat 3: _SKR (600)
*** ANTE/BLINDS ***
jhonnycb posts small blind 10
_SKR posts big blind 20
Dealt to _SKR [3d 4d]
*** PRE-FLOP *** 
jhonnycb calls 10
_SKR checks
*** FLOP *** [9h Kd 7c]
_SKR checks
jhonnycb bets 40
_SKR folds
jhonnycb collected 80 from pot
*** SUMMARY ***
Total pot 80 | No rake
Board: [9h Kd 7c]
Seat 1: jhonnycb (small blind) (button) won 80


Winamax Poker - Tournament "Expresso Nitro" buyIn: 0.93€ + 0.07€ level: 1 - HandId: #2680055753003237377-4-1674050090 - Holdem no limit (10/20) - 2023/01/18 13:54:50 UTC
Table: 'Expresso Nitro(623999106)#0' 3-max (real money) Seat #3 is the button
Seat 1: jhonnycb (320)
Seat 3: _SKR (580)
*** ANTE/BLINDS ***
_SKR posts small blind 10
jhonnycb posts big blind 20
Dealt to _SKR [5c Qs]
*** PRE-FLOP *** 
_SKR folds
jhonnycb collected 30 from pot
*** SUMMARY ***
Total pot 30 | No rake
Seat 1: jhonnycb (big blind) won 30


Winamax Poker - Tournament "Expresso Nitro" buyIn: 0.93€ + 0.07€ level: 1 - HandId: #2680055753003237377-5-1674050093 - Holdem no limit (10/20) - 2023/01/18 13:54:53 UTC
Table: 'Expresso Nitro(623999106)#0' 3-max (real money) Seat #1 is the button
Seat 1: jhonnycb (330)
Seat 3: _SKR (570)
*** ANTE/BLINDS ***
jhonnycb posts small blind 10
_SKR posts big blind 20
Dealt to _SKR [6d 2d]
*** PRE-FLOP *** 
jhonnycb calls 10
_SKR checks
*** FLOP *** [Qc 4h Ah]
_SKR checks
jhonnycb checks
*** TURN *** [Qc 4h Ah][Th]
_SKR checks
jhonnycb bets 40
_SKR folds
jhonnycb collected 80 from pot
*** SUMMARY ***
Total pot 80 | No rake
Board: [Qc 4h Ah Th]
Seat 1: jhonnycb (small blind) (button) won 80


Winamax Poker - Tournament "Expresso Nitro" buyIn: 0.93€ + 0.07€ level: 1 - HandId: #2680055753003237377-6-1674050112 - Holdem no limit (10/20) - 2023/01/18 13:55:12 UTC
Table: 'Expresso Nitro(623999106)#0' 3-max (real money) Seat #3 is the button
Seat 1: jhonnycb (350)
Seat 3: _SKR (550)
*** ANTE/BLINDS ***
_SKR posts small blind 10
jhonnycb posts big blind 20
Dealt to _SKR [Ad Jc]
*** PRE-FLOP *** 
_SKR raises 530 to 550 and is all-in
jhonnycb calls 330 and is all-in
*** FLOP *** [Ah Jd Th]
*** TURN *** [Ah Jd Th][9h]
*** RIVER *** [Ah Jd Th 9h][Td]
*** SHOW DOWN ***
jhonnycb shows [5c 5h] (Two pairs : Tens and 5)
_SKR shows [Ad Jc] (Two pairs : Aces and Jacks)
_SKR collected 900 from pot
*** SUMMARY ***
Total pot 900 | No rake
Board: [Ah Jd Th 9h Td]
Seat 1: jhonnycb (big blind) showed [5c 5h] and lost with Two pairs : Tens and 5
Seat 3: _SKR (small blind) (button) showed [Ad Jc] and won 900 with Two pairs : Aces and Jacks


