Winamax Poker - Tournament "Expresso Nitro" buyIn: 1.86€ + 0.14€ level: 1 - HandId: #2698246511459827713-1-1675187238 - Holdem no limit (10/20) - 2023/01/31 17:47:18 UTC
Table: 'Expresso Nitro(628234472)#0' 3-max (real money) Seat #3 is the button
Seat 1: woody14850 (300)
Seat 2: _SKR (300)
Seat 3: EnzoTeddy (300)
*** ANTE/BLINDS ***
woody14850 posts small blind 10
_SKR posts big blind 20
Dealt to _SKR [6c 2c]
*** PRE-FLOP *** 
EnzoTeddy folds
woody14850 calls 10
_SKR checks
*** FLOP *** [6s 7h Th]
woody14850 checks
_SKR checks
*** TURN *** [6s 7h Th][5h]
woody14850 checks
_SKR checks
*** RIVER *** [6s 7h Th 5h][Kd]
woody14850 checks
_SKR checks
*** SHOW DOWN ***
_SKR shows [6c 2c] (One pair : 6)
woody14850 shows [8d 6d] (One pair : 6)
woody14850 collected 40 from pot
*** SUMMARY ***
Total pot 40 | No rake
Board: [6s 7h Th 5h Kd]
Seat 1: woody14850 (small blind) showed [8d 6d] and won 40 with One pair : 6
Seat 2: _SKR (big blind) showed [6c 2c] and lost with One pair : 6


Winamax Poker - Tournament "Expresso Nitro" buyIn: 1.86€ + 0.14€ level: 1 - HandId: #2698246511459827713-2-1675187270 - Holdem no limit (10/20) - 2023/01/31 17:47:50 UTC
Table: 'Expresso Nitro(628234472)#0' 3-max (real money) Seat #1 is the button
Seat 1: woody14850 (320)
Seat 2: _SKR (280)
Seat 3: EnzoTeddy (300)
*** ANTE/BLINDS ***
_SKR posts small blind 10
EnzoTeddy posts big blind 20
Dealt to _SKR [Qs 2c]
*** PRE-FLOP *** 
woody14850 folds
_SKR folds
EnzoTeddy collected 30 from pot
*** SUMMARY ***
Total pot 30 | No rake
Seat 3: EnzoTeddy (big blind) won 30


Winamax Poker - Tournament "Expresso Nitro" buyIn: 1.86€ + 0.14€ level: 1 - HandId: #2698246511459827713-3-1675187274 - Holdem no limit (10/20) - 2023/01/31 17:47:54 UTC
Table: 'Expresso Nitro(628234472)#0' 3-max (real money) Seat #2 is the button
Seat 1: woody14850 (320)
Seat 2: _SKR (270)
Seat 3: EnzoTeddy (310)
*** ANTE/BLINDS ***
EnzoTeddy posts small blind 10
woody14850 posts big blind 20
Dealt to _SKR [Qh Td]
*** PRE-FLOP *** 
_SKR folds
EnzoTeddy calls 10
woody14850 checks
*** FLOP *** [5h 2d 9s]
EnzoTeddy checks
woody14850 checks
*** TURN *** [5h 2d 9s][3h]
EnzoTeddy checks
woody14850 bets 20
EnzoTeddy calls 20
*** RIVER *** [5h 2d 9s 3h][4s]
EnzoTeddy checks
woody14850 checks
*** SHOW DOWN ***
woody14850 shows [5c Qd] (One pair : 5)
EnzoTeddy shows [3d Ad] (Straight 5 high)
EnzoTeddy collected 80 from pot
*** SUMMARY ***
Total pot 80 | No rake
Board: [5h 2d 9s 3h 4s]
Seat 1: woody14850 (big blind) showed [5c Qd] and lost with One pair : 5
Seat 3: EnzoTeddy (small blind) showed [3d Ad] and won 80 with Straight 5 high


Winamax Poker - Tournament "Expresso Nitro" buyIn: 1.86€ + 0.14€ level: 2 - HandId: #2698246511459827713-4-1675187302 - Holdem no limit (15/30) - 2023/01/31 17:48:22 UTC
Table: 'Expresso Nitro(628234472)#0' 3-max (real money) Seat #3 is the button
Seat 1: woody14850 (280)
Seat 2: _SKR (270)
Seat 3: EnzoTeddy (350)
*** ANTE/BLINDS ***
woody14850 posts small blind 15
_SKR posts big blind 30
Dealt to _SKR [Ac 5c]
*** PRE-FLOP *** 
EnzoTeddy calls 30
woody14850 calls 15
_SKR raises 240 to 270 and is all-in
EnzoTeddy folds
woody14850 folds
_SKR collected 330 from pot
*** SUMMARY ***
Total pot 330 | No rake
Seat 2: _SKR (big blind) won 330


Winamax Poker - Tournament "Expresso Nitro" buyIn: 1.86€ + 0.14€ level: 2 - HandId: #2698246511459827713-5-1675187316 - Holdem no limit (15/30) - 2023/01/31 17:48:36 UTC
Table: 'Expresso Nitro(628234472)#0' 3-max (real money) Seat #1 is the button
Seat 1: woody14850 (250)
Seat 2: _SKR (330)
Seat 3: EnzoTeddy (320)
*** ANTE/BLINDS ***
_SKR posts small blind 15
EnzoTeddy posts big blind 30
Dealt to _SKR [2c 9d]
*** PRE-FLOP *** 
woody14850 folds
_SKR folds
EnzoTeddy collected 45 from pot
*** SUMMARY ***
Total pot 45 | No rake
Seat 3: EnzoTeddy (big blind) won 45


Winamax Poker - Tournament "Expresso Nitro" buyIn: 1.86€ + 0.14€ level: 2 - HandId: #2698246511459827713-6-1675187322 - Holdem no limit (15/30) - 2023/01/31 17:48:42 UTC
Table: 'Expresso Nitro(628234472)#0' 3-max (real money) Seat #2 is the button
Seat 1: woody14850 (250)
Seat 2: _SKR (315)
Seat 3: EnzoTeddy (335)
*** ANTE/BLINDS ***
EnzoTeddy posts small blind 15
woody14850 posts big blind 30
Dealt to _SKR [4c 7c]
*** PRE-FLOP *** 
_SKR folds
EnzoTeddy calls 15
woody14850 checks
*** FLOP *** [7s 5h 3s]
EnzoTeddy checks
woody14850 checks
*** TURN *** [7s 5h 3s][8c]
EnzoTeddy checks
woody14850 checks
*** RIVER *** [7s 5h 3s 8c][Td]
EnzoTeddy checks
woody14850 checks
*** SHOW DOWN ***
EnzoTeddy shows [Qh 9d] (High card : Queen)
woody14850 shows [Js Qd] (High card : Queen)
woody14850 collected 60 from pot
*** SUMMARY ***
Total pot 60 | No rake
Board: [7s 5h 3s 8c Td]
Seat 1: woody14850 (big blind) showed [Js Qd] and won 60 with High card : Queen
Seat 3: EnzoTeddy (small blind) showed [Qh 9d] and lost with High card : Queen


Winamax Poker - Tournament "Expresso Nitro" buyIn: 1.86€ + 0.14€ level: 3 - HandId: #2698246511459827713-7-1675187354 - Holdem no limit (20/40) - 2023/01/31 17:49:14 UTC
Table: 'Expresso Nitro(628234472)#0' 3-max (real money) Seat #3 is the button
Seat 1: woody14850 (280)
Seat 2: _SKR (315)
Seat 3: EnzoTeddy (305)
*** ANTE/BLINDS ***
woody14850 posts small blind 20
_SKR posts big blind 40
Dealt to _SKR [2s 6h]
*** PRE-FLOP *** 
EnzoTeddy calls 40
woody14850 folds
_SKR checks
*** FLOP *** [Qc 4c 3c]
_SKR checks
EnzoTeddy checks
*** TURN *** [Qc 4c 3c][Kc]
_SKR checks
EnzoTeddy checks
*** RIVER *** [Qc 4c 3c Kc][3d]
_SKR checks
EnzoTeddy checks
*** SHOW DOWN ***
_SKR shows [2s 6h] (One pair : 3)
EnzoTeddy shows [Ah 7d] (One pair : 3)
EnzoTeddy collected 100 from pot
*** SUMMARY ***
Total pot 100 | No rake
Board: [Qc 4c 3c Kc 3d]
Seat 2: _SKR (big blind) showed [2s 6h] and lost with One pair : 3
Seat 3: EnzoTeddy (button) showed [Ah 7d] and won 100 with One pair : 3


Winamax Poker - Tournament "Expresso Nitro" buyIn: 1.86€ + 0.14€ level: 3 - HandId: #2698246511459827713-8-1675187391 - Holdem no limit (20/40) - 2023/01/31 17:49:51 UTC
Table: 'Expresso Nitro(628234472)#0' 3-max (real money) Seat #1 is the button
Seat 1: woody14850 (260)
Seat 2: _SKR (275)
Seat 3: EnzoTeddy (365)
*** ANTE/BLINDS ***
_SKR posts small blind 20
EnzoTeddy posts big blind 40
Dealt to _SKR [8s 5s]
*** PRE-FLOP *** 
woody14850 calls 40
_SKR folds
EnzoTeddy checks
*** FLOP *** [5d Ad Ks]
EnzoTeddy checks
woody14850 bets 40
EnzoTeddy folds
woody14850 collected 140 from pot
*** SUMMARY ***
Total pot 140 | No rake
Board: [5d Ad Ks]
Seat 1: woody14850 (button) won 140


Winamax Poker - Tournament "Expresso Nitro" buyIn: 1.86€ + 0.14€ level: 4 - HandId: #2698246511459827713-9-1675187422 - Holdem no limit (30/60) - 2023/01/31 17:50:22 UTC
Table: 'Expresso Nitro(628234472)#0' 3-max (real money) Seat #2 is the button
Seat 1: woody14850 (320)
Seat 2: _SKR (255)
Seat 3: EnzoTeddy (325)
*** ANTE/BLINDS ***
EnzoTeddy posts small blind 30
woody14850 posts big blind 60
Dealt to _SKR [8s Jc]
*** PRE-FLOP *** 
_SKR folds
EnzoTeddy calls 30
woody14850 checks
*** FLOP *** [6d Qc 9c]
EnzoTeddy checks
woody14850 checks
*** TURN *** [6d Qc 9c][Td]
EnzoTeddy bets 60
woody14850 folds
EnzoTeddy collected 180 from pot
*** SUMMARY ***
Total pot 180 | No rake
Board: [6d Qc 9c Td]
Seat 3: EnzoTeddy (small blind) won 180


Winamax Poker - Tournament "Expresso Nitro" buyIn: 1.86€ + 0.14€ level: 4 - HandId: #2698246511459827713-10-1675187450 - Holdem no limit (30/60) - 2023/01/31 17:50:50 UTC
Table: 'Expresso Nitro(628234472)#0' 3-max (real money) Seat #3 is the button
Seat 1: woody14850 (260)
Seat 2: _SKR (255)
Seat 3: EnzoTeddy (385)
*** ANTE/BLINDS ***
woody14850 posts small blind 30
_SKR posts big blind 60
Dealt to _SKR [Qh Jd]
*** PRE-FLOP *** 
EnzoTeddy folds
woody14850 folds
_SKR collected 90 from pot
*** SUMMARY ***
Total pot 90 | No rake
Seat 2: _SKR (big blind) won 90


Winamax Poker - Tournament "Expresso Nitro" buyIn: 1.86€ + 0.14€ level: 4 - HandId: #2698246511459827713-11-1675187460 - Holdem no limit (30/60) - 2023/01/31 17:51:00 UTC
Table: 'Expresso Nitro(628234472)#0' 3-max (real money) Seat #1 is the button
Seat 1: woody14850 (230)
Seat 2: _SKR (285)
Seat 3: EnzoTeddy (385)
*** ANTE/BLINDS ***
_SKR posts small blind 30
EnzoTeddy posts big blind 60
Dealt to _SKR [5h 8c]
*** PRE-FLOP *** 
woody14850 folds
_SKR folds
EnzoTeddy collected 90 from pot
*** SUMMARY ***
Total pot 90 | No rake
Seat 3: EnzoTeddy (big blind) won 90


Winamax Poker - Tournament "Expresso Nitro" buyIn: 1.86€ + 0.14€ level: 4 - HandId: #2698246511459827713-12-1675187464 - Holdem no limit (30/60) - 2023/01/31 17:51:04 UTC
Table: 'Expresso Nitro(628234472)#0' 3-max (real money) Seat #2 is the button
Seat 1: woody14850 (230)
Seat 2: _SKR (255)
Seat 3: EnzoTeddy (415)
*** ANTE/BLINDS ***
EnzoTeddy posts small blind 30
woody14850 posts big blind 60
Dealt to _SKR [2h 4d]
*** PRE-FLOP *** 
_SKR folds
EnzoTeddy raises 60 to 120
woody14850 folds
EnzoTeddy collected 180 from pot
*** SUMMARY ***
Total pot 180 | No rake
Seat 3: EnzoTeddy (small blind) won 180


Winamax Poker - Tournament "Expresso Nitro" buyIn: 1.86€ + 0.14€ level: 5 - HandId: #2698246511459827713-13-1675187476 - Holdem no limit (40/80) - 2023/01/31 17:51:16 UTC
Table: 'Expresso Nitro(628234472)#0' 3-max (real money) Seat #3 is the button
Seat 1: woody14850 (170)
Seat 2: _SKR (255)
Seat 3: EnzoTeddy (475)
*** ANTE/BLINDS ***
woody14850 posts small blind 40
_SKR posts big blind 80
Dealt to _SKR [Qs 4s]
*** PRE-FLOP *** 
EnzoTeddy folds
woody14850 raises 90 to 170 and is all-in
_SKR raises 85 to 255 and is all-in
*** FLOP *** [Kd 6h 8h]
*** TURN *** [Kd 6h 8h][7h]
*** RIVER *** [Kd 6h 8h 7h][7d]
*** SHOW DOWN ***
woody14850 shows [6d Ks] (Two pairs : Kings and 7)
_SKR shows [Qs 4s] (One pair : 7)
_SKR collected 85 from side pot 1
woody14850 collected 340 from main pot
*** SUMMARY ***
Total pot 425 | No rake
Board: [Kd 6h 8h 7h 7d]
Seat 1: woody14850 (small blind) showed [6d Ks] and won 340 with Two pairs : Kings and 7
Seat 2: _SKR (big blind) showed [Qs 4s] and won 85 with One pair : 7


Winamax Poker - Tournament "Expresso Nitro" buyIn: 1.86€ + 0.14€ level: 5 - HandId: #2698246511459827713-14-1675187491 - Holdem no limit (40/80) - 2023/01/31 17:51:31 UTC
Table: 'Expresso Nitro(628234472)#0' 3-max (real money) Seat #1 is the button
Seat 1: woody14850 (340)
Seat 2: _SKR (85)
Seat 3: EnzoTeddy (475)
*** ANTE/BLINDS ***
_SKR posts small blind 40
EnzoTeddy posts big blind 80
Dealt to _SKR [4s 9s]
*** PRE-FLOP *** 
woody14850 folds
_SKR raises 5 to 85 and is all-in
EnzoTeddy calls 5
*** FLOP *** [2h Ts 8c]
*** TURN *** [2h Ts 8c][8h]
*** RIVER *** [2h Ts 8c 8h][Td]
*** SHOW DOWN ***
_SKR shows [4s 9s] (Two pairs : Tens and 8)
EnzoTeddy shows [Qs Jc] (Two pairs : Tens and 8)
EnzoTeddy collected 170 from pot
*** SUMMARY ***
Total pot 170 | No rake
Board: [2h Ts 8c 8h Td]
Seat 2: _SKR (small blind) showed [4s 9s] and lost with Two pairs : Tens and 8
Seat 3: EnzoTeddy (big blind) showed [Qs Jc] and won 170 with Two pairs : Tens and 8


