Winamax Poker - Tournament "Expresso Nitro" buyIn: 0.93€ + 0.07€ level: 1 - HandId: #2674118729515663361-1-1673701888 - Holdem no limit (10/20) - 2023/01/14 13:11:28 UTC
Table: 'Expresso Nitro(622616785)#0' 3-max (real money) Seat #1 is the button
Seat 1: _SKR (300)
Seat 2: mamapaname (300)
Seat 3: Pinor13 (300)
*** ANTE/BLINDS ***
mamapaname posts small blind 10
Pinor13 posts big blind 20
Dealt to _SKR [Ks 3d]
*** PRE-FLOP *** 
_SKR folds
mamapaname calls 10
Pinor13 checks
*** FLOP *** [Qs 8c 4h]
mamapaname checks
Pinor13 checks
*** TURN *** [Qs 8c 4h][As]
mamapaname checks
Pinor13 bets 20
mamapaname folds
Pinor13 shows [2c 4d] (One pair : 4)
Pinor13 collected 60 from pot
*** SUMMARY ***
Total pot 60 | No rake
Board: [Qs 8c 4h As]
Seat 3: Pinor13 (big blind) showed [2c 4d] and won 60 with One pair : 4


Winamax Poker - Tournament "Expresso Nitro" buyIn: 0.93€ + 0.07€ level: 1 - HandId: #2674118729515663361-2-1673701910 - Holdem no limit (10/20) - 2023/01/14 13:11:50 UTC
Table: 'Expresso Nitro(622616785)#0' 3-max (real money) Seat #2 is the button
Seat 1: _SKR (300)
Seat 2: mamapaname (280)
Seat 3: Pinor13 (320)
*** ANTE/BLINDS ***
Pinor13 posts small blind 10
_SKR posts big blind 20
Dealt to _SKR [9c Jd]
*** PRE-FLOP *** 
mamapaname raises 20 to 40
Pinor13 calls 30
_SKR calls 20
*** FLOP *** [Qd 8s 4d]
Pinor13 checks
_SKR checks
mamapaname checks
*** TURN *** [Qd 8s 4d][7c]
Pinor13 checks
_SKR checks
mamapaname checks
*** RIVER *** [Qd 8s 4d 7c][9s]
Pinor13 checks
_SKR checks
mamapaname checks
*** SHOW DOWN ***
mamapaname shows [Kh 5h] (High card : King)
Pinor13 shows [Tc Ks] (High card : King)
_SKR shows [9c Jd] (One pair : 9)
_SKR collected 120 from pot
*** SUMMARY ***
Total pot 120 | No rake
Board: [Qd 8s 4d 7c 9s]
Seat 1: _SKR (big blind) showed [9c Jd] and won 120 with One pair : 9
Seat 2: mamapaname (button) showed [Kh 5h] and lost with High card : King
Seat 3: Pinor13 (small blind) showed [Tc Ks] and lost with High card : King


Winamax Poker - Tournament "Expresso Nitro" buyIn: 0.93€ + 0.07€ level: 2 - HandId: #2674118729515663361-3-1673701991 - Holdem no limit (15/30) - 2023/01/14 13:13:11 UTC
Table: 'Expresso Nitro(622616785)#0' 3-max (real money) Seat #3 is the button
Seat 1: _SKR (380)
Seat 2: mamapaname (240)
Seat 3: Pinor13 (280)
*** ANTE/BLINDS ***
_SKR posts small blind 15
mamapaname posts big blind 30
Dealt to _SKR [7d Ts]
*** PRE-FLOP *** 
Pinor13 folds
_SKR folds
mamapaname collected 45 from pot
*** SUMMARY ***
Total pot 45 | No rake
Seat 2: mamapaname (big blind) won 45


Winamax Poker - Tournament "Expresso Nitro" buyIn: 0.93€ + 0.07€ level: 2 - HandId: #2674118729515663361-4-1673701996 - Holdem no limit (15/30) - 2023/01/14 13:13:16 UTC
Table: 'Expresso Nitro(622616785)#0' 3-max (real money) Seat #1 is the button
Seat 1: _SKR (365)
Seat 2: mamapaname (255)
Seat 3: Pinor13 (280)
*** ANTE/BLINDS ***
mamapaname posts small blind 15
Pinor13 posts big blind 30
Dealt to _SKR [9h Qs]
*** PRE-FLOP *** 
_SKR folds
mamapaname folds
Pinor13 shows [7c 4s] (High card : 7)
Pinor13 collected 45 from pot
*** SUMMARY ***
Total pot 45 | No rake
Seat 3: Pinor13 (big blind) showed [7c 4s] and won 45 with High card : 7


Winamax Poker - Tournament "Expresso Nitro" buyIn: 0.93€ + 0.07€ level: 2 - HandId: #2674118729515663361-5-1673702004 - Holdem no limit (15/30) - 2023/01/14 13:13:24 UTC
Table: 'Expresso Nitro(622616785)#0' 3-max (real money) Seat #2 is the button
Seat 1: _SKR (365)
Seat 2: mamapaname (240)
Seat 3: Pinor13 (295)
*** ANTE/BLINDS ***
Pinor13 posts small blind 15
_SKR posts big blind 30
Dealt to _SKR [Qh Qc]
*** PRE-FLOP *** 
mamapaname folds
Pinor13 calls 15
_SKR raises 335 to 365 and is all-in
Pinor13 folds
_SKR collected 395 from pot
*** SUMMARY ***
Total pot 395 | No rake
Seat 1: _SKR (big blind) won 395


Winamax Poker - Tournament "Expresso Nitro" buyIn: 0.93€ + 0.07€ level: 3 - HandId: #2674118729515663361-6-1673702017 - Holdem no limit (20/40) - 2023/01/14 13:13:37 UTC
Table: 'Expresso Nitro(622616785)#0' 3-max (real money) Seat #3 is the button
Seat 1: _SKR (395)
Seat 2: mamapaname (240)
Seat 3: Pinor13 (265)
*** ANTE/BLINDS ***
_SKR posts small blind 20
mamapaname posts big blind 40
Dealt to _SKR [8c 5c]
*** PRE-FLOP *** 
Pinor13 folds
_SKR raises 355 to 395 and is all-in
mamapaname calls 200 and is all-in
*** FLOP *** [Qd 5d Td]
*** TURN *** [Qd 5d Td][Jc]
*** RIVER *** [Qd 5d Td Jc][7s]
*** SHOW DOWN ***
mamapaname shows [2c Kd] (High card : King)
_SKR shows [8c 5c] (One pair : 5)
_SKR collected 635 from pot
*** SUMMARY ***
Total pot 635 | No rake
Board: [Qd 5d Td Jc 7s]
Seat 1: _SKR (small blind) showed [8c 5c] and won 635 with One pair : 5
Seat 2: mamapaname (big blind) showed [2c Kd] and lost with High card : King


Winamax Poker - Tournament "Expresso Nitro" buyIn: 0.93€ + 0.07€ level: 3 - HandId: #2674118729515663361-7-1673702041 - Holdem no limit (20/40) - 2023/01/14 13:14:01 UTC
Table: 'Expresso Nitro(622616785)#0' 3-max (real money) Seat #3 is the button
Seat 1: _SKR (635)
Seat 3: Pinor13 (265)
*** ANTE/BLINDS ***
Pinor13 posts small blind 20
_SKR posts big blind 40
Dealt to _SKR [5d 3d]
*** PRE-FLOP *** 
Pinor13 calls 20
_SKR checks
*** FLOP *** [4d 9h 7h]
_SKR checks
Pinor13 checks
*** TURN *** [4d 9h 7h][Kd]
_SKR bets 40
Pinor13 raises 40 to 80
_SKR calls 40
*** RIVER *** [4d 9h 7h Kd][4s]
_SKR checks
Pinor13 bets 84
_SKR folds
Pinor13 collected 324 from pot
*** SUMMARY ***
Total pot 324 | No rake
Board: [4d 9h 7h Kd 4s]
Seat 3: Pinor13 (small blind) (button) won 324


Winamax Poker - Tournament "Expresso Nitro" buyIn: 0.93€ + 0.07€ level: 4 - HandId: #2674118729515663361-8-1673702083 - Holdem no limit (30/60) - 2023/01/14 13:14:43 UTC
Table: 'Expresso Nitro(622616785)#0' 3-max (real money) Seat #1 is the button
Seat 1: _SKR (515)
Seat 3: Pinor13 (385)
*** ANTE/BLINDS ***
_SKR posts small blind 30
Pinor13 posts big blind 60
Dealt to _SKR [9h Ac]
*** PRE-FLOP *** 
_SKR raises 455 to 515 and is all-in
Pinor13 folds
_SKR collected 575 from pot
*** SUMMARY ***
Total pot 575 | No rake
Seat 1: _SKR (small blind) (button) won 575


Winamax Poker - Tournament "Expresso Nitro" buyIn: 0.93€ + 0.07€ level: 4 - HandId: #2674118729515663361-9-1673702089 - Holdem no limit (30/60) - 2023/01/14 13:14:49 UTC
Table: 'Expresso Nitro(622616785)#0' 3-max (real money) Seat #3 is the button
Seat 1: _SKR (575)
Seat 3: Pinor13 (325)
*** ANTE/BLINDS ***
Pinor13 posts small blind 30
_SKR posts big blind 60
Dealt to _SKR [5c 2s]
*** PRE-FLOP *** 
Pinor13 calls 30
_SKR checks
*** FLOP *** [As 2d Ad]
_SKR checks
Pinor13 bets 60
_SKR calls 60
*** TURN *** [As 2d Ad][Td]
_SKR checks
Pinor13 bets 60
_SKR calls 60
*** RIVER *** [As 2d Ad Td][5h]
_SKR checks
Pinor13 bets 145 and is all-in
_SKR calls 145
*** SHOW DOWN ***
Pinor13 shows [4h 6h] (One pair : Aces)
_SKR shows [5c 2s] (Two pairs : Aces and 5)
_SKR collected 650 from pot
*** SUMMARY ***
Total pot 650 | No rake
Board: [As 2d Ad Td 5h]
Seat 1: _SKR (big blind) showed [5c 2s] and won 650 with Two pairs : Aces and 5
Seat 3: Pinor13 (small blind) (button) showed [4h 6h] and lost with One pair : Aces


