Winamax Poker - Tournament "Expresso Nitro" buyIn: 1.86€ + 0.14€ level: 1 - HandId: #2696549131794513921-1-1675086451 - Holdem no limit (10/20) - 2023/01/30 13:47:31 UTC
Table: 'Expresso Nitro(627839270)#0' 3-max (real money) Seat #1 is the button
Seat 1: Bosca9 (300)
Seat 2: -lawin- (300)
Seat 3: _SKR (300)
*** ANTE/BLINDS ***
-lawin- posts small blind 10
_SKR posts big blind 20
Dealt to _SKR [9s 6c]
*** PRE-FLOP *** 
Bosca9 calls 20
-lawin- folds
_SKR checks
*** FLOP *** [8s 2h 2s]
_SKR checks
Bosca9 bets 20
_SKR folds
Bosca9 collected 70 from pot
*** SUMMARY ***
Total pot 70 | No rake
Board: [8s 2h 2s]
Seat 1: Bosca9 (button) won 70


Winamax Poker - Tournament "Expresso Nitro" buyIn: 1.86€ + 0.14€ level: 1 - HandId: #2696549131794513921-2-1675086468 - Holdem no limit (10/20) - 2023/01/30 13:47:48 UTC
Table: 'Expresso Nitro(627839270)#0' 3-max (real money) Seat #2 is the button
Seat 1: Bosca9 (330)
Seat 2: -lawin- (290)
Seat 3: _SKR (280)
*** ANTE/BLINDS ***
_SKR posts small blind 10
Bosca9 posts big blind 20
Dealt to _SKR [Qc 8s]
*** PRE-FLOP *** 
-lawin- raises 20 to 40
_SKR folds
Bosca9 calls 20
*** FLOP *** [9d Kc 5d]
Bosca9 checks
-lawin- bets 72
Bosca9 folds
-lawin- collected 162 from pot
*** SUMMARY ***
Total pot 162 | No rake
Board: [9d Kc 5d]
Seat 2: -lawin- (button) won 162


Winamax Poker - Tournament "Expresso Nitro" buyIn: 1.86€ + 0.14€ level: 1 - HandId: #2696549131794513921-3-1675086482 - Holdem no limit (10/20) - 2023/01/30 13:48:02 UTC
Table: 'Expresso Nitro(627839270)#0' 3-max (real money) Seat #3 is the button
Seat 1: Bosca9 (290)
Seat 2: -lawin- (340)
Seat 3: _SKR (270)
*** ANTE/BLINDS ***
Bosca9 posts small blind 10
-lawin- posts big blind 20
Dealt to _SKR [Tc Js]
*** PRE-FLOP *** 
_SKR folds
Bosca9 raises 20 to 40
-lawin- calls 20
*** FLOP *** [7c Th 2s]
Bosca9 bets 20
-lawin- calls 20
*** TURN *** [7c Th 2s][2d]
Bosca9 bets 20
-lawin- folds
Bosca9 collected 140 from pot
*** SUMMARY ***
Total pot 140 | No rake
Board: [7c Th 2s 2d]
Seat 1: Bosca9 (small blind) won 140


Winamax Poker - Tournament "Expresso Nitro" buyIn: 1.86€ + 0.14€ level: 2 - HandId: #2696549131794513921-4-1675086512 - Holdem no limit (15/30) - 2023/01/30 13:48:32 UTC
Table: 'Expresso Nitro(627839270)#0' 3-max (real money) Seat #1 is the button
Seat 1: Bosca9 (350)
Seat 2: -lawin- (280)
Seat 3: _SKR (270)
*** ANTE/BLINDS ***
-lawin- posts small blind 15
_SKR posts big blind 30
Dealt to _SKR [Ah 9d]
*** PRE-FLOP *** 
Bosca9 calls 30
-lawin- folds
_SKR raises 240 to 270 and is all-in
Bosca9 folds
_SKR collected 315 from pot
*** SUMMARY ***
Total pot 315 | No rake
Seat 3: _SKR (big blind) won 315


Winamax Poker - Tournament "Expresso Nitro" buyIn: 1.86€ + 0.14€ level: 2 - HandId: #2696549131794513921-5-1675086519 - Holdem no limit (15/30) - 2023/01/30 13:48:39 UTC
Table: 'Expresso Nitro(627839270)#0' 3-max (real money) Seat #2 is the button
Seat 1: Bosca9 (320)
Seat 2: -lawin- (265)
Seat 3: _SKR (315)
*** ANTE/BLINDS ***
_SKR posts small blind 15
Bosca9 posts big blind 30
Dealt to _SKR [8h Js]
*** PRE-FLOP *** 
-lawin- raises 235 to 265 and is all-in
_SKR folds
Bosca9 calls 235
*** FLOP *** [3c Kc 7s]
*** TURN *** [3c Kc 7s][Ts]
*** RIVER *** [3c Kc 7s Ts][6h]
*** SHOW DOWN ***
Bosca9 shows [Qs Ah] (High card : Ace)
-lawin- shows [Tc Td] (Trips of Tens)
-lawin- collected 545 from pot
*** SUMMARY ***
Total pot 545 | No rake
Board: [3c Kc 7s Ts 6h]
Seat 1: Bosca9 (big blind) showed [Qs Ah] and lost with High card : Ace
Seat 2: -lawin- (button) showed [Tc Td] and won 545 with Trips of Tens


Winamax Poker - Tournament "Expresso Nitro" buyIn: 1.86€ + 0.14€ level: 2 - HandId: #2696549131794513921-6-1675086539 - Holdem no limit (15/30) - 2023/01/30 13:48:59 UTC
Table: 'Expresso Nitro(627839270)#0' 3-max (real money) Seat #3 is the button
Seat 1: Bosca9 (55)
Seat 2: -lawin- (545)
Seat 3: _SKR (300)
*** ANTE/BLINDS ***
Bosca9 posts small blind 15
-lawin- posts big blind 30
Dealt to _SKR [3h 7h]
*** PRE-FLOP *** 
_SKR folds
Bosca9 raises 25 to 55 and is all-in
-lawin- calls 25
*** FLOP *** [6s Jh Jc]
*** TURN *** [6s Jh Jc][Jd]
*** RIVER *** [6s Jh Jc Jd][Qh]
*** SHOW DOWN ***
Bosca9 shows [As 5h] (Trips of Jacks)
-lawin- shows [7c 7s] (Full of Jacks and 7)
-lawin- collected 110 from pot
*** SUMMARY ***
Total pot 110 | No rake
Board: [6s Jh Jc Jd Qh]
Seat 1: Bosca9 (small blind) showed [As 5h] and lost with Trips of Jacks
Seat 2: -lawin- (big blind) showed [7c 7s] and won 110 with Full of Jacks and 7


Winamax Poker - Tournament "Expresso Nitro" buyIn: 1.86€ + 0.14€ level: 2 - HandId: #2696549131794513921-7-1675086553 - Holdem no limit (15/30) - 2023/01/30 13:49:13 UTC
Table: 'Expresso Nitro(627839270)#0' 3-max (real money) Seat #2 is the button
Seat 2: -lawin- (600)
Seat 3: _SKR (300)
*** ANTE/BLINDS ***
-lawin- posts small blind 15
_SKR posts big blind 30
Dealt to _SKR [6d 6s]
*** PRE-FLOP *** 
-lawin- folds
_SKR collected 45 from pot
*** SUMMARY ***
Total pot 45 | No rake
Seat 3: _SKR (big blind) won 45


Winamax Poker - Tournament "Expresso Nitro" buyIn: 1.86€ + 0.14€ level: 2 - HandId: #2696549131794513921-8-1675086556 - Holdem no limit (15/30) - 2023/01/30 13:49:16 UTC
Table: 'Expresso Nitro(627839270)#0' 3-max (real money) Seat #3 is the button
Seat 2: -lawin- (585)
Seat 3: _SKR (315)
*** ANTE/BLINDS ***
_SKR posts small blind 15
-lawin- posts big blind 30
Dealt to _SKR [3d Kd]
*** PRE-FLOP *** 
_SKR calls 15
-lawin- checks
*** FLOP *** [5s Jd 2c]
-lawin- checks
_SKR checks
*** TURN *** [5s Jd 2c][9c]
-lawin- checks
_SKR checks
*** RIVER *** [5s Jd 2c 9c][Qs]
-lawin- checks
_SKR checks
*** SHOW DOWN ***
-lawin- shows [6h 8h] (High card : Queen)
_SKR shows [3d Kd] (High card : King)
_SKR collected 60 from pot
*** SUMMARY ***
Total pot 60 | No rake
Board: [5s Jd 2c 9c Qs]
Seat 2: -lawin- (big blind) showed [6h 8h] and lost with High card : Queen
Seat 3: _SKR (small blind) (button) showed [3d Kd] and won 60 with High card : King


Winamax Poker - Tournament "Expresso Nitro" buyIn: 1.86€ + 0.14€ level: 3 - HandId: #2696549131794513921-9-1675086591 - Holdem no limit (20/40) - 2023/01/30 13:49:51 UTC
Table: 'Expresso Nitro(627839270)#0' 3-max (real money) Seat #2 is the button
Seat 2: -lawin- (555)
Seat 3: _SKR (345)
*** ANTE/BLINDS ***
-lawin- posts small blind 20
_SKR posts big blind 40
Dealt to _SKR [Th Jd]
*** PRE-FLOP *** 
-lawin- raises 40 to 80
_SKR calls 40
*** FLOP *** [6h Ts Jc]
_SKR checks
-lawin- bets 40
_SKR calls 40
*** TURN *** [6h Ts Jc][9s]
_SKR checks
-lawin- checks
*** RIVER *** [6h Ts Jc 9s][8s]
_SKR checks
-lawin- checks
*** SHOW DOWN ***
-lawin- shows [5s 5d] (One pair : 5)
_SKR shows [Th Jd] (Two pairs : Jacks and Tens)
_SKR collected 240 from pot
*** SUMMARY ***
Total pot 240 | No rake
Board: [6h Ts Jc 9s 8s]
Seat 2: -lawin- (small blind) (button) showed [5s 5d] and lost with One pair : 5
Seat 3: _SKR (big blind) showed [Th Jd] and won 240 with Two pairs : Jacks and Tens


Winamax Poker - Tournament "Expresso Nitro" buyIn: 1.86€ + 0.14€ level: 3 - HandId: #2696549131794513921-10-1675086612 - Holdem no limit (20/40) - 2023/01/30 13:50:12 UTC
Table: 'Expresso Nitro(627839270)#0' 3-max (real money) Seat #3 is the button
Seat 2: -lawin- (435)
Seat 3: _SKR (465)
*** ANTE/BLINDS ***
_SKR posts small blind 20
-lawin- posts big blind 40
Dealt to _SKR [8c Kc]
*** PRE-FLOP *** 
_SKR raises 425 to 465 and is all-in
-lawin- folds
_SKR collected 505 from pot
*** SUMMARY ***
Total pot 505 | No rake
Seat 3: _SKR (small blind) (button) won 505


Winamax Poker - Tournament "Expresso Nitro" buyIn: 1.86€ + 0.14€ level: 3 - HandId: #2696549131794513921-11-1675086617 - Holdem no limit (20/40) - 2023/01/30 13:50:17 UTC
Table: 'Expresso Nitro(627839270)#0' 3-max (real money) Seat #2 is the button
Seat 2: -lawin- (395)
Seat 3: _SKR (505)
*** ANTE/BLINDS ***
-lawin- posts small blind 20
_SKR posts big blind 40
Dealt to _SKR [Jc 9s]
*** PRE-FLOP *** 
-lawin- raises 40 to 80
_SKR calls 40
*** FLOP *** [6h 7s 5d]
_SKR checks
-lawin- checks
*** TURN *** [6h 7s 5d][Td]
_SKR bets 80
-lawin- calls 80
*** RIVER *** [6h 7s 5d Td][2s]
_SKR bets 345 and is all-in
-lawin- calls 235 and is all-in
*** SHOW DOWN ***
-lawin- shows [Ts Kd] (One pair : Tens)
_SKR shows [Jc 9s] (High card : Jack)
_SKR collected 110 from side pot 1
-lawin- collected 790 from main pot
*** SUMMARY ***
Total pot 900 | No rake
Board: [6h 7s 5d Td 2s]
Seat 2: -lawin- (small blind) (button) showed [Ts Kd] and won 790 with One pair : Tens
Seat 3: _SKR (big blind) showed [Jc 9s] and won 110 with High card : Jack


Winamax Poker - Tournament "Expresso Nitro" buyIn: 1.86€ + 0.14€ level: 4 - HandId: #2696549131794513921-12-1675086636 - Holdem no limit (30/60) - 2023/01/30 13:50:36 UTC
Table: 'Expresso Nitro(627839270)#0' 3-max (real money) Seat #3 is the button
Seat 2: -lawin- (790)
Seat 3: _SKR (110)
*** ANTE/BLINDS ***
_SKR posts small blind 30
-lawin- posts big blind 60
Dealt to _SKR [7d Kd]
*** PRE-FLOP *** 
_SKR raises 50 to 110 and is all-in
-lawin- calls 50
*** FLOP *** [4s 3c Kh]
*** TURN *** [4s 3c Kh][As]
*** RIVER *** [4s 3c Kh As][Ts]
*** SHOW DOWN ***
-lawin- shows [7h 2s] (High card : Ace)
_SKR shows [7d Kd] (One pair : Kings)
_SKR collected 220 from pot
*** SUMMARY ***
Total pot 220 | No rake
Board: [4s 3c Kh As Ts]
Seat 2: -lawin- (big blind) showed [7h 2s] and lost with High card : Ace
Seat 3: _SKR (small blind) (button) showed [7d Kd] and won 220 with One pair : Kings


Winamax Poker - Tournament "Expresso Nitro" buyIn: 1.86€ + 0.14€ level: 4 - HandId: #2696549131794513921-13-1675086652 - Holdem no limit (30/60) - 2023/01/30 13:50:52 UTC
Table: 'Expresso Nitro(627839270)#0' 3-max (real money) Seat #2 is the button
Seat 2: -lawin- (680)
Seat 3: _SKR (220)
*** ANTE/BLINDS ***
-lawin- posts small blind 30
_SKR posts big blind 60
Dealt to _SKR [7d 5c]
*** PRE-FLOP *** 
-lawin- folds
_SKR collected 90 from pot
*** SUMMARY ***
Total pot 90 | No rake
Seat 3: _SKR (big blind) won 90


Winamax Poker - Tournament "Expresso Nitro" buyIn: 1.86€ + 0.14€ level: 4 - HandId: #2696549131794513921-14-1675086655 - Holdem no limit (30/60) - 2023/01/30 13:50:55 UTC
Table: 'Expresso Nitro(627839270)#0' 3-max (real money) Seat #3 is the button
Seat 2: -lawin- (650)
Seat 3: _SKR (250)
*** ANTE/BLINDS ***
_SKR posts small blind 30
-lawin- posts big blind 60
Dealt to _SKR [3c 9s]
*** PRE-FLOP *** 
_SKR folds
-lawin- collected 90 from pot
*** SUMMARY ***
Total pot 90 | No rake
Seat 2: -lawin- (big blind) won 90


Winamax Poker - Tournament "Expresso Nitro" buyIn: 1.86€ + 0.14€ level: 4 - HandId: #2696549131794513921-15-1675086660 - Holdem no limit (30/60) - 2023/01/30 13:51:00 UTC
Table: 'Expresso Nitro(627839270)#0' 3-max (real money) Seat #2 is the button
Seat 2: -lawin- (680)
Seat 3: _SKR (220)
*** ANTE/BLINDS ***
-lawin- posts small blind 30
_SKR posts big blind 60
Dealt to _SKR [6h 4c]
*** PRE-FLOP *** 
-lawin- folds
_SKR collected 90 from pot
*** SUMMARY ***
Total pot 90 | No rake
Seat 3: _SKR (big blind) won 90


Winamax Poker - Tournament "Expresso Nitro" buyIn: 1.86€ + 0.14€ level: 4 - HandId: #2696549131794513921-16-1675086663 - Holdem no limit (30/60) - 2023/01/30 13:51:03 UTC
Table: 'Expresso Nitro(627839270)#0' 3-max (real money) Seat #3 is the button
Seat 2: -lawin- (650)
Seat 3: _SKR (250)
*** ANTE/BLINDS ***
_SKR posts small blind 30
-lawin- posts big blind 60
Dealt to _SKR [Jc 7c]
*** PRE-FLOP *** 
_SKR raises 190 to 250 and is all-in
-lawin- calls 190
*** FLOP *** [Jh 3s 6c]
*** TURN *** [Jh 3s 6c][3c]
*** RIVER *** [Jh 3s 6c 3c][7d]
*** SHOW DOWN ***
-lawin- shows [9h 8c] (One pair : 3)
_SKR shows [Jc 7c] (Two pairs : Jacks and 7)
_SKR collected 500 from pot
*** SUMMARY ***
Total pot 500 | No rake
Board: [Jh 3s 6c 3c 7d]
Seat 2: -lawin- (big blind) showed [9h 8c] and lost with One pair : 3
Seat 3: _SKR (small blind) (button) showed [Jc 7c] and won 500 with Two pairs : Jacks and 7


Winamax Poker - Tournament "Expresso Nitro" buyIn: 1.86€ + 0.14€ level: 4 - HandId: #2696549131794513921-17-1675086679 - Holdem no limit (30/60) - 2023/01/30 13:51:19 UTC
Table: 'Expresso Nitro(627839270)#0' 3-max (real money) Seat #2 is the button
Seat 2: -lawin- (400)
Seat 3: _SKR (500)
*** ANTE/BLINDS ***
-lawin- posts small blind 30
_SKR posts big blind 60
Dealt to _SKR [Qd 2h]
*** PRE-FLOP *** 
-lawin- folds
_SKR collected 90 from pot
*** SUMMARY ***
Total pot 90 | No rake
Seat 3: _SKR (big blind) won 90


Winamax Poker - Tournament "Expresso Nitro" buyIn: 1.86€ + 0.14€ level: 4 - HandId: #2696549131794513921-18-1675086683 - Holdem no limit (30/60) - 2023/01/30 13:51:23 UTC
Table: 'Expresso Nitro(627839270)#0' 3-max (real money) Seat #3 is the button
Seat 2: -lawin- (370)
Seat 3: _SKR (530)
*** ANTE/BLINDS ***
_SKR posts small blind 30
-lawin- posts big blind 60
Dealt to _SKR [4c As]
*** PRE-FLOP *** 
_SKR raises 470 to 530 and is all-in
-lawin- calls 310 and is all-in
*** FLOP *** [2h Ah Ks]
*** TURN *** [2h Ah Ks][9c]
*** RIVER *** [2h Ah Ks 9c][9d]
*** SHOW DOWN ***
-lawin- shows [6c 7s] (One pair : 9)
_SKR shows [4c As] (Two pairs : Aces and 9)
_SKR collected 900 from pot
*** SUMMARY ***
Total pot 900 | No rake
Board: [2h Ah Ks 9c 9d]
Seat 2: -lawin- (big blind) showed [6c 7s] and lost with One pair : 9
Seat 3: _SKR (small blind) (button) showed [4c As] and won 900 with Two pairs : Aces and 9


