Winamax Poker - Tournament "Expresso Nitro" buyIn: 1.86€ + 0.14€ level: 1 - HandId: #2695223477253701633-1-1675000809 - Holdem no limit (10/20) - 2023/01/29 14:00:09 UTC
Table: 'Expresso Nitro(627530617)#0' 3-max (real money) Seat #2 is the button
Seat 1: Amuntt83 (300)
Seat 2: _SKR (300)
Seat 3: Daad (300)
*** ANTE/BLINDS ***
Daad posts small blind 10
Amuntt83 posts big blind 20
Dealt to _SKR [3s 7d]
*** PRE-FLOP *** 
_SKR folds
Daad folds
Amuntt83 collected 30 from pot
*** SUMMARY ***
Total pot 30 | No rake
Seat 1: Amuntt83 (big blind) won 30


Winamax Poker - Tournament "Expresso Nitro" buyIn: 1.86€ + 0.14€ level: 1 - HandId: #2695223477253701633-2-1675000819 - Holdem no limit (10/20) - 2023/01/29 14:00:19 UTC
Table: 'Expresso Nitro(627530617)#0' 3-max (real money) Seat #3 is the button
Seat 1: Amuntt83 (310)
Seat 2: _SKR (300)
Seat 3: Daad (290)
*** ANTE/BLINDS ***
Amuntt83 posts small blind 10
_SKR posts big blind 20
Dealt to _SKR [9d Ad]
*** PRE-FLOP *** 
Daad raises 20 to 40
Amuntt83 folds
_SKR raises 260 to 300 and is all-in
Daad folds
_SKR collected 350 from pot
*** SUMMARY ***
Total pot 350 | No rake
Seat 2: _SKR (big blind) won 350


Winamax Poker - Tournament "Expresso Nitro" buyIn: 1.86€ + 0.14€ level: 1 - HandId: #2695223477253701633-3-1675000829 - Holdem no limit (10/20) - 2023/01/29 14:00:29 UTC
Table: 'Expresso Nitro(627530617)#0' 3-max (real money) Seat #1 is the button
Seat 1: Amuntt83 (300)
Seat 2: _SKR (350)
Seat 3: Daad (250)
*** ANTE/BLINDS ***
_SKR posts small blind 10
Daad posts big blind 20
Dealt to _SKR [Jc Qh]
*** PRE-FLOP *** 
Amuntt83 calls 20
_SKR raises 330 to 350 and is all-in
Daad folds
Amuntt83 folds
_SKR collected 390 from pot
*** SUMMARY ***
Total pot 390 | No rake
Seat 2: _SKR (small blind) won 390


Winamax Poker - Tournament "Expresso Nitro" buyIn: 1.86€ + 0.14€ level: 1 - HandId: #2695223477253701633-4-1675000844 - Holdem no limit (10/20) - 2023/01/29 14:00:44 UTC
Table: 'Expresso Nitro(627530617)#0' 3-max (real money) Seat #2 is the button
Seat 1: Amuntt83 (280)
Seat 2: _SKR (390)
Seat 3: Daad (230)
*** ANTE/BLINDS ***
Daad posts small blind 10
Amuntt83 posts big blind 20
Dealt to _SKR [Jd Kc]
*** PRE-FLOP *** 
_SKR raises 370 to 390 and is all-in
Daad folds
Amuntt83 folds
_SKR collected 420 from pot
*** SUMMARY ***
Total pot 420 | No rake
Seat 2: _SKR (button) won 420


Winamax Poker - Tournament "Expresso Nitro" buyIn: 1.86€ + 0.14€ level: 1 - HandId: #2695223477253701633-5-1675000860 - Holdem no limit (10/20) - 2023/01/29 14:01:00 UTC
Table: 'Expresso Nitro(627530617)#0' 3-max (real money) Seat #3 is the button
Seat 1: Amuntt83 (260)
Seat 2: _SKR (420)
Seat 3: Daad (220)
*** ANTE/BLINDS ***
Amuntt83 posts small blind 10
_SKR posts big blind 20
Dealt to _SKR [9c 3s]
*** PRE-FLOP *** 
Daad folds
Amuntt83 calls 10
_SKR checks
*** FLOP *** [2s 9h 7d]
Amuntt83 checks
_SKR bets 20
Amuntt83 calls 20
*** TURN *** [2s 9h 7d][7c]
Amuntt83 checks
_SKR checks
*** RIVER *** [2s 9h 7d 7c][Qd]
Amuntt83 bets 80
_SKR calls 80
*** SHOW DOWN ***
_SKR shows [9c 3s] (Two pairs : 9 and 7)
Amuntt83 shows [Qc Td] (Two pairs : Queens and 7)
Amuntt83 collected 240 from pot
*** SUMMARY ***
Total pot 240 | No rake
Board: [2s 9h 7d 7c Qd]
Seat 1: Amuntt83 (small blind) showed [Qc Td] and won 240 with Two pairs : Queens and 7
Seat 2: _SKR (big blind) showed [9c 3s] and lost with Two pairs : 9 and 7


Winamax Poker - Tournament "Expresso Nitro" buyIn: 1.86€ + 0.14€ level: 2 - HandId: #2695223477253701633-6-1675000896 - Holdem no limit (15/30) - 2023/01/29 14:01:36 UTC
Table: 'Expresso Nitro(627530617)#0' 3-max (real money) Seat #1 is the button
Seat 1: Amuntt83 (380)
Seat 2: _SKR (300)
Seat 3: Daad (220)
*** ANTE/BLINDS ***
_SKR posts small blind 15
Daad posts big blind 30
Dealt to _SKR [Qh Ts]
*** PRE-FLOP *** 
Amuntt83 raises 60 to 90
_SKR folds
Daad folds
Amuntt83 collected 135 from pot
*** SUMMARY ***
Total pot 135 | No rake
Seat 1: Amuntt83 (button) won 135


Winamax Poker - Tournament "Expresso Nitro" buyIn: 1.86€ + 0.14€ level: 2 - HandId: #2695223477253701633-7-1675000907 - Holdem no limit (15/30) - 2023/01/29 14:01:47 UTC
Table: 'Expresso Nitro(627530617)#0' 3-max (real money) Seat #2 is the button
Seat 1: Amuntt83 (425)
Seat 2: _SKR (285)
Seat 3: Daad (190)
*** ANTE/BLINDS ***
Daad posts small blind 15
Amuntt83 posts big blind 30
Dealt to _SKR [7s Ks]
*** PRE-FLOP *** 
_SKR folds
Daad raises 160 to 190 and is all-in
Amuntt83 folds
Daad collected 220 from pot
*** SUMMARY ***
Total pot 220 | No rake
Seat 3: Daad (small blind) won 220


Winamax Poker - Tournament "Expresso Nitro" buyIn: 1.86€ + 0.14€ level: 2 - HandId: #2695223477253701633-8-1675000917 - Holdem no limit (15/30) - 2023/01/29 14:01:57 UTC
Table: 'Expresso Nitro(627530617)#0' 3-max (real money) Seat #3 is the button
Seat 1: Amuntt83 (395)
Seat 2: _SKR (285)
Seat 3: Daad (220)
*** ANTE/BLINDS ***
Amuntt83 posts small blind 15
_SKR posts big blind 30
Dealt to _SKR [3h 4c]
*** PRE-FLOP *** 
Daad folds
Amuntt83 raises 60 to 90
_SKR folds
Amuntt83 collected 120 from pot
*** SUMMARY ***
Total pot 120 | No rake
Seat 1: Amuntt83 (small blind) won 120


Winamax Poker - Tournament "Expresso Nitro" buyIn: 1.86€ + 0.14€ level: 3 - HandId: #2695223477253701633-9-1675000928 - Holdem no limit (20/40) - 2023/01/29 14:02:08 UTC
Table: 'Expresso Nitro(627530617)#0' 3-max (real money) Seat #1 is the button
Seat 1: Amuntt83 (425)
Seat 2: _SKR (255)
Seat 3: Daad (220)
*** ANTE/BLINDS ***
_SKR posts small blind 20
Daad posts big blind 40
Dealt to _SKR [6h Ac]
*** PRE-FLOP *** 
Amuntt83 calls 40
_SKR raises 215 to 255 and is all-in
Daad folds
Amuntt83 folds
_SKR collected 335 from pot
*** SUMMARY ***
Total pot 335 | No rake
Seat 2: _SKR (small blind) won 335


Winamax Poker - Tournament "Expresso Nitro" buyIn: 1.86€ + 0.14€ level: 3 - HandId: #2695223477253701633-10-1675000946 - Holdem no limit (20/40) - 2023/01/29 14:02:26 UTC
Table: 'Expresso Nitro(627530617)#0' 3-max (real money) Seat #2 is the button
Seat 1: Amuntt83 (385)
Seat 2: _SKR (335)
Seat 3: Daad (180)
*** ANTE/BLINDS ***
Daad posts small blind 20
Amuntt83 posts big blind 40
Dealt to _SKR [Kc 5h]
*** PRE-FLOP *** 
_SKR folds
Daad raises 140 to 180 and is all-in
Amuntt83 folds
Daad collected 220 from pot
*** SUMMARY ***
Total pot 220 | No rake
Seat 3: Daad (small blind) won 220


Winamax Poker - Tournament "Expresso Nitro" buyIn: 1.86€ + 0.14€ level: 3 - HandId: #2695223477253701633-11-1675000954 - Holdem no limit (20/40) - 2023/01/29 14:02:34 UTC
Table: 'Expresso Nitro(627530617)#0' 3-max (real money) Seat #3 is the button
Seat 1: Amuntt83 (345)
Seat 2: _SKR (335)
Seat 3: Daad (220)
*** ANTE/BLINDS ***
Amuntt83 posts small blind 20
_SKR posts big blind 40
Dealt to _SKR [Ks 5d]
*** PRE-FLOP *** 
Daad folds
Amuntt83 raises 305 to 345 and is all-in
_SKR folds
Amuntt83 collected 385 from pot
*** SUMMARY ***
Total pot 385 | No rake
Seat 1: Amuntt83 (small blind) won 385


Winamax Poker - Tournament "Expresso Nitro" buyIn: 1.86€ + 0.14€ level: 3 - HandId: #2695223477253701633-12-1675000969 - Holdem no limit (20/40) - 2023/01/29 14:02:49 UTC
Table: 'Expresso Nitro(627530617)#0' 3-max (real money) Seat #1 is the button
Seat 1: Amuntt83 (385)
Seat 2: _SKR (295)
Seat 3: Daad (220)
*** ANTE/BLINDS ***
_SKR posts small blind 20
Daad posts big blind 40
Dealt to _SKR [5h 9c]
*** PRE-FLOP *** 
Amuntt83 raises 100 to 140
_SKR folds
Daad folds
Amuntt83 collected 200 from pot
*** SUMMARY ***
Total pot 200 | No rake
Seat 1: Amuntt83 (button) won 200


Winamax Poker - Tournament "Expresso Nitro" buyIn: 1.86€ + 0.14€ level: 3 - HandId: #2695223477253701633-13-1675000983 - Holdem no limit (20/40) - 2023/01/29 14:03:03 UTC
Table: 'Expresso Nitro(627530617)#0' 3-max (real money) Seat #2 is the button
Seat 1: Amuntt83 (445)
Seat 2: _SKR (275)
Seat 3: Daad (180)
*** ANTE/BLINDS ***
Daad posts small blind 20
Amuntt83 posts big blind 40
Dealt to _SKR [Js 3h]
*** PRE-FLOP *** 
_SKR folds
Daad folds
Amuntt83 collected 60 from pot
*** SUMMARY ***
Total pot 60 | No rake
Seat 1: Amuntt83 (big blind) won 60


Winamax Poker - Tournament "Expresso Nitro" buyIn: 1.86€ + 0.14€ level: 4 - HandId: #2695223477253701633-14-1675000993 - Holdem no limit (30/60) - 2023/01/29 14:03:13 UTC
Table: 'Expresso Nitro(627530617)#0' 3-max (real money) Seat #3 is the button
Seat 1: Amuntt83 (465)
Seat 2: _SKR (275)
Seat 3: Daad (160)
*** ANTE/BLINDS ***
Amuntt83 posts small blind 30
_SKR posts big blind 60
Dealt to _SKR [6h Tc]
*** PRE-FLOP *** 
Daad raises 100 to 160 and is all-in
Amuntt83 folds
_SKR calls 100
*** FLOP *** [Ts 5c 4d]
*** TURN *** [Ts 5c 4d][Kh]
*** RIVER *** [Ts 5c 4d Kh][3s]
*** SHOW DOWN ***
Daad shows [8c Ad] (High card : Ace)
_SKR shows [6h Tc] (One pair : Tens)
_SKR collected 350 from pot
*** SUMMARY ***
Total pot 350 | No rake
Board: [Ts 5c 4d Kh 3s]
Seat 2: _SKR (big blind) showed [6h Tc] and won 350 with One pair : Tens
Seat 3: Daad (button) showed [8c Ad] and lost with High card : Ace


Winamax Poker - Tournament "Expresso Nitro" buyIn: 1.86€ + 0.14€ level: 4 - HandId: #2695223477253701633-15-1675001012 - Holdem no limit (30/60) - 2023/01/29 14:03:32 UTC
Table: 'Expresso Nitro(627530617)#0' 3-max (real money) Seat #2 is the button
Seat 1: Amuntt83 (435)
Seat 2: _SKR (465)
*** ANTE/BLINDS ***
_SKR posts small blind 30
Amuntt83 posts big blind 60
Dealt to _SKR [3h Kh]
*** PRE-FLOP *** 
_SKR raises 405 to 465 and is all-in
Amuntt83 folds
_SKR collected 525 from pot
*** SUMMARY ***
Total pot 525 | No rake
Seat 2: _SKR (small blind) (button) won 525


Winamax Poker - Tournament "Expresso Nitro" buyIn: 1.86€ + 0.14€ level: 4 - HandId: #2695223477253701633-16-1675001020 - Holdem no limit (30/60) - 2023/01/29 14:03:40 UTC
Table: 'Expresso Nitro(627530617)#0' 3-max (real money) Seat #1 is the button
Seat 1: Amuntt83 (375)
Seat 2: _SKR (525)
*** ANTE/BLINDS ***
Amuntt83 posts small blind 30
_SKR posts big blind 60
Dealt to _SKR [5d 9c]
*** PRE-FLOP *** 
Amuntt83 folds
_SKR collected 90 from pot
*** SUMMARY ***
Total pot 90 | No rake
Seat 2: _SKR (big blind) won 90


Winamax Poker - Tournament "Expresso Nitro" buyIn: 1.86€ + 0.14€ level: 4 - HandId: #2695223477253701633-17-1675001025 - Holdem no limit (30/60) - 2023/01/29 14:03:45 UTC
Table: 'Expresso Nitro(627530617)#0' 3-max (real money) Seat #2 is the button
Seat 1: Amuntt83 (345)
Seat 2: _SKR (555)
*** ANTE/BLINDS ***
_SKR posts small blind 30
Amuntt83 posts big blind 60
Dealt to _SKR [3h Jh]
*** PRE-FLOP *** 
_SKR raises 495 to 555 and is all-in
Amuntt83 folds
_SKR collected 615 from pot
*** SUMMARY ***
Total pot 615 | No rake
Seat 2: _SKR (small blind) (button) won 615


Winamax Poker - Tournament "Expresso Nitro" buyIn: 1.86€ + 0.14€ level: 4 - HandId: #2695223477253701633-18-1675001035 - Holdem no limit (30/60) - 2023/01/29 14:03:55 UTC
Table: 'Expresso Nitro(627530617)#0' 3-max (real money) Seat #1 is the button
Seat 1: Amuntt83 (285)
Seat 2: _SKR (615)
*** ANTE/BLINDS ***
Amuntt83 posts small blind 30
_SKR posts big blind 60
Dealt to _SKR [Ac 5c]
*** PRE-FLOP *** 
Amuntt83 raises 225 to 285 and is all-in
_SKR calls 225
*** FLOP *** [2d 3d 8c]
*** TURN *** [2d 3d 8c][9c]
*** RIVER *** [2d 3d 8c 9c][2s]
*** SHOW DOWN ***
Amuntt83 shows [4s 6s] (One pair : 2)
_SKR shows [Ac 5c] (One pair : 2)
_SKR collected 570 from pot
*** SUMMARY ***
Total pot 570 | No rake
Board: [2d 3d 8c 9c 2s]
Seat 1: Amuntt83 (small blind) (button) showed [4s 6s] and lost with One pair : 2
Seat 2: _SKR (big blind) showed [Ac 5c] and won 570 with One pair : 2


