Winamax Poker - Tournament "Expresso Nitro" buyIn: 1.86€ + 0.14€ level: 1 - HandId: #2698257781454012417-1-1675187734 - Holdem no limit (10/20) - 2023/01/31 17:55:34 UTC
Table: 'Expresso Nitro(628237096)#0' 3-max (real money) Seat #2 is the button
Seat 1: Kojack13600 (300)
Seat 2: _SKR (300)
Seat 3: .1.2.3.4.5.6 (300)
*** ANTE/BLINDS ***
.1.2.3.4.5.6 posts small blind 10
Kojack13600 posts big blind 20
Dealt to _SKR [5d Qd]
*** PRE-FLOP *** 
_SKR folds
.1.2.3.4.5.6 calls 10
Kojack13600 checks
*** FLOP *** [6h Th Ad]
.1.2.3.4.5.6 checks
Kojack13600 bets 40
.1.2.3.4.5.6 folds
Kojack13600 collected 80 from pot
*** SUMMARY ***
Total pot 80 | No rake
Board: [6h Th Ad]
Seat 1: Kojack13600 (big blind) won 80


Winamax Poker - Tournament "Expresso Nitro" buyIn: 1.86€ + 0.14€ level: 1 - HandId: #2698257781454012417-2-1675187751 - Holdem no limit (10/20) - 2023/01/31 17:55:51 UTC
Table: 'Expresso Nitro(628237096)#0' 3-max (real money) Seat #3 is the button
Seat 1: Kojack13600 (320)
Seat 2: _SKR (300)
Seat 3: .1.2.3.4.5.6 (280)
*** ANTE/BLINDS ***
Kojack13600 posts small blind 10
_SKR posts big blind 20
Dealt to _SKR [8c 6c]
*** PRE-FLOP *** 
.1.2.3.4.5.6 raises 240 to 260
Kojack13600 folds
_SKR folds
.1.2.3.4.5.6 collected 290 from pot
*** SUMMARY ***
Total pot 290 | No rake
Seat 3: .1.2.3.4.5.6 (button) won 290


Winamax Poker - Tournament "Expresso Nitro" buyIn: 1.86€ + 0.14€ level: 1 - HandId: #2698257781454012417-3-1675187763 - Holdem no limit (10/20) - 2023/01/31 17:56:03 UTC
Table: 'Expresso Nitro(628237096)#0' 3-max (real money) Seat #1 is the button
Seat 1: Kojack13600 (310)
Seat 2: _SKR (280)
Seat 3: .1.2.3.4.5.6 (310)
*** ANTE/BLINDS ***
_SKR posts small blind 10
.1.2.3.4.5.6 posts big blind 20
Dealt to _SKR [Jh 6s]
*** PRE-FLOP *** 
Kojack13600 raises 50 to 70
_SKR folds
.1.2.3.4.5.6 folds
Kojack13600 collected 100 from pot
*** SUMMARY ***
Total pot 100 | No rake
Seat 1: Kojack13600 (button) won 100


Winamax Poker - Tournament "Expresso Nitro" buyIn: 1.86€ + 0.14€ level: 1 - HandId: #2698257781454012417-4-1675187775 - Holdem no limit (10/20) - 2023/01/31 17:56:15 UTC
Table: 'Expresso Nitro(628237096)#0' 3-max (real money) Seat #2 is the button
Seat 1: Kojack13600 (340)
Seat 2: _SKR (270)
Seat 3: .1.2.3.4.5.6 (290)
*** ANTE/BLINDS ***
.1.2.3.4.5.6 posts small blind 10
Kojack13600 posts big blind 20
Dealt to _SKR [2c Ks]
*** PRE-FLOP *** 
_SKR folds
.1.2.3.4.5.6 calls 10
Kojack13600 checks
*** FLOP *** [6s 2d 3c]
.1.2.3.4.5.6 checks
Kojack13600 checks
*** TURN *** [6s 2d 3c][Ad]
.1.2.3.4.5.6 checks
Kojack13600 checks
*** RIVER *** [6s 2d 3c Ad][Ts]
.1.2.3.4.5.6 checks
Kojack13600 checks
*** SHOW DOWN ***
Kojack13600 shows [8c 7s] (High card : Ace)
.1.2.3.4.5.6 shows [Jh 3h] (One pair : 3)
.1.2.3.4.5.6 collected 40 from pot
*** SUMMARY ***
Total pot 40 | No rake
Board: [6s 2d 3c Ad Ts]
Seat 1: Kojack13600 (big blind) showed [8c 7s] and lost with High card : Ace
Seat 3: .1.2.3.4.5.6 (small blind) showed [Jh 3h] and won 40 with One pair : 3


Winamax Poker - Tournament "Expresso Nitro" buyIn: 1.86€ + 0.14€ level: 2 - HandId: #2698257781454012417-5-1675187801 - Holdem no limit (15/30) - 2023/01/31 17:56:41 UTC
Table: 'Expresso Nitro(628237096)#0' 3-max (real money) Seat #3 is the button
Seat 1: Kojack13600 (320)
Seat 2: _SKR (270)
Seat 3: .1.2.3.4.5.6 (310)
*** ANTE/BLINDS ***
Kojack13600 posts small blind 15
_SKR posts big blind 30
Dealt to _SKR [Jc 6c]
*** PRE-FLOP *** 
.1.2.3.4.5.6 folds
Kojack13600 folds
_SKR collected 45 from pot
*** SUMMARY ***
Total pot 45 | No rake
Seat 2: _SKR (big blind) won 45


Winamax Poker - Tournament "Expresso Nitro" buyIn: 1.86€ + 0.14€ level: 2 - HandId: #2698257781454012417-6-1675187807 - Holdem no limit (15/30) - 2023/01/31 17:56:47 UTC
Table: 'Expresso Nitro(628237096)#0' 3-max (real money) Seat #1 is the button
Seat 1: Kojack13600 (305)
Seat 2: _SKR (285)
Seat 3: .1.2.3.4.5.6 (310)
*** ANTE/BLINDS ***
_SKR posts small blind 15
.1.2.3.4.5.6 posts big blind 30
Dealt to _SKR [Js 6d]
*** PRE-FLOP *** 
Kojack13600 calls 30
_SKR folds
.1.2.3.4.5.6 raises 280 to 310 and is all-in
Kojack13600 calls 275 and is all-in
*** FLOP *** [Jh 6h 5s]
*** TURN *** [Jh 6h 5s][4d]
*** RIVER *** [Jh 6h 5s 4d][Jd]
*** SHOW DOWN ***
Kojack13600 shows [Kc 7c] (One pair : Jacks)
.1.2.3.4.5.6 shows [Kd Qs] (One pair : Jacks)
.1.2.3.4.5.6 collected 630 from pot
*** SUMMARY ***
Total pot 630 | No rake
Board: [Jh 6h 5s 4d Jd]
Seat 1: Kojack13600 (button) showed [Kc 7c] and lost with One pair : Jacks
Seat 3: .1.2.3.4.5.6 (big blind) showed [Kd Qs] and won 630 with One pair : Jacks


Winamax Poker - Tournament "Expresso Nitro" buyIn: 1.86€ + 0.14€ level: 2 - HandId: #2698257781454012417-7-1675187826 - Holdem no limit (15/30) - 2023/01/31 17:57:06 UTC
Table: 'Expresso Nitro(628237096)#0' 3-max (real money) Seat #3 is the button
Seat 2: _SKR (270)
Seat 3: .1.2.3.4.5.6 (630)
*** ANTE/BLINDS ***
.1.2.3.4.5.6 posts small blind 15
_SKR posts big blind 30
Dealt to _SKR [3c 7c]
*** PRE-FLOP *** 
.1.2.3.4.5.6 calls 15
_SKR checks
*** FLOP *** [Ad 9s Tc]
_SKR checks
.1.2.3.4.5.6 bets 30
_SKR folds
.1.2.3.4.5.6 collected 90 from pot
*** SUMMARY ***
Total pot 90 | No rake
Board: [Ad 9s Tc]
Seat 3: .1.2.3.4.5.6 (small blind) (button) won 90


Winamax Poker - Tournament "Expresso Nitro" buyIn: 1.86€ + 0.14€ level: 3 - HandId: #2698257781454012417-8-1675187851 - Holdem no limit (20/40) - 2023/01/31 17:57:31 UTC
Table: 'Expresso Nitro(628237096)#0' 3-max (real money) Seat #2 is the button
Seat 2: _SKR (240)
Seat 3: .1.2.3.4.5.6 (660)
*** ANTE/BLINDS ***
_SKR posts small blind 20
.1.2.3.4.5.6 posts big blind 40
Dealt to _SKR [Kh 5c]
*** PRE-FLOP *** 
_SKR raises 200 to 240 and is all-in
.1.2.3.4.5.6 calls 200
*** FLOP *** [6d 3c 9c]
*** TURN *** [6d 3c 9c][Ac]
*** RIVER *** [6d 3c 9c Ac][5d]
*** SHOW DOWN ***
_SKR shows [Kh 5c] (One pair : 5)
.1.2.3.4.5.6 shows [9s Ah] (Two pairs : Aces and 9)
.1.2.3.4.5.6 collected 480 from pot
*** SUMMARY ***
Total pot 480 | No rake
Board: [6d 3c 9c Ac 5d]
Seat 2: _SKR (small blind) (button) showed [Kh 5c] and lost with One pair : 5
Seat 3: .1.2.3.4.5.6 (big blind) showed [9s Ah] and won 480 with Two pairs : Aces and 9


