Winamax Poker - Tournament "Expresso Nitro" buyIn: 1.86€ + 0.14€ level: 1 - HandId: #2695200533538406401-1-1674999561 - Holdem no limit (10/20) - 2023/01/29 13:39:21 UTC
Table: 'Expresso Nitro(627525275)#0' 3-max (real money) Seat #3 is the button
Seat 1: fred2211111 (300)
Seat 2: _SKR (300)
Seat 3: Frontbrilant (300)
*** ANTE/BLINDS ***
fred2211111 posts small blind 10
_SKR posts big blind 20
Dealt to _SKR [5s 4c]
*** PRE-FLOP *** 
Frontbrilant folds
fred2211111 folds
_SKR collected 30 from pot
*** SUMMARY ***
Total pot 30 | No rake
Seat 2: _SKR (big blind) won 30


Winamax Poker - Tournament "Expresso Nitro" buyIn: 1.86€ + 0.14€ level: 1 - HandId: #2695200533538406401-2-1674999565 - Holdem no limit (10/20) - 2023/01/29 13:39:25 UTC
Table: 'Expresso Nitro(627525275)#0' 3-max (real money) Seat #1 is the button
Seat 1: fred2211111 (290)
Seat 2: _SKR (310)
Seat 3: Frontbrilant (300)
*** ANTE/BLINDS ***
_SKR posts small blind 10
Frontbrilant posts big blind 20
Dealt to _SKR [Th 9h]
*** PRE-FLOP *** 
fred2211111 folds
_SKR raises 20 to 40
Frontbrilant calls 20
*** FLOP *** [Jh 8h 6s]
_SKR bets 40
Frontbrilant calls 40
*** TURN *** [Jh 8h 6s][Ac]
_SKR checks
Frontbrilant bets 40
_SKR calls 40
*** RIVER *** [Jh 8h 6s Ac][Td]
_SKR checks
Frontbrilant bets 180 and is all-in
_SKR folds
Frontbrilant collected 420 from pot
*** SUMMARY ***
Total pot 420 | No rake
Board: [Jh 8h 6s Ac Td]
Seat 3: Frontbrilant (big blind) won 420


Winamax Poker - Tournament "Expresso Nitro" buyIn: 1.86€ + 0.14€ level: 1 - HandId: #2695200533538406401-3-1674999597 - Holdem no limit (10/20) - 2023/01/29 13:39:57 UTC
Table: 'Expresso Nitro(627525275)#0' 3-max (real money) Seat #2 is the button
Seat 1: fred2211111 (290)
Seat 2: _SKR (190)
Seat 3: Frontbrilant (420)
*** ANTE/BLINDS ***
Frontbrilant posts small blind 10
fred2211111 posts big blind 20
Dealt to _SKR [Ad Jc]
*** PRE-FLOP *** 
_SKR raises 170 to 190 and is all-in
Frontbrilant folds
fred2211111 folds
_SKR collected 220 from pot
*** SUMMARY ***
Total pot 220 | No rake
Seat 2: _SKR (button) won 220


Winamax Poker - Tournament "Expresso Nitro" buyIn: 1.86€ + 0.14€ level: 2 - HandId: #2695200533538406401-4-1674999628 - Holdem no limit (15/30) - 2023/01/29 13:40:28 UTC
Table: 'Expresso Nitro(627525275)#0' 3-max (real money) Seat #3 is the button
Seat 1: fred2211111 (270)
Seat 2: _SKR (220)
Seat 3: Frontbrilant (410)
*** ANTE/BLINDS ***
fred2211111 posts small blind 15
_SKR posts big blind 30
Dealt to _SKR [8s Kc]
*** PRE-FLOP *** 
Frontbrilant calls 30
fred2211111 folds
_SKR raises 190 to 220 and is all-in
Frontbrilant folds
_SKR collected 265 from pot
*** SUMMARY ***
Total pot 265 | No rake
Seat 2: _SKR (big blind) won 265


Winamax Poker - Tournament "Expresso Nitro" buyIn: 1.86€ + 0.14€ level: 2 - HandId: #2695200533538406401-5-1674999655 - Holdem no limit (15/30) - 2023/01/29 13:40:55 UTC
Table: 'Expresso Nitro(627525275)#0' 3-max (real money) Seat #1 is the button
Seat 1: fred2211111 (255)
Seat 2: _SKR (265)
Seat 3: Frontbrilant (380)
*** ANTE/BLINDS ***
_SKR posts small blind 15
Frontbrilant posts big blind 30
Dealt to _SKR [6h 5d]
*** PRE-FLOP *** 
fred2211111 folds
_SKR folds
Frontbrilant collected 45 from pot
*** SUMMARY ***
Total pot 45 | No rake
Seat 3: Frontbrilant (big blind) won 45


Winamax Poker - Tournament "Expresso Nitro" buyIn: 1.86€ + 0.14€ level: 2 - HandId: #2695200533538406401-6-1674999660 - Holdem no limit (15/30) - 2023/01/29 13:41:00 UTC
Table: 'Expresso Nitro(627525275)#0' 3-max (real money) Seat #2 is the button
Seat 1: fred2211111 (255)
Seat 2: _SKR (250)
Seat 3: Frontbrilant (395)
*** ANTE/BLINDS ***
Frontbrilant posts small blind 15
fred2211111 posts big blind 30
Dealt to _SKR [8c Ts]
*** PRE-FLOP *** 
_SKR folds
Frontbrilant calls 15
fred2211111 raises 225 to 255 and is all-in
Frontbrilant folds
fred2211111 collected 285 from pot
*** SUMMARY ***
Total pot 285 | No rake
Seat 1: fred2211111 (big blind) won 285


Winamax Poker - Tournament "Expresso Nitro" buyIn: 1.86€ + 0.14€ level: 2 - HandId: #2695200533538406401-7-1674999675 - Holdem no limit (15/30) - 2023/01/29 13:41:15 UTC
Table: 'Expresso Nitro(627525275)#0' 3-max (real money) Seat #3 is the button
Seat 1: fred2211111 (285)
Seat 2: _SKR (250)
Seat 3: Frontbrilant (365)
*** ANTE/BLINDS ***
fred2211111 posts small blind 15
_SKR posts big blind 30
Dealt to _SKR [As 2s]
*** PRE-FLOP *** 
Frontbrilant folds
fred2211111 folds
_SKR collected 45 from pot
*** SUMMARY ***
Total pot 45 | No rake
Seat 2: _SKR (big blind) won 45


Winamax Poker - Tournament "Expresso Nitro" buyIn: 1.86€ + 0.14€ level: 3 - HandId: #2695200533538406401-8-1674999682 - Holdem no limit (20/40) - 2023/01/29 13:41:22 UTC
Table: 'Expresso Nitro(627525275)#0' 3-max (real money) Seat #1 is the button
Seat 1: fred2211111 (270)
Seat 2: _SKR (265)
Seat 3: Frontbrilant (365)
*** ANTE/BLINDS ***
_SKR posts small blind 20
Frontbrilant posts big blind 40
Dealt to _SKR [Th 2s]
*** PRE-FLOP *** 
fred2211111 raises 230 to 270 and is all-in
_SKR folds
Frontbrilant folds
fred2211111 collected 330 from pot
*** SUMMARY ***
Total pot 330 | No rake
Seat 1: fred2211111 (button) won 330


Winamax Poker - Tournament "Expresso Nitro" buyIn: 1.86€ + 0.14€ level: 3 - HandId: #2695200533538406401-9-1674999702 - Holdem no limit (20/40) - 2023/01/29 13:41:42 UTC
Table: 'Expresso Nitro(627525275)#0' 3-max (real money) Seat #2 is the button
Seat 1: fred2211111 (330)
Seat 2: _SKR (245)
Seat 3: Frontbrilant (325)
*** ANTE/BLINDS ***
Frontbrilant posts small blind 20
fred2211111 posts big blind 40
Dealt to _SKR [8s As]
*** PRE-FLOP *** 
_SKR raises 205 to 245 and is all-in
Frontbrilant folds
fred2211111 raises 85 to 330 and is all-in
*** FLOP *** [2h 3d 4h]
*** TURN *** [2h 3d 4h][Tc]
*** RIVER *** [2h 3d 4h Tc][7h]
*** SHOW DOWN ***
_SKR shows [8s As] (High card : Ace)
fred2211111 shows [Ad 4s] (One pair : 4)
fred2211111 collected 595 from pot
*** SUMMARY ***
Total pot 595 | No rake
Board: [2h 3d 4h Tc 7h]
Seat 1: fred2211111 (big blind) showed [Ad 4s] and won 595 with One pair : 4
Seat 2: _SKR (button) showed [8s As] and lost with High card : Ace


