Winamax Poker - Tournament "Expresso Nitro" buyIn: 1.86€ + 0.14€ level: 1 - HandId: #2696636285270884353-1-1675091036 - Holdem no limit (10/20) - 2023/01/30 15:03:56 UTC
Table: 'Expresso Nitro(627859562)#0' 3-max (real money) Seat #3 is the button
Seat 1: _SKR (300)
Seat 2: chuPakCaBraS (300)
Seat 3: Aliyou-18 (300)
*** ANTE/BLINDS ***
_SKR posts small blind 10
chuPakCaBraS posts big blind 20
Dealt to _SKR [6c 2c]
*** PRE-FLOP *** 
Aliyou-18 raises 280 to 300 and is all-in
_SKR folds
chuPakCaBraS calls 280 and is all-in
*** FLOP *** [4d Qs 5s]
*** TURN *** [4d Qs 5s][2d]
*** RIVER *** [4d Qs 5s 2d][8d]
*** SHOW DOWN ***
chuPakCaBraS shows [Jc Ac] (High card : Ace)
Aliyou-18 shows [Jd Td] (Flush Jack high)
Aliyou-18 collected 610 from pot
*** SUMMARY ***
Total pot 610 | No rake
Board: [4d Qs 5s 2d 8d]
Seat 2: chuPakCaBraS (big blind) showed [Jc Ac] and lost with High card : Ace
Seat 3: Aliyou-18 (button) showed [Jd Td] and won 610 with Flush Jack high


Winamax Poker - Tournament "Expresso Nitro" buyIn: 1.86€ + 0.14€ level: 1 - HandId: #2696636285270884353-2-1675091054 - Holdem no limit (10/20) - 2023/01/30 15:04:14 UTC
Table: 'Expresso Nitro(627859562)#0' 3-max (real money) Seat #3 is the button
Seat 1: _SKR (290)
Seat 3: Aliyou-18 (610)
*** ANTE/BLINDS ***
Aliyou-18 posts small blind 10
_SKR posts big blind 20
Dealt to _SKR [3s 2h]
*** PRE-FLOP *** 
Aliyou-18 folds
_SKR collected 30 from pot
*** SUMMARY ***
Total pot 30 | No rake
Seat 1: _SKR (big blind) won 30


Winamax Poker - Tournament "Expresso Nitro" buyIn: 1.86€ + 0.14€ level: 1 - HandId: #2696636285270884353-3-1675091078 - Holdem no limit (10/20) - 2023/01/30 15:04:38 UTC
Table: 'Expresso Nitro(627859562)#0' 3-max (real money) Seat #1 is the button
Seat 1: _SKR (300)
Seat 3: Aliyou-18 (600)
*** ANTE/BLINDS ***
_SKR posts small blind 10
Aliyou-18 posts big blind 20
Dealt to _SKR [5h 3d]
*** PRE-FLOP *** 
_SKR folds
Aliyou-18 collected 30 from pot
*** SUMMARY ***
Total pot 30 | No rake
Seat 3: Aliyou-18 (big blind) won 30


Winamax Poker - Tournament "Expresso Nitro" buyIn: 1.86€ + 0.14€ level: 1 - HandId: #2696636285270884353-4-1675091084 - Holdem no limit (10/20) - 2023/01/30 15:04:44 UTC
Table: 'Expresso Nitro(627859562)#0' 3-max (real money) Seat #3 is the button
Seat 1: _SKR (290)
Seat 3: Aliyou-18 (610)
*** ANTE/BLINDS ***
Aliyou-18 posts small blind 10
_SKR posts big blind 20
Dealt to _SKR [6s 2h]
*** PRE-FLOP *** 
Aliyou-18 calls 10
_SKR checks
*** FLOP *** [2d 2c 3s]
_SKR checks
Aliyou-18 bets 20
_SKR calls 20
*** TURN *** [2d 2c 3s][Tc]
_SKR checks
Aliyou-18 bets 20
_SKR calls 20
*** RIVER *** [2d 2c 3s Tc][Jc]
_SKR checks
Aliyou-18 checks
*** SHOW DOWN ***
Aliyou-18 shows [Qc Ad] (One pair : 2)
_SKR shows [6s 2h] (Trips of 2)
_SKR collected 120 from pot
*** SUMMARY ***
Total pot 120 | No rake
Board: [2d 2c 3s Tc Jc]
Seat 1: _SKR (big blind) showed [6s 2h] and won 120 with Trips of 2
Seat 3: Aliyou-18 (small blind) (button) showed [Qc Ad] and lost with One pair : 2


Winamax Poker - Tournament "Expresso Nitro" buyIn: 1.86€ + 0.14€ level: 2 - HandId: #2696636285270884353-5-1675091103 - Holdem no limit (15/30) - 2023/01/30 15:05:03 UTC
Table: 'Expresso Nitro(627859562)#0' 3-max (real money) Seat #1 is the button
Seat 1: _SKR (350)
Seat 3: Aliyou-18 (550)
*** ANTE/BLINDS ***
_SKR posts small blind 15
Aliyou-18 posts big blind 30
Dealt to _SKR [Ks 6c]
*** PRE-FLOP *** 
_SKR folds
Aliyou-18 collected 45 from pot
*** SUMMARY ***
Total pot 45 | No rake
Seat 3: Aliyou-18 (big blind) won 45


Winamax Poker - Tournament "Expresso Nitro" buyIn: 1.86€ + 0.14€ level: 2 - HandId: #2696636285270884353-6-1675091109 - Holdem no limit (15/30) - 2023/01/30 15:05:09 UTC
Table: 'Expresso Nitro(627859562)#0' 3-max (real money) Seat #3 is the button
Seat 1: _SKR (335)
Seat 3: Aliyou-18 (565)
*** ANTE/BLINDS ***
Aliyou-18 posts small blind 15
_SKR posts big blind 30
Dealt to _SKR [6s Js]
*** PRE-FLOP *** 
Aliyou-18 folds
_SKR collected 45 from pot
*** SUMMARY ***
Total pot 45 | No rake
Seat 1: _SKR (big blind) won 45


Winamax Poker - Tournament "Expresso Nitro" buyIn: 1.86€ + 0.14€ level: 2 - HandId: #2696636285270884353-7-1675091113 - Holdem no limit (15/30) - 2023/01/30 15:05:13 UTC
Table: 'Expresso Nitro(627859562)#0' 3-max (real money) Seat #1 is the button
Seat 1: _SKR (350)
Seat 3: Aliyou-18 (550)
*** ANTE/BLINDS ***
_SKR posts small blind 15
Aliyou-18 posts big blind 30
Dealt to _SKR [6d 5s]
*** PRE-FLOP *** 
_SKR folds
Aliyou-18 collected 45 from pot
*** SUMMARY ***
Total pot 45 | No rake
Seat 3: Aliyou-18 (big blind) won 45


Winamax Poker - Tournament "Expresso Nitro" buyIn: 1.86€ + 0.14€ level: 2 - HandId: #2696636285270884353-8-1675091119 - Holdem no limit (15/30) - 2023/01/30 15:05:19 UTC
Table: 'Expresso Nitro(627859562)#0' 3-max (real money) Seat #3 is the button
Seat 1: _SKR (335)
Seat 3: Aliyou-18 (565)
*** ANTE/BLINDS ***
Aliyou-18 posts small blind 15
_SKR posts big blind 30
Dealt to _SKR [Jh Ad]
*** PRE-FLOP *** 
Aliyou-18 calls 15
_SKR raises 305 to 335 and is all-in
Aliyou-18 calls 305
*** FLOP *** [7h 9c Ts]
*** TURN *** [7h 9c Ts][As]
*** RIVER *** [7h 9c Ts As][Qs]
*** SHOW DOWN ***
_SKR shows [Jh Ad] (One pair : Aces)
Aliyou-18 shows [7s 9d] (Two pairs : 9 and 7)
Aliyou-18 collected 670 from pot
*** SUMMARY ***
Total pot 670 | No rake
Board: [7h 9c Ts As Qs]
Seat 1: _SKR (big blind) showed [Jh Ad] and lost with One pair : Aces
Seat 3: Aliyou-18 (small blind) (button) showed [7s 9d] and won 670 with Two pairs : 9 and 7


