Winamax Poker - Tournament "Expresso Nitro" buyIn: 0.93€ + 0.07€ level: 1 - HandId: #2729587240006057985-1-1676921069 - Holdem no limit (10/20) - 2023/02/20 19:24:29 UTC
Table: 'Expresso Nitro(635531554)#0' 3-max (real money) Seat #3 is the button
Seat 1: _SKR (300)
Seat 2: Sammouby (300)
Seat 3: Pulpopol8 (300)
*** ANTE/BLINDS ***
_SKR posts small blind 10
Sammouby posts big blind 20
Dealt to _SKR [Ah 4s]
*** PRE-FLOP *** 
Pulpopol8 calls 20
_SKR raises 280 to 300 and is all-in
Sammouby folds
Pulpopol8 folds
_SKR collected 340 from pot
*** SUMMARY ***
Total pot 340 | No rake
Seat 1: _SKR (small blind) won 340


Winamax Poker - Tournament "Expresso Nitro" buyIn: 0.93€ + 0.07€ level: 1 - HandId: #2729587240006057985-2-1676921079 - Holdem no limit (10/20) - 2023/02/20 19:24:39 UTC
Table: 'Expresso Nitro(635531554)#0' 3-max (real money) Seat #1 is the button
Seat 1: _SKR (340)
Seat 2: Sammouby (280)
Seat 3: Pulpopol8 (280)
*** ANTE/BLINDS ***
Sammouby posts small blind 10
Pulpopol8 posts big blind 20
Dealt to _SKR [4c 5h]
*** PRE-FLOP *** 
_SKR folds
Sammouby raises 40 to 60
Pulpopol8 calls 40
*** FLOP *** [6c Th 2c]
Sammouby bets 20
Pulpopol8 calls 20
*** TURN *** [6c Th 2c][Jd]
Sammouby bets 20
Pulpopol8 raises 20 to 40
Sammouby calls 20
*** RIVER *** [6c Th 2c Jd][4h]
Sammouby checks
Pulpopol8 bets 160 and is all-in
Sammouby folds
Pulpopol8 collected 400 from pot
*** SUMMARY ***
Total pot 400 | No rake
Board: [6c Th 2c Jd 4h]
Seat 3: Pulpopol8 (big blind) won 400


Winamax Poker - Tournament "Expresso Nitro" buyIn: 0.93€ + 0.07€ level: 1 - HandId: #2729587240006057985-3-1676921097 - Holdem no limit (10/20) - 2023/02/20 19:24:57 UTC
Table: 'Expresso Nitro(635531554)#0' 3-max (real money) Seat #2 is the button
Seat 1: _SKR (340)
Seat 2: Sammouby (160)
Seat 3: Pulpopol8 (400)
*** ANTE/BLINDS ***
Pulpopol8 posts small blind 10
_SKR posts big blind 20
Dealt to _SKR [6s Jd]
*** PRE-FLOP *** 
Sammouby folds
Pulpopol8 calls 10
_SKR checks
*** FLOP *** [7d Kd 9c]
Pulpopol8 checks
_SKR checks
*** TURN *** [7d Kd 9c][Kc]
Pulpopol8 bets 20
_SKR folds
Pulpopol8 collected 60 from pot
*** SUMMARY ***
Total pot 60 | No rake
Board: [7d Kd 9c Kc]
Seat 3: Pulpopol8 (small blind) won 60


Winamax Poker - Tournament "Expresso Nitro" buyIn: 0.93€ + 0.07€ level: 1 - HandId: #2729587240006057985-4-1676921122 - Holdem no limit (10/20) - 2023/02/20 19:25:22 UTC
Table: 'Expresso Nitro(635531554)#0' 3-max (real money) Seat #3 is the button
Seat 1: _SKR (320)
Seat 2: Sammouby (160)
Seat 3: Pulpopol8 (420)
*** ANTE/BLINDS ***
_SKR posts small blind 10
Sammouby posts big blind 20
Dealt to _SKR [6h 4c]
*** PRE-FLOP *** 
Pulpopol8 calls 20
_SKR folds
Sammouby raises 50 to 70
Pulpopol8 calls 50
*** FLOP *** [Ks 7h 7c]
Sammouby bets 53
Pulpopol8 calls 53
*** TURN *** [Ks 7h 7c][6d]
Sammouby bets 20
Pulpopol8 raises 91 to 111
Sammouby calls 17 and is all-in
*** RIVER *** [Ks 7h 7c 6d][Kc]
*** SHOW DOWN ***
Sammouby shows [Kh Kd] (Quads of Kings)
Pulpopol8 shows [9d 7d] (Full of 7 and Kings)
Pulpopol8 collected 74 from side pot 1
Sammouby collected 330 from main pot
*** SUMMARY ***
Total pot 404 | No rake
Board: [Ks 7h 7c 6d Kc]
Seat 2: Sammouby (big blind) showed [Kh Kd] and won 330 with Quads of Kings
Seat 3: Pulpopol8 (button) showed [9d 7d] and won 74 with Full of 7 and Kings


Winamax Poker - Tournament "Expresso Nitro" buyIn: 0.93€ + 0.07€ level: 2 - HandId: #2729587240006057985-5-1676921151 - Holdem no limit (15/30) - 2023/02/20 19:25:51 UTC
Table: 'Expresso Nitro(635531554)#0' 3-max (real money) Seat #1 is the button
Seat 1: _SKR (310)
Seat 2: Sammouby (330)
Seat 3: Pulpopol8 (260)
*** ANTE/BLINDS ***
Sammouby posts small blind 15
Pulpopol8 posts big blind 30
Dealt to _SKR [6s 3d]
*** PRE-FLOP *** 
_SKR folds
Sammouby folds
Pulpopol8 collected 45 from pot
*** SUMMARY ***
Total pot 45 | No rake
Seat 3: Pulpopol8 (big blind) won 45


Winamax Poker - Tournament "Expresso Nitro" buyIn: 0.93€ + 0.07€ level: 2 - HandId: #2729587240006057985-6-1676921158 - Holdem no limit (15/30) - 2023/02/20 19:25:58 UTC
Table: 'Expresso Nitro(635531554)#0' 3-max (real money) Seat #2 is the button
Seat 1: _SKR (310)
Seat 2: Sammouby (315)
Seat 3: Pulpopol8 (275)
*** ANTE/BLINDS ***
Pulpopol8 posts small blind 15
_SKR posts big blind 30
Dealt to _SKR [4s Jd]
*** PRE-FLOP *** 
Sammouby raises 75 to 105
Pulpopol8 calls 90
_SKR folds
*** FLOP *** [5c 8d 8c]
Pulpopol8 checks
Sammouby bets 210 and is all-in
Pulpopol8 calls 170 and is all-in
*** TURN *** [5c 8d 8c][Ac]
*** RIVER *** [5c 8d 8c Ac][6d]
*** SHOW DOWN ***
Sammouby shows [Td Th] (Two pairs : Tens and 8)
Pulpopol8 shows [Ah Kh] (Two pairs : Aces and 8)
Pulpopol8 collected 580 from main pot
Sammouby collected 40 from side pot 1
*** SUMMARY ***
Total pot 620 | No rake
Board: [5c 8d 8c Ac 6d]
Seat 2: Sammouby (button) showed [Td Th] and won 40 with Two pairs : Tens and 8
Seat 3: Pulpopol8 (small blind) showed [Ah Kh] and won 580 with Two pairs : Aces and 8


Winamax Poker - Tournament "Expresso Nitro" buyIn: 0.93€ + 0.07€ level: 2 - HandId: #2729587240006057985-7-1676921178 - Holdem no limit (15/30) - 2023/02/20 19:26:18 UTC
Table: 'Expresso Nitro(635531554)#0' 3-max (real money) Seat #3 is the button
Seat 1: _SKR (280)
Seat 2: Sammouby (40)
Seat 3: Pulpopol8 (580)
*** ANTE/BLINDS ***
_SKR posts small blind 15
Sammouby posts big blind 30
Dealt to _SKR [4s Jc]
*** PRE-FLOP *** 
Pulpopol8 calls 30
_SKR folds
Sammouby raises 10 to 40 and is all-in
Pulpopol8 calls 10
*** FLOP *** [Qd 7s 9c]
*** TURN *** [Qd 7s 9c][4d]
*** RIVER *** [Qd 7s 9c 4d][Jh]
*** SHOW DOWN ***
Pulpopol8 shows [Th Ah] (High card : Ace)
Sammouby shows [8c 8h] (One pair : 8)
Sammouby collected 95 from pot
*** SUMMARY ***
Total pot 95 | No rake
Board: [Qd 7s 9c 4d Jh]
Seat 2: Sammouby (big blind) showed [8c 8h] and won 95 with One pair : 8
Seat 3: Pulpopol8 (button) showed [Th Ah] and lost with High card : Ace


Winamax Poker - Tournament "Expresso Nitro" buyIn: 0.93€ + 0.07€ level: 3 - HandId: #2729587240006057985-8-1676921195 - Holdem no limit (20/40) - 2023/02/20 19:26:35 UTC
Table: 'Expresso Nitro(635531554)#0' 3-max (real money) Seat #1 is the button
Seat 1: _SKR (265)
Seat 2: Sammouby (95)
Seat 3: Pulpopol8 (540)
*** ANTE/BLINDS ***
Sammouby posts small blind 20
Pulpopol8 posts big blind 40
Dealt to _SKR [Ks Ts]
*** PRE-FLOP *** 
_SKR raises 225 to 265 and is all-in
Sammouby calls 75 and is all-in
Pulpopol8 calls 225
*** FLOP *** [7h 9d 3c]
*** TURN *** [7h 9d 3c][6s]
*** RIVER *** [7h 9d 3c 6s][4c]
*** SHOW DOWN ***
_SKR shows [Ks Ts] (High card : King)
Sammouby shows [5c 8c] (Straight 9 high)
Pulpopol8 shows [Kc 5s] (Straight 7 high)
Pulpopol8 collected 340 from side pot 1
Sammouby collected 285 from main pot
*** SUMMARY ***
Total pot 625 | No rake
Board: [7h 9d 3c 6s 4c]
Seat 1: _SKR (button) showed [Ks Ts] and lost with High card : King
Seat 2: Sammouby (small blind) showed [5c 8c] and won 285 with Straight 9 high
Seat 3: Pulpopol8 (big blind) showed [Kc 5s] and won 340 with Straight 7 high


