Winamax Poker - Tournament "Expresso Nitro" buyIn: 0.93€ + 0.07€ level: 1 - HandId: #2717825450591125505-1-1676236705 - Holdem no limit (10/20) - 2023/02/12 21:18:25 UTC
Table: 'Expresso Nitro(632793049)#0' 3-max (real money) Seat #3 is the button
Seat 1: SpitItOut (300)
Seat 2: _SKR (300)
Seat 3: Mikostatic (300)
*** ANTE/BLINDS ***
SpitItOut posts small blind 10
_SKR posts big blind 20
Dealt to _SKR [2h Kh]
*** PRE-FLOP *** 
Mikostatic calls 20
SpitItOut raises 280 to 300 and is all-in
_SKR folds
Mikostatic calls 280 and is all-in
*** FLOP *** [Jd 8s 2d]
*** TURN *** [Jd 8s 2d][Th]
*** RIVER *** [Jd 8s 2d Th][4d]
*** SHOW DOWN ***
SpitItOut shows [Ah 9d] (High card : Ace)
Mikostatic shows [Qh Js] (One pair : Jacks)
Mikostatic collected 620 from pot
*** SUMMARY ***
Total pot 620 | No rake
Board: [Jd 8s 2d Th 4d]
Seat 1: SpitItOut (small blind) showed [Ah 9d] and lost with High card : Ace
Seat 3: Mikostatic (button) showed [Qh Js] and won 620 with One pair : Jacks


Winamax Poker - Tournament "Expresso Nitro" buyIn: 0.93€ + 0.07€ level: 1 - HandId: #2717825450591125505-2-1676236723 - Holdem no limit (10/20) - 2023/02/12 21:18:43 UTC
Table: 'Expresso Nitro(632793049)#0' 3-max (real money) Seat #2 is the button
Seat 2: _SKR (280)
Seat 3: Mikostatic (620)
*** ANTE/BLINDS ***
_SKR posts small blind 10
Mikostatic posts big blind 20
Dealt to _SKR [8d 4d]
*** PRE-FLOP *** 
_SKR folds
Mikostatic collected 30 from pot
*** SUMMARY ***
Total pot 30 | No rake
Seat 3: Mikostatic (big blind) won 30


Winamax Poker - Tournament "Expresso Nitro" buyIn: 0.93€ + 0.07€ level: 1 - HandId: #2717825450591125505-3-1676236727 - Holdem no limit (10/20) - 2023/02/12 21:18:47 UTC
Table: 'Expresso Nitro(632793049)#0' 3-max (real money) Seat #3 is the button
Seat 2: _SKR (270)
Seat 3: Mikostatic (630)
*** ANTE/BLINDS ***
Mikostatic posts small blind 10
_SKR posts big blind 20
Dealt to _SKR [Qs 8d]
*** PRE-FLOP *** 
Mikostatic calls 10
_SKR checks
*** FLOP *** [Td 2d Ks]
_SKR checks
Mikostatic checks
*** TURN *** [Td 2d Ks][9h]
_SKR bets 26
Mikostatic folds
_SKR collected 66 from pot
*** SUMMARY ***
Total pot 66 | No rake
Board: [Td 2d Ks 9h]
Seat 2: _SKR (big blind) won 66


Winamax Poker - Tournament "Expresso Nitro" buyIn: 0.93€ + 0.07€ level: 2 - HandId: #2717825450591125505-4-1676236764 - Holdem no limit (15/30) - 2023/02/12 21:19:24 UTC
Table: 'Expresso Nitro(632793049)#0' 3-max (real money) Seat #2 is the button
Seat 2: _SKR (290)
Seat 3: Mikostatic (610)
*** ANTE/BLINDS ***
_SKR posts small blind 15
Mikostatic posts big blind 30
Dealt to _SKR [Qd Kc]
*** PRE-FLOP *** 
_SKR raises 260 to 290 and is all-in
Mikostatic folds
_SKR collected 320 from pot
*** SUMMARY ***
Total pot 320 | No rake
Seat 2: _SKR (small blind) (button) won 320


Winamax Poker - Tournament "Expresso Nitro" buyIn: 0.93€ + 0.07€ level: 2 - HandId: #2717825450591125505-5-1676236773 - Holdem no limit (15/30) - 2023/02/12 21:19:33 UTC
Table: 'Expresso Nitro(632793049)#0' 3-max (real money) Seat #3 is the button
Seat 2: _SKR (320)
Seat 3: Mikostatic (580)
*** ANTE/BLINDS ***
Mikostatic posts small blind 15
_SKR posts big blind 30
Dealt to _SKR [9c Ad]
*** PRE-FLOP *** 
Mikostatic calls 15
_SKR raises 290 to 320 and is all-in
Mikostatic folds
_SKR collected 350 from pot
*** SUMMARY ***
Total pot 350 | No rake
Seat 2: _SKR (big blind) won 350


Winamax Poker - Tournament "Expresso Nitro" buyIn: 0.93€ + 0.07€ level: 2 - HandId: #2717825450591125505-6-1676236782 - Holdem no limit (15/30) - 2023/02/12 21:19:42 UTC
Table: 'Expresso Nitro(632793049)#0' 3-max (real money) Seat #2 is the button
Seat 2: _SKR (350)
Seat 3: Mikostatic (550)
*** ANTE/BLINDS ***
_SKR posts small blind 15
Mikostatic posts big blind 30
Dealt to _SKR [Ad 3c]
*** PRE-FLOP *** 
_SKR raises 320 to 350 and is all-in
Mikostatic folds
_SKR collected 380 from pot
*** SUMMARY ***
Total pot 380 | No rake
Seat 2: _SKR (small blind) (button) won 380


Winamax Poker - Tournament "Expresso Nitro" buyIn: 0.93€ + 0.07€ level: 2 - HandId: #2717825450591125505-7-1676236791 - Holdem no limit (15/30) - 2023/02/12 21:19:51 UTC
Table: 'Expresso Nitro(632793049)#0' 3-max (real money) Seat #3 is the button
Seat 2: _SKR (380)
Seat 3: Mikostatic (520)
*** ANTE/BLINDS ***
Mikostatic posts small blind 15
_SKR posts big blind 30
Dealt to _SKR [5d 4h]
*** PRE-FLOP *** 
Mikostatic raises 490 to 520 and is all-in
_SKR folds
Mikostatic collected 550 from pot
*** SUMMARY ***
Total pot 550 | No rake
Seat 3: Mikostatic (small blind) (button) won 550


Winamax Poker - Tournament "Expresso Nitro" buyIn: 0.93€ + 0.07€ level: 2 - HandId: #2717825450591125505-8-1676236799 - Holdem no limit (15/30) - 2023/02/12 21:19:59 UTC
Table: 'Expresso Nitro(632793049)#0' 3-max (real money) Seat #2 is the button
Seat 2: _SKR (350)
Seat 3: Mikostatic (550)
*** ANTE/BLINDS ***
_SKR posts small blind 15
Mikostatic posts big blind 30
Dealt to _SKR [Ks 7s]
*** PRE-FLOP *** 
_SKR raises 320 to 350 and is all-in
Mikostatic folds
_SKR collected 380 from pot
*** SUMMARY ***
Total pot 380 | No rake
Seat 2: _SKR (small blind) (button) won 380


Winamax Poker - Tournament "Expresso Nitro" buyIn: 0.93€ + 0.07€ level: 2 - HandId: #2717825450591125505-9-1676236808 - Holdem no limit (15/30) - 2023/02/12 21:20:08 UTC
Table: 'Expresso Nitro(632793049)#0' 3-max (real money) Seat #3 is the button
Seat 2: _SKR (380)
Seat 3: Mikostatic (520)
*** ANTE/BLINDS ***
Mikostatic posts small blind 15
_SKR posts big blind 30
Dealt to _SKR [7s Js]
*** PRE-FLOP *** 
Mikostatic folds
_SKR collected 45 from pot
*** SUMMARY ***
Total pot 45 | No rake
Seat 2: _SKR (big blind) won 45


Winamax Poker - Tournament "Expresso Nitro" buyIn: 0.93€ + 0.07€ level: 2 - HandId: #2717825450591125505-10-1676236813 - Holdem no limit (15/30) - 2023/02/12 21:20:13 UTC
Table: 'Expresso Nitro(632793049)#0' 3-max (real money) Seat #2 is the button
Seat 2: _SKR (395)
Seat 3: Mikostatic (505)
*** ANTE/BLINDS ***
_SKR posts small blind 15
Mikostatic posts big blind 30
Dealt to _SKR [Js 7h]
*** PRE-FLOP *** 
_SKR folds
Mikostatic collected 45 from pot
*** SUMMARY ***
Total pot 45 | No rake
Seat 3: Mikostatic (big blind) won 45


Winamax Poker - Tournament "Expresso Nitro" buyIn: 0.93€ + 0.07€ level: 2 - HandId: #2717825450591125505-11-1676236817 - Holdem no limit (15/30) - 2023/02/12 21:20:17 UTC
Table: 'Expresso Nitro(632793049)#0' 3-max (real money) Seat #3 is the button
Seat 2: _SKR (380)
Seat 3: Mikostatic (520)
*** ANTE/BLINDS ***
Mikostatic posts small blind 15
_SKR posts big blind 30
Dealt to _SKR [Td 6h]
*** PRE-FLOP *** 
Mikostatic raises 490 to 520 and is all-in
_SKR folds
Mikostatic collected 550 from pot
*** SUMMARY ***
Total pot 550 | No rake
Seat 3: Mikostatic (small blind) (button) won 550


Winamax Poker - Tournament "Expresso Nitro" buyIn: 0.93€ + 0.07€ level: 3 - HandId: #2717825450591125505-12-1676236822 - Holdem no limit (20/40) - 2023/02/12 21:20:22 UTC
Table: 'Expresso Nitro(632793049)#0' 3-max (real money) Seat #2 is the button
Seat 2: _SKR (350)
Seat 3: Mikostatic (550)
*** ANTE/BLINDS ***
_SKR posts small blind 20
Mikostatic posts big blind 40
Dealt to _SKR [Tc 5s]
*** PRE-FLOP *** 
_SKR folds
Mikostatic collected 60 from pot
*** SUMMARY ***
Total pot 60 | No rake
Seat 3: Mikostatic (big blind) won 60


Winamax Poker - Tournament "Expresso Nitro" buyIn: 0.93€ + 0.07€ level: 3 - HandId: #2717825450591125505-13-1676236834 - Holdem no limit (20/40) - 2023/02/12 21:20:34 UTC
Table: 'Expresso Nitro(632793049)#0' 3-max (real money) Seat #3 is the button
Seat 2: _SKR (330)
Seat 3: Mikostatic (570)
*** ANTE/BLINDS ***
Mikostatic posts small blind 20
_SKR posts big blind 40
Dealt to _SKR [2h 5c]
*** PRE-FLOP *** 
Mikostatic raises 530 to 570 and is all-in
_SKR folds
Mikostatic collected 610 from pot
*** SUMMARY ***
Total pot 610 | No rake
Seat 3: Mikostatic (small blind) (button) won 610


Winamax Poker - Tournament "Expresso Nitro" buyIn: 0.93€ + 0.07€ level: 3 - HandId: #2717825450591125505-14-1676236845 - Holdem no limit (20/40) - 2023/02/12 21:20:45 UTC
Table: 'Expresso Nitro(632793049)#0' 3-max (real money) Seat #2 is the button
Seat 2: _SKR (290)
Seat 3: Mikostatic (610)
*** ANTE/BLINDS ***
_SKR posts small blind 20
Mikostatic posts big blind 40
Dealt to _SKR [Td 4s]
*** PRE-FLOP *** 
_SKR folds
Mikostatic collected 60 from pot
*** SUMMARY ***
Total pot 60 | No rake
Seat 3: Mikostatic (big blind) won 60


Winamax Poker - Tournament "Expresso Nitro" buyIn: 0.93€ + 0.07€ level: 3 - HandId: #2717825450591125505-15-1676236851 - Holdem no limit (20/40) - 2023/02/12 21:20:51 UTC
Table: 'Expresso Nitro(632793049)#0' 3-max (real money) Seat #3 is the button
Seat 2: _SKR (270)
Seat 3: Mikostatic (630)
*** ANTE/BLINDS ***
Mikostatic posts small blind 20
_SKR posts big blind 40
Dealt to _SKR [Js Qh]
*** PRE-FLOP *** 
Mikostatic raises 590 to 630 and is all-in
_SKR calls 230 and is all-in
*** FLOP *** [6s 3c 8s]
*** TURN *** [6s 3c 8s][2h]
*** RIVER *** [6s 3c 8s 2h][Qc]
*** SHOW DOWN ***
_SKR shows [Js Qh] (One pair : Queens)
Mikostatic shows [4d Kc] (High card : King)
Mikostatic collected 360 from side pot 1
_SKR collected 540 from main pot
*** SUMMARY ***
Total pot 900 | No rake
Board: [6s 3c 8s 2h Qc]
Seat 2: _SKR (big blind) showed [Js Qh] and won 540 with One pair : Queens
Seat 3: Mikostatic (small blind) (button) showed [4d Kc] and won 360 with High card : King


Winamax Poker - Tournament "Expresso Nitro" buyIn: 0.93€ + 0.07€ level: 3 - HandId: #2717825450591125505-16-1676236869 - Holdem no limit (20/40) - 2023/02/12 21:21:09 UTC
Table: 'Expresso Nitro(632793049)#0' 3-max (real money) Seat #2 is the button
Seat 2: _SKR (540)
Seat 3: Mikostatic (360)
*** ANTE/BLINDS ***
_SKR posts small blind 20
Mikostatic posts big blind 40
Dealt to _SKR [Qd 9d]
*** PRE-FLOP *** 
_SKR raises 500 to 540 and is all-in
Mikostatic folds
_SKR collected 580 from pot
*** SUMMARY ***
Total pot 580 | No rake
Seat 2: _SKR (small blind) (button) won 580


Winamax Poker - Tournament "Expresso Nitro" buyIn: 0.93€ + 0.07€ level: 3 - HandId: #2717825450591125505-17-1676236875 - Holdem no limit (20/40) - 2023/02/12 21:21:15 UTC
Table: 'Expresso Nitro(632793049)#0' 3-max (real money) Seat #3 is the button
Seat 2: _SKR (580)
Seat 3: Mikostatic (320)
*** ANTE/BLINDS ***
Mikostatic posts small blind 20
_SKR posts big blind 40
Dealt to _SKR [6h Th]
*** PRE-FLOP *** 
Mikostatic calls 20
_SKR checks
*** FLOP *** [Qs Qc 7c]
_SKR checks
Mikostatic checks
*** TURN *** [Qs Qc 7c][8c]
_SKR checks
Mikostatic bets 280 and is all-in
_SKR folds
Mikostatic collected 360 from pot
*** SUMMARY ***
Total pot 360 | No rake
Board: [Qs Qc 7c 8c]
Seat 3: Mikostatic (small blind) (button) won 360


Winamax Poker - Tournament "Expresso Nitro" buyIn: 0.93€ + 0.07€ level: 4 - HandId: #2717825450591125505-18-1676236890 - Holdem no limit (30/60) - 2023/02/12 21:21:30 UTC
Table: 'Expresso Nitro(632793049)#0' 3-max (real money) Seat #2 is the button
Seat 2: _SKR (540)
Seat 3: Mikostatic (360)
*** ANTE/BLINDS ***
_SKR posts small blind 30
Mikostatic posts big blind 60
Dealt to _SKR [7c 8c]
*** PRE-FLOP *** 
_SKR raises 480 to 540 and is all-in
Mikostatic folds
_SKR collected 600 from pot
*** SUMMARY ***
Total pot 600 | No rake
Seat 2: _SKR (small blind) (button) won 600


Winamax Poker - Tournament "Expresso Nitro" buyIn: 0.93€ + 0.07€ level: 4 - HandId: #2717825450591125505-19-1676236896 - Holdem no limit (30/60) - 2023/02/12 21:21:36 UTC
Table: 'Expresso Nitro(632793049)#0' 3-max (real money) Seat #3 is the button
Seat 2: _SKR (600)
Seat 3: Mikostatic (300)
*** ANTE/BLINDS ***
Mikostatic posts small blind 30
_SKR posts big blind 60
Dealt to _SKR [2c Kc]
*** PRE-FLOP *** 
Mikostatic calls 30
_SKR raises 540 to 600 and is all-in
Mikostatic folds
_SKR collected 660 from pot
*** SUMMARY ***
Total pot 660 | No rake
Seat 2: _SKR (big blind) won 660


Winamax Poker - Tournament "Expresso Nitro" buyIn: 0.93€ + 0.07€ level: 4 - HandId: #2717825450591125505-20-1676236903 - Holdem no limit (30/60) - 2023/02/12 21:21:43 UTC
Table: 'Expresso Nitro(632793049)#0' 3-max (real money) Seat #2 is the button
Seat 2: _SKR (660)
Seat 3: Mikostatic (240)
*** ANTE/BLINDS ***
_SKR posts small blind 30
Mikostatic posts big blind 60
Dealt to _SKR [Ac Kd]
*** PRE-FLOP *** 
_SKR raises 600 to 660 and is all-in
Mikostatic calls 180 and is all-in
*** FLOP *** [7c As Qs]
*** TURN *** [7c As Qs][Ah]
*** RIVER *** [7c As Qs Ah][Jh]
*** SHOW DOWN ***
Mikostatic shows [2h 2c] (Two pairs : Aces and 2)
_SKR shows [Ac Kd] (Trips of Aces)
_SKR collected 900 from pot
*** SUMMARY ***
Total pot 900 | No rake
Board: [7c As Qs Ah Jh]
Seat 2: _SKR (small blind) (button) showed [Ac Kd] and won 900 with Trips of Aces
Seat 3: Mikostatic (big blind) showed [2h 2c] and lost with Two pairs : Aces and 2


