Winamax Poker - Tournament "Expresso Nitro" buyIn: 0.93€ + 0.07€ level: 1 - HandId: #2718698226600378369-1-1676296039 - Holdem no limit (10/20) - 2023/02/13 13:47:19 UTC
Table: 'Expresso Nitro(632996258)#0' 3-max (real money) Seat #2 is the button
Seat 1: Willou06971 (300)
Seat 2: tef972 (300)
Seat 3: _SKR (300)
*** ANTE/BLINDS ***
_SKR posts small blind 10
Willou06971 posts big blind 20
Dealt to _SKR [7c 8d]
*** PRE-FLOP *** 
tef972 folds
_SKR folds
Willou06971 collected 30 from pot
*** SUMMARY ***
Total pot 30 | No rake
Seat 1: Willou06971 (big blind) won 30


Winamax Poker - Tournament "Expresso Nitro" buyIn: 0.93€ + 0.07€ level: 1 - HandId: #2718698226600378369-2-1676296044 - Holdem no limit (10/20) - 2023/02/13 13:47:24 UTC
Table: 'Expresso Nitro(632996258)#0' 3-max (real money) Seat #3 is the button
Seat 1: Willou06971 (310)
Seat 2: tef972 (300)
Seat 3: _SKR (290)
*** ANTE/BLINDS ***
Willou06971 posts small blind 10
tef972 posts big blind 20
Dealt to _SKR [9h 2h]
*** PRE-FLOP *** 
_SKR folds
Willou06971 raises 20 to 40
tef972 calls 20
*** FLOP *** [8s Ks 3d]
Willou06971 checks
tef972 checks
*** TURN *** [8s Ks 3d][7h]
Willou06971 checks
tef972 checks
*** RIVER *** [8s Ks 3d 7h][3h]
Willou06971 checks
tef972 checks
*** SHOW DOWN ***
Willou06971 shows [Th Qh] (One pair : 3)
tef972 shows [5s 7d] (Two pairs : 7 and 3)
tef972 collected 80 from pot
*** SUMMARY ***
Total pot 80 | No rake
Board: [8s Ks 3d 7h 3h]
Seat 1: Willou06971 (small blind) showed [Th Qh] and lost with One pair : 3
Seat 2: tef972 (big blind) showed [5s 7d] and won 80 with Two pairs : 7 and 3


Winamax Poker - Tournament "Expresso Nitro" buyIn: 0.93€ + 0.07€ level: 1 - HandId: #2718698226600378369-3-1676296075 - Holdem no limit (10/20) - 2023/02/13 13:47:55 UTC
Table: 'Expresso Nitro(632996258)#0' 3-max (real money) Seat #1 is the button
Seat 1: Willou06971 (270)
Seat 2: tef972 (340)
Seat 3: _SKR (290)
*** ANTE/BLINDS ***
tef972 posts small blind 10
_SKR posts big blind 20
Dealt to _SKR [Tc Jd]
*** PRE-FLOP *** 
Willou06971 raises 50 to 70
tef972 folds
_SKR folds
Willou06971 collected 100 from pot
*** SUMMARY ***
Total pot 100 | No rake
Seat 1: Willou06971 (button) won 100


Winamax Poker - Tournament "Expresso Nitro" buyIn: 0.93€ + 0.07€ level: 1 - HandId: #2718698226600378369-4-1676296082 - Holdem no limit (10/20) - 2023/02/13 13:48:02 UTC
Table: 'Expresso Nitro(632996258)#0' 3-max (real money) Seat #2 is the button
Seat 1: Willou06971 (300)
Seat 2: tef972 (330)
Seat 3: _SKR (270)
*** ANTE/BLINDS ***
_SKR posts small blind 10
Willou06971 posts big blind 20
Dealt to _SKR [Ac Kh]
*** PRE-FLOP *** 
tef972 calls 20
_SKR raises 250 to 270 and is all-in
Willou06971 folds
tef972 calls 250
*** FLOP *** [Qd 9d Th]
*** TURN *** [Qd 9d Th][8d]
*** RIVER *** [Qd 9d Th 8d][Ah]
*** SHOW DOWN ***
_SKR shows [Ac Kh] (One pair : Aces)
tef972 shows [6c Jc] (Straight Queen high)
tef972 collected 560 from pot
*** SUMMARY ***
Total pot 560 | No rake
Board: [Qd 9d Th 8d Ah]
Seat 2: tef972 (button) showed [6c Jc] and won 560 with Straight Queen high
Seat 3: _SKR (small blind) showed [Ac Kh] and lost with One pair : Aces


