Winamax Poker - Tournament "Expresso Nitro" buyIn: 1.86€ + 0.14€ level: 1 - HandId: #2694785665467416577-1-1674958436 - Holdem no limit (10/20) - 2023/01/29 02:13:56 UTC
Table: 'Expresso Nitro(627428681)#0' 3-max (real money) Seat #2 is the button
Seat 1: Scam4win (300)
Seat 2: HerrBeton (300)
Seat 3: _SKR (300)
*** ANTE/BLINDS ***
_SKR posts small blind 10
Scam4win posts big blind 20
Dealt to _SKR [Ah Jd]
*** PRE-FLOP *** 
HerrBeton folds
_SKR raises 280 to 300 and is all-in
Scam4win folds
_SKR collected 320 from pot
*** SUMMARY ***
Total pot 320 | No rake
Seat 3: _SKR (small blind) won 320


Winamax Poker - Tournament "Expresso Nitro" buyIn: 1.86€ + 0.14€ level: 1 - HandId: #2694785665467416577-2-1674958449 - Holdem no limit (10/20) - 2023/01/29 02:14:09 UTC
Table: 'Expresso Nitro(627428681)#0' 3-max (real money) Seat #3 is the button
Seat 1: Scam4win (280)
Seat 2: HerrBeton (300)
Seat 3: _SKR (320)
*** ANTE/BLINDS ***
Scam4win posts small blind 10
HerrBeton posts big blind 20
Dealt to _SKR [Kc 6h]
*** PRE-FLOP *** 
_SKR folds
Scam4win raises 260 to 280 and is all-in
HerrBeton folds
Scam4win collected 300 from pot
*** SUMMARY ***
Total pot 300 | No rake
Seat 1: Scam4win (small blind) won 300


Winamax Poker - Tournament "Expresso Nitro" buyIn: 1.86€ + 0.14€ level: 1 - HandId: #2694785665467416577-3-1674958459 - Holdem no limit (10/20) - 2023/01/29 02:14:19 UTC
Table: 'Expresso Nitro(627428681)#0' 3-max (real money) Seat #1 is the button
Seat 1: Scam4win (300)
Seat 2: HerrBeton (280)
Seat 3: _SKR (320)
*** ANTE/BLINDS ***
HerrBeton posts small blind 10
_SKR posts big blind 20
Dealt to _SKR [Tc 7s]
*** PRE-FLOP *** 
Scam4win folds
HerrBeton folds
_SKR collected 30 from pot
*** SUMMARY ***
Total pot 30 | No rake
Seat 3: _SKR (big blind) won 30


Winamax Poker - Tournament "Expresso Nitro" buyIn: 1.86€ + 0.14€ level: 1 - HandId: #2694785665467416577-4-1674958473 - Holdem no limit (10/20) - 2023/01/29 02:14:33 UTC
Table: 'Expresso Nitro(627428681)#0' 3-max (real money) Seat #2 is the button
Seat 1: Scam4win (300)
Seat 2: HerrBeton (270)
Seat 3: _SKR (330)
*** ANTE/BLINDS ***
_SKR posts small blind 10
Scam4win posts big blind 20
Dealt to _SKR [Qh 3c]
*** PRE-FLOP *** 
HerrBeton raises 250 to 270 and is all-in
_SKR folds
Scam4win folds
HerrBeton collected 300 from pot
*** SUMMARY ***
Total pot 300 | No rake
Seat 2: HerrBeton (button) won 300


Winamax Poker - Tournament "Expresso Nitro" buyIn: 1.86€ + 0.14€ level: 2 - HandId: #2694785665467416577-5-1674958514 - Holdem no limit (15/30) - 2023/01/29 02:15:14 UTC
Table: 'Expresso Nitro(627428681)#0' 3-max (real money) Seat #3 is the button
Seat 1: Scam4win (280)
Seat 2: HerrBeton (300)
Seat 3: _SKR (320)
*** ANTE/BLINDS ***
Scam4win posts small blind 15
HerrBeton posts big blind 30
Dealt to _SKR [6s Ac]
*** PRE-FLOP *** 
_SKR raises 290 to 320 and is all-in
Scam4win folds
HerrBeton calls 270 and is all-in
*** FLOP *** [Th Kc 4s]
*** TURN *** [Th Kc 4s][Qs]
*** RIVER *** [Th Kc 4s Qs][Qd]
*** SHOW DOWN ***
HerrBeton shows [Js Qc] (Trips of Queens)
_SKR shows [6s Ac] (One pair : Queens)
_SKR collected 20 from side pot 1
HerrBeton collected 615 from main pot
*** SUMMARY ***
Total pot 635 | No rake
Board: [Th Kc 4s Qs Qd]
Seat 2: HerrBeton (big blind) showed [Js Qc] and won 615 with Trips of Queens
Seat 3: _SKR (button) showed [6s Ac] and won 20 with One pair : Queens


Winamax Poker - Tournament "Expresso Nitro" buyIn: 1.86€ + 0.14€ level: 2 - HandId: #2694785665467416577-6-1674958532 - Holdem no limit (15/30) - 2023/01/29 02:15:32 UTC
Table: 'Expresso Nitro(627428681)#0' 3-max (real money) Seat #1 is the button
Seat 1: Scam4win (265)
Seat 2: HerrBeton (615)
Seat 3: _SKR (20)
*** ANTE/BLINDS ***
HerrBeton posts small blind 15
_SKR posts big blind 20 and is all-in
Dealt to _SKR [Qs Ac]
*** PRE-FLOP *** 
Scam4win raises 245 to 265 and is all-in
HerrBeton raises 350 to 615 and is all-in
*** FLOP *** [7s Qh 4c]
*** TURN *** [7s Qh 4c][8h]
*** RIVER *** [7s Qh 4c 8h][Kc]
*** SHOW DOWN ***
Scam4win shows [Tc Jd] (High card : King)
_SKR shows [Qs Ac] (One pair : Queens)
HerrBeton shows [Kd As] (One pair : Kings)
HerrBeton collected 900 from pot
*** SUMMARY ***
Total pot 900 | No rake
Board: [7s Qh 4c 8h Kc]
Seat 1: Scam4win (button) showed [Tc Jd] and lost with High card : King
Seat 2: HerrBeton (small blind) showed [Kd As] and won 900 with One pair : Kings
Seat 3: _SKR (big blind) showed [Qs Ac] and lost with One pair : Queens


