Winamax Poker - Tournament "Expresso Nitro" buyIn: 0.93€ + 0.07€ level: 1 - HandId: #2680837110633594881-1-1674082147 - Holdem no limit (10/20) - 2023/01/18 22:49:07 UTC
Table: 'Expresso Nitro(624181030)#0' 3-max (real money) Seat #3 is the button
Seat 1: 67loony (300)
Seat 2: _SKR (300)
Seat 3: joke5522 (300)
*** ANTE/BLINDS ***
67loony posts small blind 10
_SKR posts big blind 20
Dealt to _SKR [3d 9s]
*** PRE-FLOP *** 
joke5522 raises 20 to 40
67loony raises 260 to 300 and is all-in
_SKR folds
joke5522 calls 260 and is all-in
*** FLOP *** [2c 2d 3h]
*** TURN *** [2c 2d 3h][6s]
*** RIVER *** [2c 2d 3h 6s][5h]
*** SHOW DOWN ***
67loony shows [Td 9h] (One pair : 2)
joke5522 shows [Ks Ad] (One pair : 2)
joke5522 collected 620 from pot
*** SUMMARY ***
Total pot 620 | No rake
Board: [2c 2d 3h 6s 5h]
Seat 1: 67loony (small blind) showed [Td 9h] and lost with One pair : 2
Seat 3: joke5522 (button) showed [Ks Ad] and won 620 with One pair : 2


Winamax Poker - Tournament "Expresso Nitro" buyIn: 0.93€ + 0.07€ level: 1 - HandId: #2680837110633594881-2-1674082176 - Holdem no limit (10/20) - 2023/01/18 22:49:36 UTC
Table: 'Expresso Nitro(624181030)#0' 3-max (real money) Seat #2 is the button
Seat 2: _SKR (280)
Seat 3: joke5522 (620)
*** ANTE/BLINDS ***
_SKR posts small blind 10
joke5522 posts big blind 20
Dealt to _SKR [6h Qs]
*** PRE-FLOP *** 
_SKR folds
joke5522 collected 30 from pot
*** SUMMARY ***
Total pot 30 | No rake
Seat 3: joke5522 (big blind) won 30


Winamax Poker - Tournament "Expresso Nitro" buyIn: 0.93€ + 0.07€ level: 1 - HandId: #2680837110633594881-3-1674082180 - Holdem no limit (10/20) - 2023/01/18 22:49:40 UTC
Table: 'Expresso Nitro(624181030)#0' 3-max (real money) Seat #3 is the button
Seat 2: _SKR (270)
Seat 3: joke5522 (630)
*** ANTE/BLINDS ***
joke5522 posts small blind 10
_SKR posts big blind 20
Dealt to _SKR [Jc 9s]
*** PRE-FLOP *** 
joke5522 calls 10
_SKR checks
*** FLOP *** [2h 9d 2d]
_SKR checks
joke5522 checks
*** TURN *** [2h 9d 2d][2s]
_SKR bets 26
joke5522 folds
_SKR collected 66 from pot
*** SUMMARY ***
Total pot 66 | No rake
Board: [2h 9d 2d 2s]
Seat 2: _SKR (big blind) won 66


Winamax Poker - Tournament "Expresso Nitro" buyIn: 0.93€ + 0.07€ level: 2 - HandId: #2680837110633594881-4-1674082221 - Holdem no limit (15/30) - 2023/01/18 22:50:21 UTC
Table: 'Expresso Nitro(624181030)#0' 3-max (real money) Seat #2 is the button
Seat 2: _SKR (290)
Seat 3: joke5522 (610)
*** ANTE/BLINDS ***
_SKR posts small blind 15
joke5522 posts big blind 30
Dealt to _SKR [4c 6s]
*** PRE-FLOP *** 
_SKR folds
joke5522 collected 45 from pot
*** SUMMARY ***
Total pot 45 | No rake
Seat 3: joke5522 (big blind) won 45


Winamax Poker - Tournament "Expresso Nitro" buyIn: 0.93€ + 0.07€ level: 2 - HandId: #2680837110633594881-5-1674082224 - Holdem no limit (15/30) - 2023/01/18 22:50:24 UTC
Table: 'Expresso Nitro(624181030)#0' 3-max (real money) Seat #3 is the button
Seat 2: _SKR (275)
Seat 3: joke5522 (625)
*** ANTE/BLINDS ***
joke5522 posts small blind 15
_SKR posts big blind 30
Dealt to _SKR [5c 6h]
*** PRE-FLOP *** 
joke5522 raises 595 to 625 and is all-in
_SKR folds
joke5522 collected 655 from pot
*** SUMMARY ***
Total pot 655 | No rake
Seat 3: joke5522 (small blind) (button) won 655


Winamax Poker - Tournament "Expresso Nitro" buyIn: 0.93€ + 0.07€ level: 2 - HandId: #2680837110633594881-6-1674082238 - Holdem no limit (15/30) - 2023/01/18 22:50:38 UTC
Table: 'Expresso Nitro(624181030)#0' 3-max (real money) Seat #2 is the button
Seat 2: _SKR (245)
Seat 3: joke5522 (655)
*** ANTE/BLINDS ***
_SKR posts small blind 15
joke5522 posts big blind 30
Dealt to _SKR [2d Qs]
*** PRE-FLOP *** 
_SKR folds
joke5522 collected 45 from pot
*** SUMMARY ***
Total pot 45 | No rake
Seat 3: joke5522 (big blind) won 45


Winamax Poker - Tournament "Expresso Nitro" buyIn: 0.93€ + 0.07€ level: 2 - HandId: #2680837110633594881-7-1674082243 - Holdem no limit (15/30) - 2023/01/18 22:50:43 UTC
Table: 'Expresso Nitro(624181030)#0' 3-max (real money) Seat #3 is the button
Seat 2: _SKR (230)
Seat 3: joke5522 (670)
*** ANTE/BLINDS ***
joke5522 posts small blind 15
_SKR posts big blind 30
Dealt to _SKR [Ac 5d]
*** PRE-FLOP *** 
joke5522 raises 640 to 670 and is all-in
_SKR calls 200 and is all-in
*** FLOP *** [Kh As 2h]
*** TURN *** [Kh As 2h][8c]
*** RIVER *** [Kh As 2h 8c][8h]
*** SHOW DOWN ***
_SKR shows [Ac 5d] (Two pairs : Aces and 8)
joke5522 shows [9d Js] (One pair : 8)
joke5522 collected 440 from side pot 1
_SKR collected 460 from main pot
*** SUMMARY ***
Total pot 900 | No rake
Board: [Kh As 2h 8c 8h]
Seat 2: _SKR (big blind) showed [Ac 5d] and won 460 with Two pairs : Aces and 8
Seat 3: joke5522 (small blind) (button) showed [9d Js] and won 440 with One pair : 8


Winamax Poker - Tournament "Expresso Nitro" buyIn: 0.93€ + 0.07€ level: 3 - HandId: #2680837110633594881-8-1674082263 - Holdem no limit (20/40) - 2023/01/18 22:51:03 UTC
Table: 'Expresso Nitro(624181030)#0' 3-max (real money) Seat #2 is the button
Seat 2: _SKR (460)
Seat 3: joke5522 (440)
*** ANTE/BLINDS ***
_SKR posts small blind 20
joke5522 posts big blind 40
Dealt to _SKR [9c Ad]
*** PRE-FLOP *** 
_SKR raises 420 to 460 and is all-in
joke5522 folds
_SKR collected 500 from pot
*** SUMMARY ***
Total pot 500 | No rake
Seat 2: _SKR (small blind) (button) won 500


Winamax Poker - Tournament "Expresso Nitro" buyIn: 0.93€ + 0.07€ level: 3 - HandId: #2680837110633594881-9-1674082273 - Holdem no limit (20/40) - 2023/01/18 22:51:13 UTC
Table: 'Expresso Nitro(624181030)#0' 3-max (real money) Seat #3 is the button
Seat 2: _SKR (500)
Seat 3: joke5522 (400)
*** ANTE/BLINDS ***
joke5522 posts small blind 20
_SKR posts big blind 40
Dealt to _SKR [9h As]
*** PRE-FLOP *** 
joke5522 calls 20
_SKR raises 460 to 500 and is all-in
joke5522 folds
_SKR collected 540 from pot
*** SUMMARY ***
Total pot 540 | No rake
Seat 2: _SKR (big blind) won 540


Winamax Poker - Tournament "Expresso Nitro" buyIn: 0.93€ + 0.07€ level: 3 - HandId: #2680837110633594881-10-1674082296 - Holdem no limit (20/40) - 2023/01/18 22:51:36 UTC
Table: 'Expresso Nitro(624181030)#0' 3-max (real money) Seat #2 is the button
Seat 2: _SKR (540)
Seat 3: joke5522 (360)
*** ANTE/BLINDS ***
_SKR posts small blind 20
joke5522 posts big blind 40
Dealt to _SKR [3s 7s]
*** PRE-FLOP *** 
_SKR folds
joke5522 collected 60 from pot
*** SUMMARY ***
Total pot 60 | No rake
Seat 3: joke5522 (big blind) won 60


Winamax Poker - Tournament "Expresso Nitro" buyIn: 0.93€ + 0.07€ level: 3 - HandId: #2680837110633594881-11-1674082300 - Holdem no limit (20/40) - 2023/01/18 22:51:40 UTC
Table: 'Expresso Nitro(624181030)#0' 3-max (real money) Seat #3 is the button
Seat 2: _SKR (520)
Seat 3: joke5522 (380)
*** ANTE/BLINDS ***
joke5522 posts small blind 20
_SKR posts big blind 40
Dealt to _SKR [Td 8c]
*** PRE-FLOP *** 
joke5522 calls 20
_SKR checks
*** FLOP *** [7s 2s Kd]
_SKR checks
joke5522 bets 40
_SKR folds
joke5522 collected 120 from pot
*** SUMMARY ***
Total pot 120 | No rake
Board: [7s 2s Kd]
Seat 3: joke5522 (small blind) (button) won 120


Winamax Poker - Tournament "Expresso Nitro" buyIn: 0.93€ + 0.07€ level: 3 - HandId: #2680837110633594881-12-1674082320 - Holdem no limit (20/40) - 2023/01/18 22:52:00 UTC
Table: 'Expresso Nitro(624181030)#0' 3-max (real money) Seat #2 is the button
Seat 2: _SKR (480)
Seat 3: joke5522 (420)
*** ANTE/BLINDS ***
_SKR posts small blind 20
joke5522 posts big blind 40
Dealt to _SKR [Ts 4d]
*** PRE-FLOP *** 
_SKR folds
joke5522 collected 60 from pot
*** SUMMARY ***
Total pot 60 | No rake
Seat 3: joke5522 (big blind) won 60


Winamax Poker - Tournament "Expresso Nitro" buyIn: 0.93€ + 0.07€ level: 4 - HandId: #2680837110633594881-13-1674082323 - Holdem no limit (30/60) - 2023/01/18 22:52:03 UTC
Table: 'Expresso Nitro(624181030)#0' 3-max (real money) Seat #3 is the button
Seat 2: _SKR (460)
Seat 3: joke5522 (440)
*** ANTE/BLINDS ***
joke5522 posts small blind 30
_SKR posts big blind 60
Dealt to _SKR [Ks 9d]
*** PRE-FLOP *** 
joke5522 raises 380 to 440 and is all-in
_SKR calls 380
*** FLOP *** [7d 2h 5d]
*** TURN *** [7d 2h 5d][2s]
*** RIVER *** [7d 2h 5d 2s][2d]
*** SHOW DOWN ***
joke5522 shows [Ts Qc] (Trips of 2)
_SKR shows [Ks 9d] (Trips of 2)
_SKR collected 880 from pot
*** SUMMARY ***
Total pot 880 | No rake
Board: [7d 2h 5d 2s 2d]
Seat 2: _SKR (big blind) showed [Ks 9d] and won 880 with Trips of 2
Seat 3: joke5522 (small blind) (button) showed [Ts Qc] and lost with Trips of 2


