Winamax Poker - Tournament "Expresso Nitro" buyIn: 0.93€ + 0.07€ level: 1 - HandId: #2675072134945964033-1-1673742811 - Holdem no limit (10/20) - 2023/01/15 00:33:31 UTC
Table: 'Expresso Nitro(622838767)#0' 3-max (real money) Seat #1 is the button
Seat 1: Chloe Decker (300)
Seat 2: _SKR (300)
Seat 3: Complvtvm (300)
*** ANTE/BLINDS ***
_SKR posts small blind 10
Complvtvm posts big blind 20
Dealt to _SKR [Qc 3s]
*** PRE-FLOP *** 
Chloe Decker folds
_SKR folds
Complvtvm collected 30 from pot
*** SUMMARY ***
Total pot 30 | No rake
Seat 3: Complvtvm (big blind) won 30


Winamax Poker - Tournament "Expresso Nitro" buyIn: 0.93€ + 0.07€ level: 1 - HandId: #2675072134945964033-2-1673742819 - Holdem no limit (10/20) - 2023/01/15 00:33:39 UTC
Table: 'Expresso Nitro(622838767)#0' 3-max (real money) Seat #2 is the button
Seat 1: Chloe Decker (300)
Seat 2: _SKR (290)
Seat 3: Complvtvm (310)
*** ANTE/BLINDS ***
Complvtvm posts small blind 10
Chloe Decker posts big blind 20
Dealt to _SKR [5d 2c]
*** PRE-FLOP *** 
_SKR folds
Complvtvm calls 10
Chloe Decker checks
*** FLOP *** [Qd Tc Js]
Complvtvm checks
Chloe Decker bets 20
Complvtvm folds
Chloe Decker collected 60 from pot
*** SUMMARY ***
Total pot 60 | No rake
Board: [Qd Tc Js]
Seat 1: Chloe Decker (big blind) won 60


Winamax Poker - Tournament "Expresso Nitro" buyIn: 0.93€ + 0.07€ level: 1 - HandId: #2675072134945964033-3-1673742839 - Holdem no limit (10/20) - 2023/01/15 00:33:59 UTC
Table: 'Expresso Nitro(622838767)#0' 3-max (real money) Seat #3 is the button
Seat 1: Chloe Decker (320)
Seat 2: _SKR (290)
Seat 3: Complvtvm (290)
*** ANTE/BLINDS ***
Chloe Decker posts small blind 10
_SKR posts big blind 20
Dealt to _SKR [Qh 5h]
*** PRE-FLOP *** 
Complvtvm folds
Chloe Decker raises 300 to 320 and is all-in
_SKR folds
Chloe Decker collected 340 from pot
*** SUMMARY ***
Total pot 340 | No rake
Seat 1: Chloe Decker (small blind) won 340


Winamax Poker - Tournament "Expresso Nitro" buyIn: 0.93€ + 0.07€ level: 1 - HandId: #2675072134945964033-4-1673742849 - Holdem no limit (10/20) - 2023/01/15 00:34:09 UTC
Table: 'Expresso Nitro(622838767)#0' 3-max (real money) Seat #1 is the button
Seat 1: Chloe Decker (340)
Seat 2: _SKR (270)
Seat 3: Complvtvm (290)
*** ANTE/BLINDS ***
_SKR posts small blind 10
Complvtvm posts big blind 20
Dealt to _SKR [5s Td]
*** PRE-FLOP *** 
Chloe Decker raises 320 to 340 and is all-in
_SKR folds
Complvtvm folds
Chloe Decker collected 370 from pot
*** SUMMARY ***
Total pot 370 | No rake
Seat 1: Chloe Decker (button) won 370


Winamax Poker - Tournament "Expresso Nitro" buyIn: 0.93€ + 0.07€ level: 2 - HandId: #2675072134945964033-5-1673742873 - Holdem no limit (15/30) - 2023/01/15 00:34:33 UTC
Table: 'Expresso Nitro(622838767)#0' 3-max (real money) Seat #2 is the button
Seat 1: Chloe Decker (370)
Seat 2: _SKR (260)
Seat 3: Complvtvm (270)
*** ANTE/BLINDS ***
Complvtvm posts small blind 15
Chloe Decker posts big blind 30
Dealt to _SKR [6c 9s]
*** PRE-FLOP *** 
_SKR folds
Complvtvm folds
Chloe Decker collected 45 from pot
*** SUMMARY ***
Total pot 45 | No rake
Seat 1: Chloe Decker (big blind) won 45


Winamax Poker - Tournament "Expresso Nitro" buyIn: 0.93€ + 0.07€ level: 2 - HandId: #2675072134945964033-6-1673742885 - Holdem no limit (15/30) - 2023/01/15 00:34:45 UTC
Table: 'Expresso Nitro(622838767)#0' 3-max (real money) Seat #3 is the button
Seat 1: Chloe Decker (385)
Seat 2: _SKR (260)
Seat 3: Complvtvm (255)
*** ANTE/BLINDS ***
Chloe Decker posts small blind 15
_SKR posts big blind 30
Dealt to _SKR [Jh 7c]
*** PRE-FLOP *** 
Complvtvm raises 75 to 105
Chloe Decker folds
_SKR folds
Complvtvm collected 150 from pot
*** SUMMARY ***
Total pot 150 | No rake
Seat 3: Complvtvm (button) won 150


Winamax Poker - Tournament "Expresso Nitro" buyIn: 0.93€ + 0.07€ level: 2 - HandId: #2675072134945964033-7-1673742895 - Holdem no limit (15/30) - 2023/01/15 00:34:55 UTC
Table: 'Expresso Nitro(622838767)#0' 3-max (real money) Seat #1 is the button
Seat 1: Chloe Decker (370)
Seat 2: _SKR (230)
Seat 3: Complvtvm (300)
*** ANTE/BLINDS ***
_SKR posts small blind 15
Complvtvm posts big blind 30
Dealt to _SKR [5c Qc]
*** PRE-FLOP *** 
Chloe Decker folds
_SKR raises 200 to 230 and is all-in
Complvtvm calls 200
*** FLOP *** [6s Th 8d]
*** TURN *** [6s Th 8d][6h]
*** RIVER *** [6s Th 8d 6h][Js]
*** SHOW DOWN ***
_SKR shows [5c Qc] (One pair : 6)
Complvtvm shows [2d Ah] (One pair : 6)
Complvtvm collected 460 from pot
*** SUMMARY ***
Total pot 460 | No rake
Board: [6s Th 8d 6h Js]
Seat 2: _SKR (small blind) showed [5c Qc] and lost with One pair : 6
Seat 3: Complvtvm (big blind) showed [2d Ah] and won 460 with One pair : 6


