Winamax Poker - Tournament "Expresso Nitro" buyIn: 0.93€ + 0.07€ level: 1 - HandId: #2692550925263831041-1-1674830205 - Holdem no limit (10/20) - 2023/01/27 14:36:45 UTC
Table: 'Expresso Nitro(626908365)#0' 3-max (real money) Seat #3 is the button
Seat 1: FluSh.BacK (300)
Seat 2: roseFuret84 (300)
Seat 3: _SKR (300)
*** ANTE/BLINDS ***
FluSh.BacK posts small blind 10
roseFuret84 posts big blind 20
Dealt to _SKR [9c 5c]
*** PRE-FLOP *** 
_SKR folds
FluSh.BacK folds
roseFuret84 collected 30 from pot
*** SUMMARY ***
Total pot 30 | No rake
Seat 2: roseFuret84 (big blind) won 30


Winamax Poker - Tournament "Expresso Nitro" buyIn: 0.93€ + 0.07€ level: 1 - HandId: #2692550925263831041-2-1674830222 - Holdem no limit (10/20) - 2023/01/27 14:37:02 UTC
Table: 'Expresso Nitro(626908365)#0' 3-max (real money) Seat #1 is the button
Seat 1: FluSh.BacK (290)
Seat 2: roseFuret84 (310)
Seat 3: _SKR (300)
*** ANTE/BLINDS ***
roseFuret84 posts small blind 10
_SKR posts big blind 20
Dealt to _SKR [Td 7c]
*** PRE-FLOP *** 
FluSh.BacK folds
roseFuret84 calls 10
_SKR checks
*** FLOP *** [8h 9c 7h]
roseFuret84 checks
_SKR bets 20
roseFuret84 calls 20
*** TURN *** [8h 9c 7h][Jh]
roseFuret84 checks
_SKR checks
*** RIVER *** [8h 9c 7h Jh][As]
roseFuret84 checks
_SKR bets 64
roseFuret84 calls 64
*** SHOW DOWN ***
roseFuret84 shows [7s Ad] (Two pairs : Aces and 7)
_SKR shows [Td 7c] (Straight Jack high)
_SKR collected 208 from pot
*** SUMMARY ***
Total pot 208 | No rake
Board: [8h 9c 7h Jh As]
Seat 2: roseFuret84 (small blind) showed [7s Ad] and lost with Two pairs : Aces and 7
Seat 3: _SKR (big blind) showed [Td 7c] and won 208 with Straight Jack high


Winamax Poker - Tournament "Expresso Nitro" buyIn: 0.93€ + 0.07€ level: 2 - HandId: #2692550925263831041-3-1674830272 - Holdem no limit (15/30) - 2023/01/27 14:37:52 UTC
Table: 'Expresso Nitro(626908365)#0' 3-max (real money) Seat #2 is the button
Seat 1: FluSh.BacK (290)
Seat 2: roseFuret84 (206)
Seat 3: _SKR (404)
*** ANTE/BLINDS ***
_SKR posts small blind 15
FluSh.BacK posts big blind 30
Dealt to _SKR [Jd Qd]
*** PRE-FLOP *** 
roseFuret84 folds
_SKR raises 374 to 404 and is all-in
FluSh.BacK folds
_SKR collected 434 from pot
*** SUMMARY ***
Total pot 434 | No rake
Seat 3: _SKR (small blind) won 434


Winamax Poker - Tournament "Expresso Nitro" buyIn: 0.93€ + 0.07€ level: 2 - HandId: #2692550925263831041-4-1674830287 - Holdem no limit (15/30) - 2023/01/27 14:38:07 UTC
Table: 'Expresso Nitro(626908365)#0' 3-max (real money) Seat #3 is the button
Seat 1: FluSh.BacK (260)
Seat 2: roseFuret84 (206)
Seat 3: _SKR (434)
*** ANTE/BLINDS ***
FluSh.BacK posts small blind 15
roseFuret84 posts big blind 30
Dealt to _SKR [6h Ad]
*** PRE-FLOP *** 
_SKR raises 404 to 434 and is all-in
FluSh.BacK folds
roseFuret84 calls 176 and is all-in
*** FLOP *** [5h Qd Jh]
*** TURN *** [5h Qd Jh][Jd]
*** RIVER *** [5h Qd Jh Jd][7c]
*** SHOW DOWN ***
roseFuret84 shows [7h 4h] (Two pairs : Jacks and 7)
_SKR shows [6h Ad] (One pair : Jacks)
_SKR collected 228 from side pot 1
roseFuret84 collected 427 from main pot
*** SUMMARY ***
Total pot 655 | No rake
Board: [5h Qd Jh Jd 7c]
Seat 2: roseFuret84 (big blind) showed [7h 4h] and won 427 with Two pairs : Jacks and 7
Seat 3: _SKR (button) showed [6h Ad] and won 228 with One pair : Jacks


Winamax Poker - Tournament "Expresso Nitro" buyIn: 0.93€ + 0.07€ level: 2 - HandId: #2692550925263831041-5-1674830303 - Holdem no limit (15/30) - 2023/01/27 14:38:23 UTC
Table: 'Expresso Nitro(626908365)#0' 3-max (real money) Seat #1 is the button
Seat 1: FluSh.BacK (245)
Seat 2: roseFuret84 (427)
Seat 3: _SKR (228)
*** ANTE/BLINDS ***
roseFuret84 posts small blind 15
_SKR posts big blind 30
Dealt to _SKR [6h 6c]
*** PRE-FLOP *** 
FluSh.BacK folds
roseFuret84 folds
_SKR collected 45 from pot
*** SUMMARY ***
Total pot 45 | No rake
Seat 3: _SKR (big blind) won 45


Winamax Poker - Tournament "Expresso Nitro" buyIn: 0.93€ + 0.07€ level: 2 - HandId: #2692550925263831041-6-1674830307 - Holdem no limit (15/30) - 2023/01/27 14:38:27 UTC
Table: 'Expresso Nitro(626908365)#0' 3-max (real money) Seat #2 is the button
Seat 1: FluSh.BacK (245)
Seat 2: roseFuret84 (412)
Seat 3: _SKR (243)
*** ANTE/BLINDS ***
_SKR posts small blind 15
FluSh.BacK posts big blind 30
Dealt to _SKR [6s Ah]
*** PRE-FLOP *** 
roseFuret84 raises 382 to 412 and is all-in
_SKR folds
FluSh.BacK folds
roseFuret84 collected 457 from pot
*** SUMMARY ***
Total pot 457 | No rake
Seat 2: roseFuret84 (button) won 457


Winamax Poker - Tournament "Expresso Nitro" buyIn: 0.93€ + 0.07€ level: 2 - HandId: #2692550925263831041-7-1674830316 - Holdem no limit (15/30) - 2023/01/27 14:38:36 UTC
Table: 'Expresso Nitro(626908365)#0' 3-max (real money) Seat #3 is the button
Seat 1: FluSh.BacK (215)
Seat 2: roseFuret84 (457)
Seat 3: _SKR (228)
*** ANTE/BLINDS ***
FluSh.BacK posts small blind 15
roseFuret84 posts big blind 30
Dealt to _SKR [4h 3h]
*** PRE-FLOP *** 
_SKR folds
FluSh.BacK folds
roseFuret84 collected 45 from pot
*** SUMMARY ***
Total pot 45 | No rake
Seat 2: roseFuret84 (big blind) won 45


Winamax Poker - Tournament "Expresso Nitro" buyIn: 0.93€ + 0.07€ level: 3 - HandId: #2692550925263831041-8-1674830321 - Holdem no limit (20/40) - 2023/01/27 14:38:41 UTC
Table: 'Expresso Nitro(626908365)#0' 3-max (real money) Seat #1 is the button
Seat 1: FluSh.BacK (200)
Seat 2: roseFuret84 (472)
Seat 3: _SKR (228)
*** ANTE/BLINDS ***
roseFuret84 posts small blind 20
_SKR posts big blind 40
Dealt to _SKR [Ks 3c]
*** PRE-FLOP *** 
FluSh.BacK folds
roseFuret84 raises 432 to 472 and is all-in
_SKR folds
roseFuret84 collected 512 from pot
*** SUMMARY ***
Total pot 512 | No rake
Seat 2: roseFuret84 (small blind) won 512


Winamax Poker - Tournament "Expresso Nitro" buyIn: 0.93€ + 0.07€ level: 3 - HandId: #2692550925263831041-9-1674830328 - Holdem no limit (20/40) - 2023/01/27 14:38:48 UTC
Table: 'Expresso Nitro(626908365)#0' 3-max (real money) Seat #2 is the button
Seat 1: FluSh.BacK (200)
Seat 2: roseFuret84 (512)
Seat 3: _SKR (188)
*** ANTE/BLINDS ***
_SKR posts small blind 20
FluSh.BacK posts big blind 40
Dealt to _SKR [Jd Th]
*** PRE-FLOP *** 
roseFuret84 calls 40
_SKR raises 148 to 188 and is all-in
FluSh.BacK raises 12 to 200 and is all-in
roseFuret84 folds
*** FLOP *** [Kc 8h Qh]
*** TURN *** [Kc 8h Qh][Ah]
*** RIVER *** [Kc 8h Qh Ah][6s]
*** SHOW DOWN ***
FluSh.BacK shows [Td Ac] (One pair : Aces)
_SKR shows [Jd Th] (Straight Ace high)
_SKR collected 416 from main pot
FluSh.BacK collected 12 from side pot 1
*** SUMMARY ***
Total pot 428 | No rake
Board: [Kc 8h Qh Ah 6s]
Seat 1: FluSh.BacK (big blind) showed [Td Ac] and won 12 with One pair : Aces
Seat 3: _SKR (small blind) showed [Jd Th] and won 416 with Straight Ace high


Winamax Poker - Tournament "Expresso Nitro" buyIn: 0.93€ + 0.07€ level: 3 - HandId: #2692550925263831041-10-1674830346 - Holdem no limit (20/40) - 2023/01/27 14:39:06 UTC
Table: 'Expresso Nitro(626908365)#0' 3-max (real money) Seat #3 is the button
Seat 1: FluSh.BacK (12)
Seat 2: roseFuret84 (472)
Seat 3: _SKR (416)
*** ANTE/BLINDS ***
FluSh.BacK posts small blind 12 and is all-in
roseFuret84 posts big blind 40
Dealt to _SKR [Jh 9h]
*** PRE-FLOP *** 
_SKR raises 40 to 80
roseFuret84 folds
*** FLOP *** [2h 6h 5s]
*** TURN *** [2h 6h 5s][Td]
*** RIVER *** [2h 6h 5s Td][2d]
*** SHOW DOWN ***
FluSh.BacK shows [7s 4h] (One pair : 2)
_SKR shows [Jh 9h] (One pair : 2)
_SKR collected 132 from pot
*** SUMMARY ***
Total pot 132 | No rake
Board: [2h 6h 5s Td 2d]
Seat 1: FluSh.BacK (small blind) showed [7s 4h] and lost with One pair : 2
Seat 3: _SKR (button) showed [Jh 9h] and won 132 with One pair : 2


Winamax Poker - Tournament "Expresso Nitro" buyIn: 0.93€ + 0.07€ level: 3 - HandId: #2692550925263831041-11-1674830359 - Holdem no limit (20/40) - 2023/01/27 14:39:19 UTC
Table: 'Expresso Nitro(626908365)#0' 3-max (real money) Seat #2 is the button
Seat 2: roseFuret84 (432)
Seat 3: _SKR (468)
*** ANTE/BLINDS ***
roseFuret84 posts small blind 20
_SKR posts big blind 40
Dealt to _SKR [9h 7s]
*** PRE-FLOP *** 
roseFuret84 folds
_SKR collected 60 from pot
*** SUMMARY ***
Total pot 60 | No rake
Seat 3: _SKR (big blind) won 60


Winamax Poker - Tournament "Expresso Nitro" buyIn: 0.93€ + 0.07€ level: 3 - HandId: #2692550925263831041-12-1674830364 - Holdem no limit (20/40) - 2023/01/27 14:39:24 UTC
Table: 'Expresso Nitro(626908365)#0' 3-max (real money) Seat #3 is the button
Seat 2: roseFuret84 (412)
Seat 3: _SKR (488)
*** ANTE/BLINDS ***
_SKR posts small blind 20
roseFuret84 posts big blind 40
Dealt to _SKR [Js 7d]
*** PRE-FLOP *** 
_SKR folds
roseFuret84 collected 60 from pot
*** SUMMARY ***
Total pot 60 | No rake
Seat 2: roseFuret84 (big blind) won 60


Winamax Poker - Tournament "Expresso Nitro" buyIn: 0.93€ + 0.07€ level: 3 - HandId: #2692550925263831041-13-1674830368 - Holdem no limit (20/40) - 2023/01/27 14:39:28 UTC
Table: 'Expresso Nitro(626908365)#0' 3-max (real money) Seat #2 is the button
Seat 2: roseFuret84 (432)
Seat 3: _SKR (468)
*** ANTE/BLINDS ***
roseFuret84 posts small blind 20
_SKR posts big blind 40
Dealt to _SKR [7c 3d]
*** PRE-FLOP *** 
roseFuret84 calls 20
_SKR checks
*** FLOP *** [7h 4c 4d]
_SKR checks
roseFuret84 checks
*** TURN *** [7h 4c 4d][7d]
_SKR bets 40
roseFuret84 folds
_SKR collected 120 from pot
*** SUMMARY ***
Total pot 120 | No rake
Board: [7h 4c 4d 7d]
Seat 3: _SKR (big blind) won 120


Winamax Poker - Tournament "Expresso Nitro" buyIn: 0.93€ + 0.07€ level: 4 - HandId: #2692550925263831041-14-1674830384 - Holdem no limit (30/60) - 2023/01/27 14:39:44 UTC
Table: 'Expresso Nitro(626908365)#0' 3-max (real money) Seat #3 is the button
Seat 2: roseFuret84 (392)
Seat 3: _SKR (508)
*** ANTE/BLINDS ***
_SKR posts small blind 30
roseFuret84 posts big blind 60
Dealt to _SKR [6c 4d]
*** PRE-FLOP *** 
_SKR folds
roseFuret84 collected 90 from pot
*** SUMMARY ***
Total pot 90 | No rake
Seat 2: roseFuret84 (big blind) won 90


Winamax Poker - Tournament "Expresso Nitro" buyIn: 0.93€ + 0.07€ level: 4 - HandId: #2692550925263831041-15-1674830388 - Holdem no limit (30/60) - 2023/01/27 14:39:48 UTC
Table: 'Expresso Nitro(626908365)#0' 3-max (real money) Seat #2 is the button
Seat 2: roseFuret84 (422)
Seat 3: _SKR (478)
*** ANTE/BLINDS ***
roseFuret84 posts small blind 30
_SKR posts big blind 60
Dealt to _SKR [6d 3h]
*** PRE-FLOP *** 
roseFuret84 calls 30
_SKR checks
*** FLOP *** [3c 4c 2d]
_SKR checks
roseFuret84 checks
*** TURN *** [3c 4c 2d][5s]
_SKR bets 78
roseFuret84 folds
_SKR collected 198 from pot
*** SUMMARY ***
Total pot 198 | No rake
Board: [3c 4c 2d 5s]
Seat 3: _SKR (big blind) won 198


Winamax Poker - Tournament "Expresso Nitro" buyIn: 0.93€ + 0.07€ level: 4 - HandId: #2692550925263831041-16-1674830409 - Holdem no limit (30/60) - 2023/01/27 14:40:09 UTC
Table: 'Expresso Nitro(626908365)#0' 3-max (real money) Seat #3 is the button
Seat 2: roseFuret84 (362)
Seat 3: _SKR (538)
*** ANTE/BLINDS ***
_SKR posts small blind 30
roseFuret84 posts big blind 60
Dealt to _SKR [5h 7s]
*** PRE-FLOP *** 
_SKR folds
roseFuret84 collected 90 from pot
*** SUMMARY ***
Total pot 90 | No rake
Seat 2: roseFuret84 (big blind) won 90


Winamax Poker - Tournament "Expresso Nitro" buyIn: 0.93€ + 0.07€ level: 4 - HandId: #2692550925263831041-17-1674830413 - Holdem no limit (30/60) - 2023/01/27 14:40:13 UTC
Table: 'Expresso Nitro(626908365)#0' 3-max (real money) Seat #2 is the button
Seat 2: roseFuret84 (392)
Seat 3: _SKR (508)
*** ANTE/BLINDS ***
roseFuret84 posts small blind 30
_SKR posts big blind 60
Dealt to _SKR [8c Jh]
*** PRE-FLOP *** 
roseFuret84 calls 30
_SKR checks
*** FLOP *** [4d Ac Qc]
_SKR checks
roseFuret84 bets 332 and is all-in
_SKR folds
roseFuret84 collected 452 from pot
*** SUMMARY ***
Total pot 452 | No rake
Board: [4d Ac Qc]
Seat 2: roseFuret84 (small blind) (button) won 452


Winamax Poker - Tournament "Expresso Nitro" buyIn: 0.93€ + 0.07€ level: 4 - HandId: #2692550925263831041-18-1674830440 - Holdem no limit (30/60) - 2023/01/27 14:40:40 UTC
Table: 'Expresso Nitro(626908365)#0' 3-max (real money) Seat #3 is the button
Seat 2: roseFuret84 (452)
Seat 3: _SKR (448)
*** ANTE/BLINDS ***
_SKR posts small blind 30
roseFuret84 posts big blind 60
Dealt to _SKR [2c 5c]
*** PRE-FLOP *** 
_SKR folds
roseFuret84 collected 90 from pot
*** SUMMARY ***
Total pot 90 | No rake
Seat 2: roseFuret84 (big blind) won 90


Winamax Poker - Tournament "Expresso Nitro" buyIn: 0.93€ + 0.07€ level: 5 - HandId: #2692550925263831041-19-1674830443 - Holdem no limit (40/80) - 2023/01/27 14:40:43 UTC
Table: 'Expresso Nitro(626908365)#0' 3-max (real money) Seat #2 is the button
Seat 2: roseFuret84 (482)
Seat 3: _SKR (418)
*** ANTE/BLINDS ***
roseFuret84 posts small blind 40
_SKR posts big blind 80
Dealt to _SKR [2d 8c]
*** PRE-FLOP *** 
roseFuret84 raises 402 to 482 and is all-in
_SKR folds
roseFuret84 collected 562 from pot
*** SUMMARY ***
Total pot 562 | No rake
Seat 2: roseFuret84 (small blind) (button) won 562


Winamax Poker - Tournament "Expresso Nitro" buyIn: 0.93€ + 0.07€ level: 5 - HandId: #2692550925263831041-20-1674830451 - Holdem no limit (40/80) - 2023/01/27 14:40:51 UTC
Table: 'Expresso Nitro(626908365)#0' 3-max (real money) Seat #3 is the button
Seat 2: roseFuret84 (562)
Seat 3: _SKR (338)
*** ANTE/BLINDS ***
_SKR posts small blind 40
roseFuret84 posts big blind 80
Dealt to _SKR [7s 2c]
*** PRE-FLOP *** 
_SKR folds
roseFuret84 collected 120 from pot
*** SUMMARY ***
Total pot 120 | No rake
Seat 2: roseFuret84 (big blind) won 120


Winamax Poker - Tournament "Expresso Nitro" buyIn: 0.93€ + 0.07€ level: 5 - HandId: #2692550925263831041-21-1674830457 - Holdem no limit (40/80) - 2023/01/27 14:40:57 UTC
Table: 'Expresso Nitro(626908365)#0' 3-max (real money) Seat #2 is the button
Seat 2: roseFuret84 (602)
Seat 3: _SKR (298)
*** ANTE/BLINDS ***
roseFuret84 posts small blind 40
_SKR posts big blind 80
Dealt to _SKR [2d Th]
*** PRE-FLOP *** 
roseFuret84 calls 40
_SKR checks
*** FLOP *** [As Jh 5s]
_SKR checks
roseFuret84 checks
*** TURN *** [As Jh 5s][Ts]
_SKR checks
roseFuret84 checks
*** RIVER *** [As Jh 5s Ts][Td]
_SKR bets 218 and is all-in
roseFuret84 folds
_SKR collected 378 from pot
*** SUMMARY ***
Total pot 378 | No rake
Board: [As Jh 5s Ts Td]
Seat 3: _SKR (big blind) won 378


Winamax Poker - Tournament "Expresso Nitro" buyIn: 0.93€ + 0.07€ level: 5 - HandId: #2692550925263831041-22-1674830487 - Holdem no limit (40/80) - 2023/01/27 14:41:27 UTC
Table: 'Expresso Nitro(626908365)#0' 3-max (real money) Seat #3 is the button
Seat 2: roseFuret84 (522)
Seat 3: _SKR (378)
*** ANTE/BLINDS ***
_SKR posts small blind 40
roseFuret84 posts big blind 80
Dealt to _SKR [Ac 7c]
*** PRE-FLOP *** 
_SKR raises 298 to 378 and is all-in
roseFuret84 folds
_SKR collected 458 from pot
*** SUMMARY ***
Total pot 458 | No rake
Seat 3: _SKR (small blind) (button) won 458


Winamax Poker - Tournament "Expresso Nitro" buyIn: 0.93€ + 0.07€ level: 5 - HandId: #2692550925263831041-23-1674830497 - Holdem no limit (40/80) - 2023/01/27 14:41:37 UTC
Table: 'Expresso Nitro(626908365)#0' 3-max (real money) Seat #2 is the button
Seat 2: roseFuret84 (442)
Seat 3: _SKR (458)
*** ANTE/BLINDS ***
roseFuret84 posts small blind 40
_SKR posts big blind 80
Dealt to _SKR [7c 4d]
*** PRE-FLOP *** 
roseFuret84 calls 40
_SKR checks
*** FLOP *** [Kc 8d 3c]
_SKR checks
roseFuret84 bets 362 and is all-in
_SKR folds
roseFuret84 collected 522 from pot
*** SUMMARY ***
Total pot 522 | No rake
Board: [Kc 8d 3c]
Seat 2: roseFuret84 (small blind) (button) won 522


Winamax Poker - Tournament "Expresso Nitro" buyIn: 0.93€ + 0.07€ level: 6 - HandId: #2692550925263831041-24-1674830526 - Holdem no limit (50/100) - 2023/01/27 14:42:06 UTC
Table: 'Expresso Nitro(626908365)#0' 3-max (real money) Seat #3 is the button
Seat 2: roseFuret84 (522)
Seat 3: _SKR (378)
*** ANTE/BLINDS ***
_SKR posts small blind 50
roseFuret84 posts big blind 100
Dealt to _SKR [4s Ts]
*** PRE-FLOP *** 
_SKR folds
roseFuret84 collected 150 from pot
*** SUMMARY ***
Total pot 150 | No rake
Seat 2: roseFuret84 (big blind) won 150


Winamax Poker - Tournament "Expresso Nitro" buyIn: 0.93€ + 0.07€ level: 6 - HandId: #2692550925263831041-25-1674830533 - Holdem no limit (50/100) - 2023/01/27 14:42:13 UTC
Table: 'Expresso Nitro(626908365)#0' 3-max (real money) Seat #2 is the button
Seat 2: roseFuret84 (572)
Seat 3: _SKR (328)
*** ANTE/BLINDS ***
roseFuret84 posts small blind 50
_SKR posts big blind 100
Dealt to _SKR [9s Ks]
*** PRE-FLOP *** 
roseFuret84 folds
_SKR collected 150 from pot
*** SUMMARY ***
Total pot 150 | No rake
Seat 3: _SKR (big blind) won 150


Winamax Poker - Tournament "Expresso Nitro" buyIn: 0.93€ + 0.07€ level: 6 - HandId: #2692550925263831041-26-1674830537 - Holdem no limit (50/100) - 2023/01/27 14:42:17 UTC
Table: 'Expresso Nitro(626908365)#0' 3-max (real money) Seat #3 is the button
Seat 2: roseFuret84 (522)
Seat 3: _SKR (378)
*** ANTE/BLINDS ***
_SKR posts small blind 50
roseFuret84 posts big blind 100
Dealt to _SKR [8h As]
*** PRE-FLOP *** 
_SKR raises 278 to 378 and is all-in
roseFuret84 calls 278
*** FLOP *** [5c Ks Ac]
*** TURN *** [5c Ks Ac][Ts]
*** RIVER *** [5c Ks Ac Ts][3c]
*** SHOW DOWN ***
roseFuret84 shows [4d Jh] (High card : Ace)
_SKR shows [8h As] (One pair : Aces)
_SKR collected 756 from pot
*** SUMMARY ***
Total pot 756 | No rake
Board: [5c Ks Ac Ts 3c]
Seat 2: roseFuret84 (big blind) showed [4d Jh] and lost with High card : Ace
Seat 3: _SKR (small blind) (button) showed [8h As] and won 756 with One pair : Aces


Winamax Poker - Tournament "Expresso Nitro" buyIn: 0.93€ + 0.07€ level: 6 - HandId: #2692550925263831041-27-1674830549 - Holdem no limit (50/100) - 2023/01/27 14:42:29 UTC
Table: 'Expresso Nitro(626908365)#0' 3-max (real money) Seat #2 is the button
Seat 2: roseFuret84 (144)
Seat 3: _SKR (756)
*** ANTE/BLINDS ***
roseFuret84 posts small blind 50
_SKR posts big blind 100
Dealt to _SKR [7s Ks]
*** PRE-FLOP *** 
roseFuret84 raises 44 to 144 and is all-in
_SKR calls 44
*** FLOP *** [8c 9c 6s]
*** TURN *** [8c 9c 6s][2c]
*** RIVER *** [8c 9c 6s 2c][Js]
*** SHOW DOWN ***
_SKR shows [7s Ks] (High card : King)
roseFuret84 shows [4d 8h] (One pair : 8)
roseFuret84 collected 288 from pot
*** SUMMARY ***
Total pot 288 | No rake
Board: [8c 9c 6s 2c Js]
Seat 2: roseFuret84 (small blind) (button) showed [4d 8h] and won 288 with One pair : 8
Seat 3: _SKR (big blind) showed [7s Ks] and lost with High card : King


Winamax Poker - Tournament "Expresso Nitro" buyIn: 0.93€ + 0.07€ level: 7 - HandId: #2692550925263831041-28-1674830563 - Holdem no limit (60/120) - 2023/01/27 14:42:43 UTC
Table: 'Expresso Nitro(626908365)#0' 3-max (real money) Seat #3 is the button
Seat 2: roseFuret84 (288)
Seat 3: _SKR (612)
*** ANTE/BLINDS ***
_SKR posts small blind 60
roseFuret84 posts big blind 120
Dealt to _SKR [2c 6c]
*** PRE-FLOP *** 
_SKR raises 492 to 612 and is all-in
roseFuret84 calls 168 and is all-in
*** FLOP *** [Kc Tc 5c]
*** TURN *** [Kc Tc 5c][2s]
*** RIVER *** [Kc Tc 5c 2s][As]
*** SHOW DOWN ***
roseFuret84 shows [Ts 7h] (One pair : Tens)
_SKR shows [2c 6c] (Flush King high)
_SKR collected 900 from pot
*** SUMMARY ***
Total pot 900 | No rake
Board: [Kc Tc 5c 2s As]
Seat 2: roseFuret84 (big blind) showed [Ts 7h] and lost with One pair : Tens
Seat 3: _SKR (small blind) (button) showed [2c 6c] and won 900 with Flush King high


